2555 4266
775 176 884 218 ET
967 175 1227 217 ACTA
1311 146 1778 221 PUBLICA.

26 258 103 291 Ann.
113 246 154 291 D.
169 269 267 294 eontra
284 258 356 294 Vim
369 278 380 300 5
405 260 540 292 Formam
561 260 594 291 &
610 259 757 292 Effectum
777 260 940 292 earumdem
961 261 1084 292 Subditis
1098 260 1211 300 alicujus

45 297 131 340 1438.
166 300 309 332 distarum
324 299 449 330 Partium
462 298 491 329 su
512 308 541 328 er
557 299 640 330 Mare
654 301 826 338 attemptari,
841 300 938 330 licebit
950 299 993 330 Illi
1006 300 1052 330 vel
1059 299 1208 335 Illis‚con-

27 341 92 365 Hm.
106 337 135 367 6.
167 346 209 369 tra
223 347 308 377 quern
322 337 424 375 aliquid
438 336 477 367 fic

35 2708 112 2737 *X.

33 2751 101 2785 693.

524 338 575 367 erit
589 346 803 376 attemptatum,
821 347 913 375 petere
927 338 960 368 δε
976 339 1105 368 obtinere
1120 336 1213 373 Repa-

165 378 300 407 rationem
326 375 371 405 seu
396 374 618 405 Restitutionem
654 376 893 414 Attemptatorum
922 375 1082 413 hujusmodi
1112 383 1210 416 cora-m

163 413 414 446 Conservatoribus
434 413 598 444 earumdem
618 412 799 451 Treiigarum
828 422 875 444 aut
898 413 1046 444 Gardianis
1069 411 1210 442 Marchia-

164 461 246 490 rum,
263 458 346 489 prout
362 452 454 488 magis
463 452 514 482 fibi
528 452 667 482 videbitur
679 452 817 492 expedire.
1039 487 1044 492 ⁸
1061 488 1065 492 Ι

201 489 248 521 Ιτ
258 499 276 520 Ε
285 497 331 527 M,
348 489 368 520 fi
382 489 466 527 aliqui
480 489 516 520 de
530 500 584 521 una
596 499 672 528 parte
687 491 798 527 capiant
810 488 922 526 aliquod
945 487 1117 530 Fortalitium
1131 485 1209 529 super

164 527 246 559 aliam
263 526 376 558 Partem
387 550 398 565 ,
415 526 476 565 Ipse
490 550 500 567 ‚
517 528 595 568 super
611 529 644 559 &
662 527 789 558 adversus
803 537 887 564 quem
909 524 1067 568 hujusmodi
1083 524 1206 568 Fortalli-

162 568 235 598 tium
255 570 371 603 captum
392 565 490 604 fuerit,
508 567 607 604 poterit
629 565 695 595 illud
720 565 899 602 Recuperare
914 574 961 601 per
974 573 1050 594 viam
1064 563 1142 606 Fausti
1164 562 1209 605 vel

162 605 238 635 aliter
252 614 368 642 quoquo
382 604 488 643 modo,
501 613 587 642 prout
601 603 697 634 melius
712 604 814 641 poterit
831 625 840 639 ‚
856 603 889 632 &
906 603 989 632 etiam
1003 609 1105 647 poterit
1119 600 1209 631 Puni-

163 652 193 673 re
207 642 405 674 Malefacssffioes
418 644 447 672 in
460 652 493 673 ea
542 650 582 672 rte
603 641 758 671 secundum
774 642 816 671 exi
838 642 941 670 entiam
956 639 1044 670 Casus
1063 649 1069 667 ε
1084 640 1117 669 &
1132 648 1209 669 tene-

163 681 266 711 buntur
279 680 494 711 Conservatores
535 681 597 710 artis
608 679 677 709 illius
692 701 701 716 ‚
719 679 796 716 cujus
832 678 941 708 ubditus
962 678 1140 708 Fortalitium
1155 677 1208 706 hu-

158 718 281 757 jusmodi
302 729 336 750 ce
357 720 407 749 erit
421 740 432 756 ,
449 718 617 748 Succurrere
637 717 672 747 &
689 717 789 756 Juvare
810 716 898 754 ipsum
914 739 923 755 ,
949 715 1027 754 super
1039 716 1072 746 &
1087 715 1211 746 adversus

162 767 251 796 quem
266 757 333 796 huju
345 756 423 787 modi
446 755 620 786 Fortalitiurn
634 754 761 792 Captum
776 754 913 792 fuerit,ad
929 755 1017 792 ipsum
1032 753 1211 791 Recuperan·

160 796 232 826 dum
264 795 408 826 uamcitius
423 794 457 824 &
471 794 557 833 quam
573 793 734 830 diligentius
746 795 864 831 poterit,
883 792 1046 830 Sumptibus
1058 792 1212 830 ipsiusPar—

162 835 198 865 tis
212 834 242 864 O
283 833 404 864 ridentis:
423 830 486 870 vel,
504 832 523 862 si
539 833 629 868 magis
643 833 792 870 placuerit,
810 831 865 869 ipse
880 831 957 868 super
970 840 1054 868 quem
1069 831 1211 868 hujusmo-

164 873 194 903 di
209 872 378 903 Fortalitium
393 868 516 907 Captum
532 869 617 900 fuerit
630 893 641 908 ,
658 869 812 908 Requirere
826 871 928 907 poterit
941 869 973 900 δε
987 869 1134 900 Summare
1149 867 1211 898 Re-

162 919 233 948 gem
247 909 281 940 &
296 907 510 939 Conservatores
522 908 631 938 alterius
645 907 731 938 Partis
743 931 752 947 ,
770 908 815 939 ieu
829 917 928 938 eorum
945 908 1117 945 Deputatos,
1133 906 1210 945 quod

166 949 219 979 fibi
235 946 329 977 Reddi
344 946 446 977 faciant
460 947 493 977 δε
508 945 628 977 Restitui
646 946 756 977 dietum
775 948 856 977 suurn
872 946 1046 977 Fortalitium
1056 968 1065 984 ‚
1082 948 1116 977 &
1132 947 1211 982 illos,

163 987 214 1019 oui
229 985 401 1016 Fortalitium
414 984 572 1023 hujusmodi
586 986 713 1023 ceperint
725 985 905 1023 Puniendos3
922 984 999 1023 quod
1012 985 1062 1022 ipsi
1077 993 1128 1021 pro
1147 983 1214 1013 Pos-

162 1026 192 1070 .st
205 1024 297 1068 facere
310 1024 343 1055 &
357 1023 527 1062 perimplere
540 1024 705 1055 tenebuntur
719 1023 821 1063 absque
836 1023 932 1055 fraude
944 1047 954 1061 ,
969 1023 1038 1054 dolo
1051 1045 1061 1062 ,
1077 1030 1125 1053 aut
1137 1021 1214 1052 malo

159 1073 169 1094 i
208 1072 286 1093 enio.

221 1109 244 1131 'r
254 1109 272 1130 Ε
283 1108 329 1139 M,
346 1098 564 1132 Concordatum
578 1100 618 1131 est
633 1101 725 1139 quod,
741 1101 761 1131 si
776 1101 859 1140 aliqui
871 1110 905 1131 ex
920 1099 1046 1131 Vaffallis
1061 1099 1158 1136 Ligeis
1169 1104 1215 1127 aut

158 1138 285 1170 Subditis
299 1139 379 1170 unius
393 1138 518 1170 Partium
532 1140 727 1177 praediCtarum
743 1139 922 1176 Deliquerint
937 1139 965 1168 in
978 1136 1215 1180 Territorioalte-

163 1179 219 1208 rius
231 1177 337 1216 Partis,
356 1176 437 1208 lioeat
452 1177 543 1216 Parti,
562 1179 590 1207 in
605 1179 683 1216 cujus
696 1177 727 1208 T
729 1178 856 1208 erritorio
872 1177 910 1207 fic
927 1176 1121 1214 Deliquerint,
1142 1173 1214 1212 ipsos

163 1216 275 1254 Capere
292 1216 326 1247 &
339 1215 443 1246 Punire
462 1215 617 1247 secundum
639 1217 732 1253 Leges
754 1215 853 1246 Patriae
874 1217 903 1245 in
917 1224 970 1253 qua
986 1215 1164 1252 Deliquerint
1176 1213 1212 1256 βε.

163 1255 335 1292 exigentiam
355 1253 464 1284 Deliffl
485 1265 534 1292 per
556 1254 626 1292 ipsos
646 1254 789 1285 commiffi
803 1253 847 1284 seu
864 1255 1029 1291 perpetrati,
1046 1252 1077 1283 Si
1090 1261 1159 1282 vero
1174 1251 1213 1294 illi

165 1293 204 1324 sic
220 1292 306 1333 Capti
319 1302 379 1323 non
394 1292 496 1323 fuerint
509 1315 519 1330 ,
537 1300 565 1322 ut
579 1294 745 1330 praemittiur
761 1314 772 1331 ‚
789 1292 828 1323 set
842 1292 868 1323 se
882 1293 1042 1322 retraxerint
1055 1291 1091 1321 de
1106 1291 1213 1320 Domi-

166 1333 217 1362 nio
237 1331 316 1369 ipsius
338 1330 429 1368 Regis
448 1332 525 1369 cujus
545 1330 605 1361 sunt
617 1331 745 1369 Subditi,
762 1330 978 1361 Conservatores
992 1330 1061 1360 illius
1070 1329 1157 1359 Partis
1170 1337 1214 1358 re—

165 1369 257 1407 quisiti
269 1370 436 1400 tenebuntur
453 1369 582 1399 Liberare
596 1368 728 1399 Personas
749 1369 906 1407 hujusmodi
927 1368 1148 1398 Malefadmrum
1163 1376 1215 1409 pu-

166 1409 281 1439 niendas
294 1431 304 1447 ,
320 1416 351 1438 ut
369 1406 514 1447 praefertur
526 1430 536 1446 ‚
554 1406 805 1438 Conservatoribus
824 1408 933 1437 alterius
950 1407 1035 1437 Partis
1050 1407 1106 1436 hoc
1119 1414 1213 1449 requi-

168 1448 253 1478 rentis
264 1469 274 1485 ,
290 1453 335 1476 aut
350 1455 448 1476 eorum
461 1445 611 1483 Deputatis
626 1447 655 1476 in
671 1445 800 1476 Marchia
814 1446 862 1475 ubi
877 1445 1053 1483 Deliquerint
1069 1456 1078 1481 3
1096 1443 1126 1474 Si
1142 1451 1212 1473 vero

167 1485 255 1516 iidem
277 1483 476 1515 Malefaetores
496 1485 523 1514 se
543 1484 742 1515 occultaverint
758 1506 767 1522 ‚
783 1484 966 1521 latitaverint,
982 1483 1027 1513 seu
1042 1482 1215 1518 effugerint,

164 1524 204 1554 ita
216 1531 247 1554 ut
262 1522 336 1561 Capi
349 1532 407 1552 non
422 1521 523 1559 posfint
531 1544 541 1559 ‚
556 1522 620 1553 Rex
633 1545 643 1562 ,
664 1524 740 1561 cujus
754 1522 867 1553 Subditi
881 1523 1019 1552 extiterint
1033 1544 1042 1558 ,
1059 1521 1144 1551 debet
1165 1529 1214 1563 eos

163 1570 233 1592 mox
241 1570 291 1599 pro
297 1568 433 1599 perpetuo
441 1560 464 1590 F
464 1561 611 1592 orbannire
625 1561 662 1592 ab
669 1562 801 1591 omnibus
810 1561 895 1591 Locis
902 1561 957 1591 suae
964 1560 1065 1591 ditioni
1072 1558 1200 1597 subjecslis
1209 1580 1218 1594 ,

164 1608 238 1638 quos
251 1607 355 1630 eiitunc
367 1598 444 1629 nullo
457 1608 581 1637 unquam
595 1608 723 1638 tempore
739 1599 893 1637 Reffiruer,
907 1610 927 1630 n
964 1609 999 1629 ue
1014 1599 1159 1636 permittet
1172 1598 1214 1627 in-

164 1637 244 1675 gredi
267 1636 311 1667 vel
333 1636 492 1668 Inhabitare
515 1637 595 1669 Loca
613 1661 623 1675 ,
650 1647 680 1669 ut
693 1637 834 1676 praefertur
848 1660 859 1676 ,
876 1638 930 1668 suae
980 1638 1059 1667 itiorii
1076 1635 1214 1674 subjedta,

164 1676 217 1706 nisi
233 1673 432 1706 Malefaffimres
446 1675 496 1714 ipsi
512 1677 586 1714 prius
600 1676 732 1707 subierint
742 1676 881 1715 Justitiam
897 1699 906 1714 ,
925 1677 958 1708 &
972 1676 1055 1716 plene
1070 1673 1217 1717 Satisfece-

163 1715 220 1744 rint
239 1713 315 1745 alteri
332 1713 426 1750 Parti,
444 1723 544 1745 contra
564 1725 649 1754 quam
672 1715 709 1746 sic
731 1716 972 1752 attemptaverint,
990 1714 1026 1744 de
1041 1714 1217 1755 Attemptatis

164 1751 326 1790 hujusmodi
337 1752 393 1783 sive
408 1751 527 1783 Deiiffis
540 1763 590 1792 per
605 1753 677 1791 ipibs
692 1761 722 1784 ut
737 1753 881 1791 praefertur
896 1753 1069 1791 perpetratis‚·
1090 1750 1141 1788 Et,
1150 1750 1215 1794 licet

167 1791 267 1829 aliquis
279 1790 339 1822 talis
352 1790 523 1822 Malefaetor
544 1792 582 1822 sic
606 1792 736 1823 Bannitus
752 1792 833 1823 fuerit
848 1814 858 1829 ,
875 1791 918 1822 seu
933 1790 1035 1830 absque
1050 1790 1213 1821 Bannitione

164 1827 204 1860 fic
219 1837 249 1860 ut
265 1829 411 1869 praefertur
426 1828 533 1868 Captus
553 1831 688 1868 extiterit,
705 1831 888 1861 nihilominus
908 1831 1076 1860 tenebuntur
1089 1826 1215 1858 Conser-

165 1875 273 1899 vatores
284 1867 372 1899 Partis
386 1868 472 1907 illius,
489 1868 568 1906 cujus
582 1869 660 1900 idem
676 1868 845 1900 MaleFaetor
862 1868 994 1898 Subditus
1009 1865 1214 1903 extiterit‚Re-

165 1915 263 1944 parare
282 1906 454 1944 Attemptata
476 1906 512 1937 de
531 1907 615 1938 Bonis
628 1907 787 1945 hujusmodi
810 1906 999 1937 Maiefaetoris
1012 1929 1021 1944 ,
1038 1914 1170 1944 quatenus
1188 1904 1214 1934 se

165 1944 312 1976 eittendere
329 1953 476 1983 poterunt3
491 1945 521 1975 Si
537 1949 608 1976 vero
622 1946 700 1976 idem
715 1944 884 1976 Malefaetor
899 1968 909 1983 ,
926 1945 964 1975 fic
979 1954 1075 1982 captus
1094 1943 1150 1974 sive
1165 1942 1214 1973 de-

165 1983 398 2021 prehensus,non
412 1984 510 2014 habeat
521 1985 549 2014 in
565 1983 649 2015 Bonis
664 1984 740 2015 unde
752 1984 903 2015 satisfacere
917 1983 1059 2022 valeat,in
1073 1983 1131 2012 hoc
1143 1980 1217 2019 casu,

163 2030 203 2052 eo
215 2023 323 2059 gravius
338 2023 467 2060 punietur
481 2022 584 2053 &luet
597 2024 626 2053 in
640 2021 788 2061 Corpore:
808 2022 846 2053 Et
858 2023 1029 2061 quicumque
1044 2020 1217 2063 Malefadtof

164 2069 228 2091 rem
242 2059 400 2100 hujusmodi
414 2059 529 2091 scienter
542 2060 757 2099 Receptaverit,
773 2060 915 2092 Celaverit
929 2083 939 2099 ,
955 2068 1001 2091 aut
1015 2059 1174 2090 Consilium
1191 2068 1218 2089 ei

165 2098 292 2138 dederit,
310 2098 473 2137 Auxilium,
489 2099 533 2130 seu
548 2099 688 2130 Favorem
697 2122 708 2138 ,
725 2100 760 2130 ad
773 2099 894 2130 eandem
907 2100 936 2129 in
951 2099 1097 2129 Omnibus
1106 2097 1218 2128 Satisfa-

169 2137 301 2168 ctionem
319 2138 353 2170 &
371 2136 491 2168 Poenam
507 2139 662 2176 tenebitur,
677 2138 712 2169 ad
727 2148 810 2177 quam
825 2137 983 2169 faciendam
998 2139 1031 2169 &
1044 2136 1218 2168 subeundam

162 2184 305 2208 teneretur
317 2175 477 2213 hujusmodi
495 2175 667 2208 Malefadmr
681 2177 701 2208 si
714 2177 804 2216 postet
815 2176 995 2215 apprehendi.

200 2210 246 2245 LT
256 2223 274 2245 E
285 2222 329 2253 M,
347 2213 426 2252 quod
435 2237 444 2252 ‚
463 2214 481 2244 fi
498 2217 509 2248 (
516 2217 593 2253 quod
607 2215 695 2253 absit)
709 2215 808 2256 aliquid
822 2217 852 2245 in
865 2216 1040 2246 contrarium
1054 2212 1219 2245 Praemisso-

164 2262 228 2283 rum
242 2252 288 2283 seu
304 2253 481 2291 praesentium
494 2252 678 2287 Treugarum
695 2262 743 2285 aut
756 2254 874 2291 alicujus
890 2253 977 2284 Partis
991 2253 1154 2284 earumdem
1171 2263 1218 2292 per

163 2290 289 2322 Terram
309 2290 461 2329 (Exceptis
476 2292 551 2329 prius
567 2291 717 2331 Exceptis)
737 2293 793 2323 five
807 2302 856 2330 per
872 2292 955 2322 Mare
968 2291 1026 2322 fieri
1038 2292 1083 2322 vel
1096 2300 1217 2330 attemp-

164 2331 216 2360 tari
230 2331 400 2370 contigerit,
414 2339 464 2367 per
478 2330 535 2360 hoc
551 2339 644 2361 tamen
660 2330 804 2368 praesentes
818 2331 946 2368 Treugae
961 2340 1021 2361 non
1033 2339 1131 2369 erunt,
1150 2341 1218 2362 ceri-

163 2367 315 2406 sebuntur,
327 2377 374 2399 aut
395 2369 597 2406 reputabuntur
617 2368 725 2407 Ruptae
740 2392 748 2408 ,
769 2369 874 2400 Fractae
889 2391 898 2407 ,
915 2368 959 2399 vel
981 2368 1140 2399 Adnullatae
1154 2381 1165 2408 ·,
1182 2369 1220 2400 set

162 2407 370 2437 nichilominus
393 2407 419 2436 in
439 2406 488 2437 suo
510 2407 630 2437 Robore
644 2409 846 2444 permanebunt
861 2408 894 2438 &
910 2407 1036 2445 Vigore,
1054 2418 1108 2438 nec
1122 2407 1218 2438 Guer-

164 2455 205 2475 rae
217 2454 269 2485 pro
286 2454 321 2475 eo
338 2445 396 2476 fieti
410 2444 514 2476 debent
529 2446 565 2476 ab
582 2455 635 2476 una
645 2445 726 2476 Parte
743 2446 787 2476 vel
801 2446 838 2476 ab
853 2445 934 2476 altera
944 2469 954 2484 ,
972 2455 1025 2476 nec
1041 2445 1135 2476 Prisiae
1151 2446 1217 2477 Per-

162 2483 293 2514 sonarum
312 2505 321 2521 ,
338 2493 393 2514 nec
409 2481 621 2514 Destruetiones
643 2484 698 2514 five
713 2483 865 2522 Captiones
881 2484 1025 2514 Bonorum
1035 2506 1044 2521 ,
1061 2494 1114 2514 nec
1129 2484 1216 2515 Obsi-

163 2521 262 2553 diones
275 2521 417 2553 Villai·um
438 2531 485 2552 aut
508 2522 673 2553 Castrorum
689 2533 735 2553 aut
757 2523 966 2553 Fortalitiorum
980 2545 989 2560 ,
1014 2532 1068 2552 nec
1083 2522 1219 2553 Homici-

163 2560 228 2599 dia,
248 2560 382 2592 Murthra
395 2583 405 2599 ,
426 2561 514 2592 aliave
535 2571 721 2601 quaecumque
745 2562 774 2591 in
798 2563 970 2592 contrarium
989 2561 1220 2600 Praemifforum,

163 2609 180 2629 a
196 2609 381 2638 quocumque
395 2603 553 2637 attemptari
566 2600 622 2630 sive
637 2600 807 2638 committi,
825 2600 868 2630 sed
885 2599 1094 2637 Reparabuntur
1109 2600 1140 2630 &
1157 2599 1220 2630 Re-

164 2647 304 2675 ponentur
319 2639 346 2668 in
364 2637 474 2668 Statum
490 2638 638 2676 pristinum
654 2640 687 2671 &
702 2639 832 2669 debitum
850 2637 1007 2677 Maleficia‚
1028 2639 1218 2677 Attemptata,

164 2678 198 2708 δε
212 2675 374 2715 Interprisiae
394 2676 553 2714 hujusmodi
568 2687 754 2716 quaecumque
770 2687 817 2714 per
837 2675 1053 2707 Conservatores
1069 2677 1103 2707 &
1125 2676 1220 2706 Corn-

166 2715 301 2746 missarios
316 2715 386 2745 illius
405 2715 423 2735 '¹‘
442 2714 531 2746 Partis
545 2739 556 2754 ,
576 2716 654 2754 cujus
675 2715 785 2746 Subditi
805 2716 843 2746 sic
859 2716 1084 2753 attemptaverint
1097 2737 1106 2753 ,
1122 2714 1218 2746 offen-

168 2753 260 2784 derint
274 2776 284 2791 ,
302 2753 348 2783 seu
371 2752 560 2784 malefecerint
571 2776 581 2792 ,
600 2755 645 2784 vel
660 2755 722 2784 alias
735 2753 887 2784 secundum
903 2754 1024 2784 modum
1041 2753 1162 2791 superius
1175 2764 1218 2785 re-

166 2792 303 2829 citatum;
320 2792 453 2829 quivero
469 2800 570 2823 contra
590 2791 686 2824 fecerit
706 2793 716 2829 (
725 2792 873 2829 videlicet)
893 2792 1044 2822 Movendo
1060 2792 1219 2831 Guerram,

164 2830 209 2860 seu
226 2829 411 2867 obsidendo,
428 2829 609 2868 Invadendo,
627 2840 674 2861 aut
689 2831 838 2871 Capiendo
847 2830 931 2860 Villas
944 2831 988 2861 vel
1006 2831 1218 2869 Fortalitia,aut

164 2868 307 2899 Faciendo
323 2867 491 2899 Homicidia
505 2868 560 2898 five
575 2868 705 2899 Murthra
721 2892 730 2908 ,
756 2878 868 2907 propter
882 2869 995 2907 aliquod
1010 2869 1217 2907 Attemptatum

162 2916 197 2937 ex
214 2905 294 2937 Parte
307 2907 388 2936 altera
404 2929 414 2945 ‚
435 2915 482 2937 aut
504 2916 603 2944 praeter
621 2907 828 2938 Auctoritatem
844 2909 877 2939 δε
890 2907 1045 2938 Decretum
1061 2907 1219 2938 Conserva-

162 2953 275 2983 torum,
293 2945 425 2975 faciendo
446 2944 544 2975 Prisias
567 2945 768 2985 Personarum,
787 2955 833 2976 aut
848 2945 1062 2977 Destrudtiones
1077 2946 1121 2976 seu
1138 2946 1217 2984 Cap-

163 2985 253 3014 tiones
268 2983 415 3014 Bonorum
429 3006 439 3021 ,
459 2993 494 3014 eo
508 2983 566 3022 ipso
580 2983 659 3014 cadat
672 2995 686 3015 a
702 2984 790 3015 Causa
805 2983 849 3014 sua
867 3007 877 3022 ,
901 2985 935 3015 ὃ(
949 2984 1149 3015 nichilominus
1166 2995 1217 3023 pu-

162 3023 255 3052 nietur
267 3023 340 3060 juxta
354 3021 463 3052 Delicti
476 3022 516 3052 sui
530 3023 702 3059 exigentiam
713 3033 765 3060 ,ac
780 3022 920 3053 Restituet
934 3023 967 3053 ὃς
986 3022 1136 3060 Reparabit
1150 3026 1217 3054 alte-

163 3061 188 3089 ri
205 3061 280 3091 Parti
294 3069 383 3091 omne
396 3060 463 3092 illud
476 3062 505 3090 in
525 3071 584 3098 quo
602 3062 687 3091 etiarn
706 3061 801 3091 laeserit
819 3062 852 3092 &
870 3063 973 3098 ceperit
986 3062 1023 3091 ab
1036 3061 1142 3091 eadem.

201 3097 328 3136 ITEM,
348 3099 427 3136 quod
443 3121 453 3137 ,
472 3099 490 3129 si
506 3099 601 3138 aliquis
622 3099 805 3130 Subditorum
827 3101 907 3129 unius
930 3099 1043 3138 Regum
1060 3100 1215 3136 praedidio-

163 3146 228 3167 rum
245 3136 403 3168 Contrahat
417 3137 461 3168 vel
476 3138 568 3176 quasi,
584 3137 629 3168 seu
646 3138 798 3175 Delinquat
815 3137 858 3168 vel
874 3137 1042 3176 quaii,infra
1057 3138 1214 3178 Regnum,

161 3174 281 3206 Terram
291 3198 301 3213 ,
318 3175 373 3206 sive
389 3175 564 3206 Dominium
578 3176 649 3207 illius
662 3186 695 3206 ex
710 3176 835 3214 Regibus
850 3177 928 3214 cujus
942 3176 1018 3206 idem
1035 3175 1215 3209 Contrahens

161 3213 206 3244 vel
222 3213 398 3252 Delinquens
411 3215 451 3245 est
460 3214 611 3253 Subditus,
630 3216 773 3246 &extunc
790 3224 840 3252 pro
856 3214 969 3245 vitanda
978 3214 1090 3253 Justitia
1105 3215 1141 3247 Se
1150 3216 1213 3246 sub-

161 3251 248 3283 trahat
271 3253 304 3283 &
324 3251 441 3290 effugiat
463 3253 498 3283 in'
518 3253 634 3283 Locum
648 3263 856 3291 quemcumque
872 3253 1024 3283 Subditum
1043 3254 1098 3284 sive
1112 3254 1214 3293 Subje-

161 3289 244 3321 etum
266 3291 344 3321 alteri
362 3300 397 3321 ex
419 3291 522 3322 eisdem
548 3291 674 3331 Regibus
694 3292 772 3330 cujus
791 3291 938 3329 subjeetus
951 3302 1008 3321 non
1022 3293 1162 3330 eXtiterat,
1179 3295 1212 3324 δε

160 3326 218 3358 illic
232 3328 360 3359 deveniat
373 3329 479 3360 Homo
500 3329 583 3366 ligius
605 3330 674 3360 illius
692 3329 794 3370 Regis,
811 3330 1013 3360 nichilominus
1028 3332 1214 3368 compelletur

159 3364 195 3395 ad
210 3365 451 3404 Responderidum
467 3391 476 3406 ‚
494 3368 528 3398 &
547 3368 778 3399 Satisfaciendum
797 3390 806 3405 ,
823 3378 856 3399 ac
870 3369 1054 3398 Subeundum
1072 3369 1212 3407 justitiam

162 3402 198 3433 de
207 3402 317 3435 Debito
329 3405 373 3435 seu
383 3406 499 3437 Delieto
513 3406 562 3436 suo
574 3407 731 3445 hujusmodi
747 3417 844 3437 coram
854 3406 1106 3438 Conservatoribus
1115 3408 1208 3439 Treu-

162 3449 258 3479 garum
272 3444 408 3483 utriusque
420 3444 508 3475 Partis
521 3443 564 3475 seu
579 3455 678 3475 eorum
693 3445 859 3483 DeputatiS,
877 3448 958 3483 aeque
974 3454 1005 3475 ut
1018 3445 1210 3478 Satisfaeturus

158 3482 193 3522 ὃς
206 3479 350 3512 Subiturus
364 3482 456 3513 fuiss'et
468 3483 486 3513 fi
503 3484 687 3518 permansisset
701 3483 750 3514 sub
772 3483 840 3514 Fide
856 3484 888 3514 &
906 3484 1048 3520 Ligeantia
1063 3485 1133 3515 illius
1148 3485 1210 3516 Re-

158 3526 199 3556 gis
213 3518 292 3561 cujus
306 3519 426 3550 Terram
442 3522 474 3551 &
488 3521 666 3552 Dominium
681 3521 801 3560 effugit,
819 3522 837 3552 si
853 3525 922 3552 vero
939 3524 966 3551 in
981 3521 1036 3552 sola
1050 3522 1125 3562 Fuga
1140 3534 1210 3561 pi'ae-

160 3557 277 3593 steterit,
301 3566 355 3587 nec
376 3566 470 3589 tamen
494 3559 639 3590 devenerit
658 3560 763 3590 Homo
785 3562 873 3597 ligetis
895 3560 964 3590 illius
988 3561 1073 3599 Regis
1088 3563 1117 3591 in
1133 3563 1211 3600 cujus

159 3594 279 3637 Terram
287 3594 331 3637 .s¹.c
345 3596 476 3633 confugit
490 3619 500 3634 ,
517 3607 552 3627 eo
572 3598 646 3629 Casu
667 3598 839 3629 Remittetur
854 3600 887 3630 ὃς
906 3598 1075 3629 Restituetur
1089 3600 1126 3630 illi
1138 3600 1212 3631 Parti

162 3642 241 3670 cujus
257 3632 357 3675 Ligius
373 3634 406 3663 &
417 3634 550 3666 Subditus
561 3638 667 3673 iuerat,
682 3647 734 3674 pro
744 3636 855 3675 Justitia
869 3637 904 3666 de
920 3647 956 3666 eo
972 3646 1054 3675 prout
1068 3638 1117 3667 sibi
1133 3639 1210 3668 vide-

164 3672 240 3701 bitur
252 3669 395 3707 faCiendai,
412 3672 431 3701 si
447 3676 517 3702 vero
533 3674 627 3714 aliquis
643 3674 828 3705 Subditorum
840 3676 918 3704 unius
934 3675 1047 3714 Regum
1059 3676 1212 3712 praediito-

164 3719 226 3739 rum
242 3708 268 3739 se
283 3708 426 3751 Subtrahat
439 3710 468 3739 in
483 3709 617 3750 Regnum
631 3712 678 3743 seu
693 3713 869 3743 Dominium
882 3713 989 3743 alterius
1006 3722 1135 3751 tanquam
1155 3715 1210 3745 Fu-

165 3749 270 3785 gitivus
281 3770 292 3786 ,
312 3746 442 3776 Proditor
457 3770 466 3783 ,
482 3756 527 3778 aut
543 3749 666 3780 Rebellis
679 3773 688 3789 ,
706 3753 739 3782 &
755 3750 862 3780 ibidem
880 3752 1026 3788 recipiatur
1041 3750 1091 3781 sub
1106 3752 1211 3783 affecu-

135 3817 139 3820 Δ
164 3787 251 3816 rantia
265 3793 309 3815 aut
324 3785 396 3815 salvo
414 3784 569 3816 Conduetu
579 3809 588 3824 ,
607 3787 673 3818 Rex
686 3789 730 3818 ille
746 3811 756 3826 ,
769 3789 814 3819 seu
831 3789 888 3826 ejus
903 3789 1073 3827 Cardianus,
1093 3791 1137 3820 vel
1152 3793 1210 3829 ejus

163 3823 335 3862 Deputatus,
354 3824 383 3852 in
397 3824 476 3860 cujus
488 3822 589 3861 Regno
601 3825 757 3863 hujusmodi
772 3827 914 3865 Fugitivus
929 3826 974 3857 seu
994 3827 1162 3859 Maiefaetor
1175 3830 1212 3859 iic

162 3870 318 3899 receptatur
339 3863 381 3904 &.
391 3861 555 3892 assecuratur
570 3883 579 3898 ,
599 3863 737 3900 requifitus
753 3864 830 3904 super
845 3866 902 3895 hoc
916 3875 964 3902 per
978 3865 1063 3895 alium
1079 3865 1214 3906 Regem,

161 3901 207 3930 seu
222 3901 277 3937 ejus
291 3900 467 3930 Gardianum
478 3922 487 3937 ,
503 3908 548 3931 aut
562 3899 754 3939 Deputatum,
771 3904 927 3941 tenebitur,
946 3904 1016 3933 infra
1034 3905 1215 3942 Quadragin-

164 3946 190 3968 ta
206 3937 274 3968 Dies
290 3937 352 3975 post
366 3938 586 3976 Requisitionem
602 3938 757 3975 hujusmodi
773 3940 931 3979 sequentes,
948 3941 1078 3972 Omnem
1095 3943 1214 3974 Affecu-

159 3977 276 4006 tantiam
300 3977 332 4006 ὅ(
354 3976 465 4007 Salvum
491 3976 676 4017 Conductum
703 3976 862 4014 hujusmodi
886 3979 1020 4015 Fugitivo
1045 3981 1212 4011 conceffum

161 4014 310 4044 Revocare
323 4016 356 4045 ὃς
373 4014 541 4052 Adnullare,
556 4015 588 4046 &
603 4013 697 4052 Ipium
706 4036 716 4052 ,
734 4022 764 4044 ut
778 4015 899 4052 superius
912 4017 954 4047 est
969 4018 1128 4055 expressum
1138 4041 1148 4055 ,
1157 4019 1215 4049 Re-

159 4053 271 4120 mi÷tere
281 4052 317 4119 ἔξ
329 4052 496 4121 rDesItinare3
515 4054 547 4085 &
565 4062 736 4092 quamquam
750 4052 811 4084 talis
823 4053 957 4085 Proditor
973 4065 1019 4086 aut
1034 4056 1159 4087 Rebellis
1168 4057 1214 4088 of-

214 4101 262 4123 wm.
305 4113 312 4120 .
355 4113 362 4118 -
400 4113 407 4121 .

2236 199 2291 238 49

1251 259 1318 290 ferat
1339 261 1413 305 Parti
1429 282 1446 305 ,Δ
1456 262 1490 292 ad
1502 272 1594 305 *quam
1615 264 1702 294 taliter
1717 264 1881 302 subterfugit
1894 288 1904 304 ‚
1919 268 2113 305 juramentum
2137 267 2291 306 Ligeantiae
2310 268 2383 298 Arm-
2397 273 2437 304 D.

1250 298 1296 328 seu
1313 298 1460 330 Fidelitatis
1475 323 1484 337 ,
1500 310 1529 330 in
1546 302 1603 331 hoc
1618 301 1691 331 Casu
1704 312 1763 331 non
1780 305 1924 340 recipietur
1939 307 1971 335 ad
1989 307 2163 344 Ligeantiam
2184 306 2229 335 seu
2239 305 2290 341 Ju-
2329 310 2411 347 1438.

1248 345 1404 366 ramentum
1414 338 1554 376 quousque
1563 339 1754 377 Qiadraginta
1761 339 1828 370 Dies
1841 341 1905 377 lapsi
1921 342 2021 374 fuerint
2035 345 2096 382 post
2104 345 2291 376 Oblationem
2305 349 2369 373 Hm.
2383 352 2409 376 6.

1249 373 1570 414 huiusmodijuramenti
1583 379 1615 407 &
1635 377 1667 407 Li
1687 379 1785 407 eantiae
1799 379 1887 408 taliter
1899 378 2009 409 fa&am.

1284 411 1329 441 ΙΤ
1340 421 1357 456 13:
1368 421 1413 456 M,
1432 414 1526 457 quod,
1545 415 1581 451 si,
1600 424 1631 452 pr
1666 416 1775 445 entibus
1788 415 1913 452 Treugis
1934 417 2089 449 durantibus
2102 442 2112 457 ,
2128 419 2291 451 nichilomi-

1247 458 1297 492 nus
1316 449 1401 487 aliqui
1424 451 1609 482 Subditorum
1632 454 1712 483 unius
1732 453 1875 484 dietorum
1898 454 2016 490 Regum
2037 456 2071 485 de
2088 457 2174 488 Facto
2186 457 2290 488 vadant

1247 497 1275 530 in
1293 487 1436 531 Auxilium
1451 488 1586 519 Hostium
1599 489 1655 519 sive
1669 490 1892 521 Adversariorum
1908 492 2011 522 alterius
2025 494 2145 528 ipsorum
2162 497 2288 533 Regum,

1245 524 1342 568 licebit
1359 527 1396 556 illi
1411 527 1530 563 Regi&
1547 527 1671 557 Subditis
1683 528 1733 558 suis
1747 551 1756 565 ,
1774 530 1900 560 adversus
1921 530 2018 567 Quem
2033 532 2065 561 ὅ(
2085 533 2113 560 in
2132 535 2208 570 cujus
2224 533 2289 563 l-lo·

1245 562 1329 593 stiurn
1351 564 1396 595 seu
1420 565 1643 595 Adversariorum
1668 566 1809 596 Auxilium
1832 568 1867 597 sic
1890 569 2041 598 traniierint
2056 591 2065 606 ,
2090 569 2157 605 ipsos
2179 572 2289 609 eundo,

1245 603 1385 670 uffissendss
1398 626 1407 640 ,
1425 603 1468 633 seu
1484 603 1624 633 redeundo
1640 603 1857 641 Deprehendere
1873 628 1883 643 ,
1900 605 2078 642 praesentibus
2095 607 2214 644 Treugis
2231 620 2288 639 non

1243 649 1262 668 o
1284 644 1290 668 i
1308 642 1360 670 anti
1384 651 1422 671 us.

1283 677 1326 708 IT
1337 688 1389 709 EM
1398 702 1408 717 ,
1431 687 1460 709 ut
1476 679 1603 716 Treugae
1618 679 1760 716 praedit‘tae
1775 690 1811 710 eo
1827 679 1935 711 firmius
1951 682 1982 711 &
1998 681 2098 712 melius
2113 681 2291 714 Conserven-

1245 724 1307 753 tur,
1322 727 1379 753 quo
1395 718 1511 748 cuilibet
1525 726 1561 747 ex
1577 717 1701 748 Subditis
1717 718 1840 748 Partium
1859 719 2058 756 praediCtarum
2074 719 2218 757 Conqueri
2237 732 2289 751 vo-

1245 754 1312 784 lenti
1327 755 1442 785 liberior
1457 764 1544 793 pateat
1561 756 1831 794 Facultasjustitiam
1845 756 1921 786 suam
1936 757 2121 795 Prosequendi
2133 781 2142 796 ,
2159 758 2290 789 Concor-

1247 792 1345 822 datum
1359 793 1399 823 est
1415 795 1491 831 quod
1506 817 1515 831 ,
1534 793 1552 823 si
1567 794 1662 832 aliquis
1680 802 1712 824 ex
1734 795 1858 825 Subditis
1873 795 1986 832 alicujus
2001 795 2126 826 Partium
2147 797 2293 833 praedieta-

1249 841 1308 860 rum
1325 833 1476 870 quicquam
1489 832 1669 869 Depraedatus
1683 832 1765 863 fuerit
1782 833 1826 863 seu
1843 835 2046 870 attemptaverit
2064 835 2135 865 infra
2153 835 2295 866 Mai-chias

1248 877 1293 898 aut
1307 869 1426 900 Terram
1442 871 1551 900 alterius
1568 870 1671 907 Partis,
1688 871 1721 901 &
1738 871 1801 908 post
1817 870 2063 908 Depraedationem
2078 873 2236 910 hujusmodi
2249 874 2293 904 seu

1248 906 1455 945 Attemptatum
1480 908 1628 945 Fugiendo
1650 918 1798 939 revertatur
1813 911 1841 939 in
1864 909 2009 939 Marchias
2023 911 2077 941 sive
2092 912 2211 943 Terram
2226 912 2295 942 illius

1249 944 1337 976 Partis
1352 948 1430 985 cujus
1444 947 1484 977 est
1499 947 1644 984 Subjecms
1659 969 1668 984 ,
1686 947 1781 977 licebit
1796 948 1835 977 illi
1849 970 1859 985 ,
1878 957 1974 978 contra
1995 958 2080 986 quern
2096 949 2132 980 iic
2148 959 2293 988 attempta-

1249 985 1336 1022 verit,
1354 986 1382 1015 in
1399 986 1501 1016 recenti
1521 985 1690 1022 (videlicet)
1708 986 1778 1016 infra
1793 986 1846 1016 Sex
1861 985 1931 1015 Dies
1946 988 2140 1026 computando
2153 999 2168 1019 a
2181 998 2295 1026 ternpo-

1250 1031 1280 1051 re
1295 1022 1401 1054 Defieri
1417 1024 1454 1053 sic
1470 1025 1625 1061 attemptari
1640 1024 1693 1054 five
1709 1023 2052 1063 commiffi,Au&0ritate
2066 1026 2204 1063 praesentis
2213 1026 2295 1057 Con-

1251 1061 1357 1091 cordiae
1371 1085 1380 1099 ,
1403 1063 1502 1101 absque
1526 1062 1581 1092 aliis
1598 1061 1700 1092 Literis
1721 1062 1756 1092 de
1774 1062 1850 1093 salvo
1873 1061 2026 1094 conductu
2041 1086 2050 1102 ,
2069 1064 2202 1103 Prosequi
2216 1067 2295 1096 illum

1253 1097 1468 1131 Maiefaetorem
1481 1123 1490 1139 ,
1508 1101 1541 1130 &
1561 1100 1651 1138 ipsum
1669 1101 1706 1131 sic
1722 1100 1924 1139 Prosequendo
1946 1101 2044 1132 intrare
2060 1103 2136 1134 salvo
2153 1106 2185 1135 δε
2201 1105 2297 1134 iecure

1253 1135 1413 1168 Marchiani
1437 1140 1491 1169 sive
1514 1139 1637 1169 Terram
1656 1139 1686 1168 in
1706 1149 1790 1177 quam
1810 1140 1888 1170 idem
1913 1139 2082 1170 Malefactor
2099 1141 2125 1172 se
2141 1144 2299 1180 retraxerit*²

1251 1175 1314 1212 vel,
1333 1176 1350 1205 ii
1370 1176 1418 1207 sibi
1437 1178 1536 1207 melitis
1557 1178 1696 1208 videbitur
1712 1201 1722 1214 ,,
1741 1179 1842 1216 poterit
1856 1200 1866 1215 ,
1883 1178 1955 1208 infra
1978 1179 2127 1215 praedictos
2141 1180 2194 1211 Sex
2210 1180 2298 1217 Dies,

1250 1214 1293 1243 vel
1310 1215 1393 1244 etiarn
1407 1216 1750 1254 quandocumque‘postea
1765 1238 1774 1253 ‚
1793 1216 1868 1246 adire
1889 1226 1975 1246 unum
2000 1226 2032 1247 ex
2046 1216 2195 1249 Gardianis
2216 1219 2298 1250 Mar-

1251 1252 1376 1282 chiarum
1393 1254 1501 1284 alterius
1520 1252 1603 1284 Partis
1616 1255 1659 1284 vel
1675 1255 1731 1292 ejus
1747 1254 1921 1292 Deputatum
1936 1265 1946 1293 3
1963 1254 2118 1286 &idcirco
2132 1256 2298 1288 Concorda-

1251 1299 1312 1320 tum
1327 1291 1367 1321 est
1384 1292 1461 1329 quod
1480 1294 1536 1322 tam
1551 1291 1685 1322 Gardiani
1701 1292 1894 1324 Marchiarum
1912 1293 2026 1330 Angliae
2048 1294 2137 1324 versus
2155 1295 2299 1335 Scotiam,

1252 1328 1338 1366 quam
1362 1329 1496 1360 Gardiani
1518 1329 1713 1361 Marchiarum
1735 1332 1839 1362 Scotiae
1854 1331 1944 1362 versus
1959 1331 2096 1369 Angliam
2113 1356 2123 1371 ,
2141 1333 2204 1364 dare
2220 1343 2301 1371 pote-

1252 1376 1315 1397 runt
1328 1368 1416 1398 bonas
1430 1369 1463 1398 &
1477 1367 1643 1400 sufficientes
1665 1369 1770 1399 Literas
1793 1369 1828 1400 de
1849 1369 1932 1400 Salvo
1954 1369 2109 1401 Conduetu
2130 1373 2300 1410 (videlicet)

1252 1406 1367 1442 quilibet
1390 1406 1599 1436 Gardiaiiorum
1621 1409 1699 1436 unius
1728 1407 1815 1438 Partis
1842 1408 2000 1445 hujusmodi
2030 1409 2134 1440 Literas
2158 1411 2193 1442 de
2215 1412 2300 1442 Salvo

1251 1443 1406 1474 Conduetu
1421 1444 1543 1475 Subditis
1557 1445 1663 1475 alterius
1676 1445 1765 1475 Partis
1775 1456 1827 1483 pro
1842 1447 1980 1476 veniendo
1994 1448 2027 1478 ὃς
2044 1449 2236 1486 prosequendo
2249 1451 2301 1489 Ju-

1253 1481 1357 1512 stitiam
1373 1482 1447 1512 suam
1462 1493 1545 1521 penes
1560 1482 1675 1520 Regem
1689 1506 1698 1519 ,
1715 1483 1760 1514 seu
1775 1483 1940 1515 Concilium
1957 1485 2034 1515 suum
2051 1509 2060 1524 ,
2077 1496 2123 1517 aut
2139 1488 2300 1519 Conserva-

1252 1528 1326 1551 tores
1340 1521 1410 1551 illius
1425 1520 1511 1551 Partis
1517 1531 1582 1559 ,per
1595 1523 1672 1559 cujus
1685 1521 1835 1552 Subditum
1851 1524 1894 1552 seu
1909 1522 2039 1553 Subditos
2049 1525 2117 1555 dicit
2132 1526 2157 1556 ie
2171 1527 2280 1558 Laesum
2290 1550 2301 1566 ,

1251 1558 1326 1589 faeta
1344 1560 1474 1597 primitiis
1493 1559 1562 1590 Fide
1583 1569 1630 1599 per
1653 1570 1718 1590 eum
1741 1570 1835 1590 coram
1858 1561 1917 1598 ipso
1940 1561 2082 1592 Gardiano
2103 1565 2180 1601 quod
2201 1566 2300 1602 (omni

1253 1597 1322 1627 dolo
1337 1619 1346 1634 ,
1363 1598 1458 1628 fraude
1472 1621 1482 1636 ,
1497 1598 1530 1628 ὃ(
1551 1599 1626 1628 malo
1648 1599 1763 1637 ingenio
1784 1599 1969 1636 celsanribus)
1990 1600 2023 1630 ad
2046 1602 2101 1631 hoc
2118 1603 2206 1633 solum
2230 1606 2299 1641 petit

1255 1635 1414 1674 hujusmodi
1434 1636 1540 1667 Literas
1561 1637 1596 1667 de
1615 1636 1688 1667 salvo
1711 1636 1886 1675 Conductu‚
1902 1647 1948 1675 ut,
1961 1640 2037 1677 juxta
2050 1640 2125 1678 quod
2141 1641 2300 1681 praefertur,

1252 1674 1430 1712 prosequatur
1454 1674 1574 1706 Causam
1593 1677 1626 1707 δε
1644 1675 1788 1713 justitiam
1810 1675 1886 1706 suam
1903 1697 1913 1714 ,
1931 1678 1964 1708 ὃ(
1981 1678 2059 1714 quod
2074 1688 2118 1708 eas
2131 1679 2299 1719 efficaciter,

1251 1721 1388 1751 quantum
1407 1713 1426 1731 ⁴¹³
1447 1714 1475 1742 in
1487 1715 1512 1743 se
1527 1713 1585 1750 est,
1604 1714 1778 1753 prosequetur
1792 1715 1824 1745 &
1840 1715 1969 1753 prosequi
1984 1717 2113 1746 intendit.

1286 1750 1331 1781 ΙΤ
1341 1760 1358 1780 Ε
1369 1760 1395 1782 Μ
1408 1774 1417 1789 ,
1435 1752 1515 1789 quod
1528 1775 1537 1790 ,
1560 1751 1719 1783 durantibus
1733 1753 1908 1790 praesentibus
1924 1754 2059 1792 Treugis,
2076 1765 2134 1785 non
2150 1755 2299 1787 admitten-

1251 1797 1297 1820 tur
1310 1800 1364 1820 nec
1379 1791 1547 1827 recipientur
1560 1790 1594 1820 ad
1609 1790 1735 1828 Officia,
1755 1801 1808 1822 nec
1823 1792 1900 1829 super
1917 1791 2086 1830 Affisas‚nec
2101 1795 2134 1824 ad
2151 1795 2299 1831 perhiben-

1251 1828 1320 1858 dum
1335 1828 1551 1859 Testimonium
1567 1828 1698 1860 Personae
1715 1829 1836 1860 infames
1850 1853 1859 1867 ,
1877 1830 2025 1869 Rebeiies‚
2044 1832 2182 1869 Fugitivi,
2199 1833 2299 1864 Proii-

1250 1875 1324 1898 tores
1338 1869 1418 1897 unius
1434 1867 1523 1897 Pariis
1537 1867 1582 1897 vel
1596 1868 1720 1906 alterius,
1738 1877 1783 1899 aut
1798 1868 1936 1899 Conviffl
1952 1879 1998 1907 per
2011 1870 2148 1909 Affisam3
2163 1871 2208 1902 sed
2222 1873 2302 1911 boni,

1250 1904 1359 1944 fideles,
1373 1905 1455 1944 justi,
1475 1905 1629 1944 fidedigni,
1647 1908 1682 1938 &
1696 1906 1856 1943 insuspeetae
1870 1906 2008 1938 Personae.

1288 1943 1332 1974 [T
1343 1953 1360 1974 E
1371 1953 1416 1982 M,
1435 1944 1516 1982 quod
1527 1968 1536 1982 ,
1562 1944 1723 1975 durantibus
1740 1945 1860 1983 Treuiris
1882 1946 2040 1984 hujusmodi
2055 1969 2065 1985 ,
2087 1947 2196 1978 Gentes
2218 1948 2299 1980 unius

1252 1981 1339 2013 Partis
1351 1984 1395 2014 vel
1410 1983 1520 2013 alterius
1534 1992 1594 2014 non
1609 1984 1800 2021 ingrediantur
1812 1973 1930 2022 Terras,
1947 1983 2068 2023 Boscos,
2084 1986 2231 2024 Nemora,
2245 1988 2301 2017 Fo-

1252 2021 1349 2055 restas,
1366 2021 1542 2060 warenna,
1563 2021 1641 2052 Loca
1655 2045 1666 2060 ,
1683 2022 1727 2053 vel
1743 2021 1881 2053 Dominia
1915 2033 2082 2062 uaecumque
2094 2025 2209 2063 alicujus
2226 2027 2300 2056 Sub-

1252 2060 1303 2090 diti
1317 2061 1427 2091 alterius
1439 2059 1552 2099 Regum
1566 2060 1766 2098 praedietorum
1779 2083 1788 2097 ‚
1805 2033 2033 2092 causaqunandi
2048 2085 2057 2099 ‚
2078 2062 2223 2102 Piscandi,
2241 2065 2302 2095 Au-

1253 2099 1391 2136 cupandi,
1411 2098 1580 2137 Disportum
1600 2107 1648 2130 aut
1668 2100 1805 2130 Solatium
1826 2100 1937 2138 aliquod
1954 2102 1985 2130 in
1999 2101 2103 2131 eisdem
2127 2101 2302 2144 Exercendi,

1251 2138 1339 2168 aliave
1353 2147 1531 2177 quacumque
1542 2138 1578 2167 de
1591 2137 1669 2168 causa
1684 2161 1694 2176 ,
1713 2138 1813 2176 absque
1830 2139 1958 2169 Licentia
1979 2138 2047 2177 Ejus
2061 2140 2108 2171 vel
2123 2139 2249 2180 Eorum,
2266 2147 2302 2175 ad

1254 2177 1354 2215 Quem
1369 2176 1413 2207 vel
1431 2176 1514 2215 Qios
1535 2176 1631 2207 Locus
1651 2178 1695 2207 vel
1718 2177 1799 2208 Loca
1813 2177 1865 2215 ipsa
1886 2178 2003 2214 pertinet
2025 2187 2070 2209 aut
2086 2180 2238 2217 pertinent,
2256 2181 2303 2213 seu

1253 2214 1454 2255 Deputatisui,
1471 2214 1557 2253 petita
1572 2215 1699 2253 primitiis
1712 2216 1746 2247 &
1763 2215 1878 2246 obtenta
1893 2227 1903 2255 3
1920 2217 1953 2246 &
1966 2239 1976 2254 ‚
1995 2216 2015 2246 si
2036 2218 2186 2254 contingat
2203 2218 2304 2252 Bestias

1254 2253 1299 2284 seu
1319 2254 1457 2284 Animalia
1471 2254 1584 2291 alicujus
1603 2253 1714 2284 Subditi
1738 2254 1845 2284 alterius
1869 2253 1954 2284 Partis
1968 2256 2089 2293 ingredi,
2106 2264 2153 2285 aut
2170 2254 2303 2290 Gramen

1253 2293 1286 2323 δί
1302 2291 1432 2323 Herbam
1447 2293 1486 2322 ibi
1502 2292 1673 2323 crescentem
1687 2292 1833 2330 depascere
1848 2315 1858 2330 ,
1876 2293 1965 2323 aliove
1980 2293 2068 2323 modo
2084 2293 2124 2323 Illi
2138 2316 2147 2330 ,
2166 2295 2243 2332 cujus
2261 2298 2302 2328 est

1254 2331 1353 2361 Solum
1369 2353 1378 2368 ,
1396 2330 1528 2367 injuriam
1552 2332 1606 2361 sive
1629 2331 1796 2368 Dampnum
1819 2330 1920 2360 inferre
1935 2354 1944 2368 ,
1963 2332 2042 2371 quod
2064 2332 2099 2361 ab
2118 2332 2177 2362 hoc
2190 2333 2303 2366 Neuter

1255 2368 1378 2399 Partium
1395 2369 1552 2407 hujusmodi
1573 2367 1741 2407 Dampnum
1764 2369 1819 2399 iive
1841 2369 1974 2405 Injuriarn
1999 2369 2047 2399 sibi
2067 2369 2174 2400 saritam
2189 2374 2302 2410 proprii

1253 2408 1416 2438 au&oritate
1438 2408 1581 2438 ulciscatur
1596 2431 1605 2445 ,
1623 2409 1660 2438 set
1685 2407 1727 2444 id,
1747 2407 1824 2449 quod
1847 2407 2032 2438 Malefastum
2054 2407 2093 2438 est
2109 2431 2118 2446 ,
2145 2409 2304 2442 secundum

1254 2446 1365 2484 Legem
1379 2447 1412 2477 &
1425 2445 1669 2477 Consuetudinem
1686 2468 1695 2483 ,
1711 2447 1864 2475 oblervatas
1878 2447 1907 2475 in
1924 2445 2047 2476 Partibus
2061 2448 2109 2476 ubi
2125 2446 2257 2486 Dampna
2271 2452 2305 2481 ὃς

1253 2483 1356 2523 Injuria
1370 2485 1431 2515 talia
1446 2485 1518 2515 facta
1531 2483 1761 2522 sunt,efficaciter
1775 2483 2022 2521 emendabitur‚ut
2039 2484 2078 2514 est
2090 2485 2203 2522 justum.

1290 2522 1416 2559 ITEM,
1435 2532 1463 2553 ut
1479 2533 1515 2554 eo
1536 2523 1636 2554 fortius
1649 2523 1682 2552 &
1698 2523 1816 2553 securius
1831 2522 1958 2559 Treugae
1981 2523 2125 2560 praesentes
2139 2524 2171 2554 &
2188 2525 2307 2559 inviola-

1255 2561 1338 2592 bilius
1360 2562 1540 2592 observentur
1556 2584 1565 2600 ,
1583 2571 1640 2599 quo
1662 2561 1744 2591 bonis
1766 2561 1976 2592 Provisionibus
1998 2563 2137 2593 roboratae
2152 2562 2253 2595 fuerint
2271 2568 2306 2597 &

1255 2599 1362 2630 vallatae
1377 2622 1386 2636 ,
1413 2598 1562 2631 Provisum
1590 2599 1629 2630 est
1653 2599 1719 2629 hinc
1742 2600 1775 2630 ὃς
1795 2599 1860 2630 inde
1876 2600 1954 2637 quod
1971 2623 1981 2637 ,
1999 2601 2100 2630 attenta
2119 2609 2197 2632 aetate
2211 2606 2305 2635 tenera

1255 2637 1364 2668 illustris
1385 2637 1523 2676 Principis
1545 2637 1646 2677 Jacobi
1667 2640 1744 2675 Regis
1766 2639 1859 2667 Scotiae
1879 2638 2032 2677 moderni,
2060 2639 2209 2676 Magnates
2234 2643 2306 2673 dieti

1256 2676 1355 2713 Regni
1379 2676 1504 2714 Scotiae‚
1522 2686 1637 2707 necnon
1659 2675 1822 2707 Conciliarii
1842 2678 2013 2715 quicumque
2037 2678 2114 2715 ipsius
2138 2678 2226 2718 Regis
2239 2704 2248 2718 ,
2272 2681 2308 2711 ad

1255 2715 1435 2746 Sacrosaneta
1457 2715 1516 2745 Dei
1539 2714 1689 2754 Evangelia
1704 2737 1714 2753 ,
1732 2725 1831 2745 coram
1851 2716 1889 2745 eis
1911 2716 1994 2753 posita
2011 2717 2044 2747 &
2058 2717 2131 2747 tacta
2145 2740 2154 2755 ,
2169 2718 2309 2756 Jurabunt

1256 2753 1337 2792 quod
1362 2753 1506 2791 praesentes
1521 2753 1666 2791 Treugas‚
1685 2763 1754 2784 curn
1774 2754 1920 2784 Omnibus
1935 2755 1968 2785 &
1981 2753 2101 2793 Singulis
2116 2754 2253 2794 Capitulis
2272 2759 2308 2788 &

1256 2793 1388 2823 Articulis
1402 2792 1583 2830 earumdem,
1603 2791 1681 2822 bona
1699 2792 1782 2830 Fide,
1799 2792 1901 2830 absque
1916 2792 2000 2830 dolo,
2018 2792 2247 2832 fraude,malove
2263 2797 2308 2826 iri-

1255 2832 1342 2868 genio
1358 2841 1556 2869 quocumque,
1573 2831 1778 2868 observabunt,
1796 2831 1829 2862 ὃς
1844 2841 1894 2868 per
1909 2831 1992 2868 alios,
2010 2841 2146 2868 quantum
2163 2834 2191 2862 in
2206 2834 2242 2864 eis
2255 2834 2307 2873 est,

1254 2869 1393 2900 observari
1407 2869 1510 2900 facient
1523 2892 1533 2908 ,
1552 2870 1584 2900 &
1601 2868 1680 2907 quod
1706 2869 1782 2899 nullo
1799 2869 1911 2907 usquam
1930 2878 2059 2907 tempore
2081 2869 2243 2903 Durationis
2262 2883 2309 2903 ea-

1253 2908 1387 2938 rumdem
1403 2908 1595 2948 Treugarum,
1610 2918 1660 2945 per
1674 2906 1711 2938 Se
1725 2930 1735 2944 ,
1752 2906 1796 2938 vel
1813 2917 1861 2945 per
1875 2907 1941 2938 alios
1955 2930 1964 2946 ,
1983 2908 2056 2938 cliim
2074 2908 2117 2939 vel
2133 2910 2244 2948 palam,
2262 2911 2307 2940 di-

1254 2947 1332 2978 ῐεᾶῒὲ
1348 2946 1392 2978 vel
1406 2946 1544 2978 indiretste
1560 2969 1569 2984 ,
1587 2956 1630 2977 eas
1648 2947 1678 2976 in
1701 2946 1792 2985 aliqua
1807 2946 1846 2976 sui
1861 2955 1936 2983 parte
1952 2946 2095 2977 violabunt
2111 2971 2120 2985 ,
2135 2958 2190 2979 nec
2205 2949 2303 2985 violari

1256 2985 1357 3016 facient
1375 2994 1419 3015 aut
1435 2986 1614 3023 permittent:

1292 3023 1330 3054 Et
1347 3024 1495 3054 consimile
1510 3024 1704 3062 juramentum
1725 3022 1895 3061 praestabunt
1910 3022 2021 3053 Omnes
2035 3024 2068 3054 ὃς
2083 3023 2194 3061 Singuli
2208 3025 2304 3056 Guar-

1254 3062 1329 3092 diani
1346 3061 1537 3092 Marchiarum
1554 3063 1632 3092 unius
1647 3061 1734 3091 Partis
1756 3062 1789 3091 &
1808 3062 1915 3092 alterius
1937 3062 2082 3098 praesentes
2096 3063 2128 3093 δε
2145 3063 2230 3093 futuri
2244 3086 2254 3101 ,
2271 3073 2304 3093 ac

1254 3100 1367 3130 Omnes
1389 3100 1451 3130 Viri
1471 3100 1623 3131 Notabiles
1646 3109 1735 3136 prope
1755 3099 1843 3130 dietas
1864 3099 2007 3129 Marchias
2024 3123 2034 3137 ,
2051 3101 2083 3130 ὃς
2109 3102 2139 3129 in
2155 3101 2272 3139 eisdem,
2289 3111 2305 3131 a

1254 3139 1327 3169 Villa
1340 3139 1376 3169 de
1392 3138 1487 3169 Novo
1503 3138 1604 3168 Castro
1619 3140 1647 3167 in
1657 3138 1757 3177 Anglia
1771 3147 1804 3167 ex
1819 3147 1872 3168 una
1889 3137 2028 3176 Parte,&
2042 3149 2057 3169 a
2073 3138 2145 3169 Villa
2159 3140 2193 3169 de
2210 3140 2303 3178 Edyii-

1252 3178 1346 3214 burgh
1360 3178 1391 3207 in
1407 3177 1504 3207 Scotia
1518 3177 1707 3207 Inhabitantes
1722 3176 1805 3206 Parte
1817 3185 1851 3206 ex
1866 3176 1961 3207 altera:

1292 3216 1381 3254 Quod
1400 3215 1514 3253 quidem
1533 3215 1731 3252 juramentum
1748 3213 1891 3244 Omnium
1906 3215 1939 3245 &
1954 3214 2134 3253 Singulorum
2150 3214 2300 3252 praedic‘to-

1251 3265 1314 3286 rum
1331 3254 1388 3284 fieri
1404 3255 1502 3291 debet,
1520 3254 1636 3291 publice
1651 3255 1685 3284 &
1699 3253 1951 3292 lolemniter,citra
1967 3252 2098 3283 Primum
2113 3253 2200 3283 Diem
2210 3252 2299 3284 Men-

1252 3294 1284 3324 sis
1299 3292 1372 3323 Maii
1388 3293 1520 3330 proximo
1534 3292 1677 3330 futurum,

1288 3331 1488 3362 Dominorum
1508 3331 1518 3368 (
1533 3330 1664 3361 videlicet
1679 3331 1688 3366 )
1708 3328 1864 3360 Procerum
1879 3330 1911 3360 δε
1927 3328 2093 3368 Magnarum
2106 3338 2139 3358 ac
2152 3327 2300 3360 Concilia-

1250 3371 1359 3400 riorum
1384 3372 1462 3407 Regis
1487 3372 1580 3399 Scotiae
1595 3391 1604 3407 ,
1629 3369 1661 3399 &
1685 3367 1913 3398 Guardianorum
1932 3368 2123 3397 Marchiarum
2142 3366 2250 3397 suarum
2269 3370 2299 3398 in

1250 3409 1378 3439 manibus
1395 3407 1515 3446 ejusdem
1533 3406 1691 3446 Regis,vel
1711 3405 1974 3437 Commissariorum
1991 3405 2100 3434 suorum
2117 3405 2150 3435 ad
2167 3406 2225 3437 hoc
2241 3406 2303 3438 De-

1270 3455 1412 3478 utatorum

1250 3457 1268 3485 p
1288 3468 1430 3516 Gardiani'
1441 3492 1534 3515 autem
1553 3483 1596 3515 vel
1616 3482 1826 3514 Gardianorum
1848 3481 2039 3512 Marchiarum
2057 3479 2166 3520 Angliae
2190 3484 2220 3513 in
2241 3493 2302 3514 ma.

1249 3525 1330 3555 nibus
1348 3526 1425 3560 Regis
1443 3523 1556 3560 Angliae
1572 3545 1582 3561 ,
1607 3523 1652 3553 vel
1679 3520 1947 3552 Comniii‘iariorum
1974 3518 2088 3549 suorum
2107 3520 2141 3550 ad
2159 3520 2216 3551 hoc
2236 3521 2297 3552 De-

1270 3571 1412 3593 utatorum

1249 3573 1268 3603 p
1286 3584 1465 3630 Caeterorum
1482 3601 1551 3630 verb
1570 3608 1604 3629 ex
1623 3607 1675 3628 una
1693 3596 1774 3627 Parte
1793 3596 1834 3625 vel
1852 3604 1886 3624 ex
1904 3593 2002 3633 altera,
2020 3605 2109 3633 prope
2136 3596 2296 3635 Marchias,

1248 3647 1278 3670 ut
1299 3637 1455 3676 praefertur,
1474 3637 1742 3672 Inhabit.iiitium,in
1761 3634 1886 3675 manibus
1903 3632 2132 3665 Guardianorum
2153 3634 2298 3665 Marchia-

1248 3686 1311 3707 rum
1329 3676 1511 3713 earumdem,
1528 3676 1714 3713 Anglicorum
1735 3674 1744 3708 (
1754 3671 1901 3708 videlicet)
1921 3673 1950 3701 in
1970 3674 2097 3703 manibus
2117 3673 2297 3703 Guardiano-

1248 3725 1311 3745 rum
1332 3714 1525 3744 Marchiarum
1543 3713 1654 3749 Angliae
1670 3733 1680 3748 ,
1697 3711 1859 3740 Scottorum
1878 3710 1908 3740 in
1925 3712 2050 3741 manibus
2072 3711 2299 3741 Guardianorum

1250 3753 1440 3784 Marchiarum
1451 3752 1570 3781 Scotiae:

1286 3791 1418 3822 Nomina
1436 3798 1528 3819 autern
1547 3796 1665 3823 eorum,
1683 3786 1730 3823 qui
1749 3785 1785 3816 fic
1800 3787 1968 3825 juraverint,
1988 3787 2056 3816 infra
2077 3785 2299 3824 Mensem,post

1250 3829 1457 3868 praestationem
1476 3827 1598 3864 ejusdem
1620 3824 1778 3861 Juramenti
1794 3847 1804 3862 ,
1830 3824 2055 3855 certificabuiitur
2075 3825 2227 3854 alterutrim
2251 3836 2300 3855 au-

1251 3868 1374 3898 cientice
1394 3865 1559 3895 Guardianis
1578 3862 1698 3898 Singulis
1718 3862 1911 3893 Marchiarum
1928 3864 2121 3900 praedictarum
2139 3885 2147 3899 ,
2173 3871 2201 3892 ut
2222 3862 2298 3900 apud

1251 3905 1374 3944 ipsorum
1392 3903 1518 3941 Singulos
1539 3901 1671 3933 Nomina
1693 3900 1729 3930 sic
1743 3900 1903 3939 Jurantiuin
1922 3909 2049 3942 maneant
2064 3900 2098 3929 de
2115 3899 2260 3930 Recordo.

1290 3944 1416 3978 ITEM,
1434 3939 1645 3970 Concordatum
1665 3938 1706 3968 est
1729 3939 1808 3976 quod
1832 3949 1946 3977 utraque
1971 3939 2093 3967 Paruum
2111 3939 2244 3975 publicari
2260 3939 2301 3970 fa-

1255 3985 1310 4013 ciet
1323 3983 1356 4012 St
1373 3977 1524 4008 Notificari
1537 3977 1626 4007 dietas
1638 3976 1764 4015 Treugas
1779 3977 1902 4007 Subditis
1917 3977 2058 4013 suis,citra
2074 3975 2204 4006 Primum
2220 3977 2300 4007 diem

1256 4019 1362 4051 Mensis
1378 4016 1449 4045 Maii
1466 4016 1597 4053 proximo
1613 4015 1755 4053 futurum,

1291 4057 1326 4087 Et
1340 4056 1398 4085 sunt
1413 4054 1445 4085 ἃ
1460 4063 1537 4084 erunt
1555 4052 1773 4122 Conservactpres
1790 4053 1963 4091 Treugarum
1980 4050 2178 4089 pi-aedietarum
2195 4062 2247 4089 pro
2247 4052 2304 4120 §li-

2277 4100 2299 4119 is

2335 1735 2405 1763 *x.

2352 1776 2418 1807 6940
