2555 4266
1 287 40 309 in.
57 276 97 308 D.

0 316 80 391 ff&

4 942 71 969 xli.

0 988 48 1017 79·

0 1031 42 1051 nn
68 1018 100 1049 D

0 1043 82 1097 148‘3·
106 1042 113 1049 '

0 1109 26 1125 11.
49 1107 72 1125 l.

0 1173 59 1211 laus.
84 1184 93 1201 1
101 1196 106 1201 .

17 2379 86 2409 XII.

0 2440 113 2488 &nn.D.

8 2496 93 2534 1483.

0 2537 39 2562 1n.
52 2544 76 2563 ι,

0 2613 74 2637 franc.
97 2620 121 2640 1.

0 2651 16 2680 ῑ,
28 2657 58 2684 5.
74 2659 111 2677 m.

656 191 766 232 ET
849 191 1117 233 ACTA
1199 188 1670 235 PUBLICA.

117 278 233 310 mitibus
240 301 250 316 ,
271 276 428 308 Ma‘oribus
434 300 443 312 ,
463 275 741 308 Locumtenentibus
749 301 758 313 ,
766 276 875 308 Ballivis
882 302 891 316 ,
900 276 1059 308 Senescallis
1068 300 1078 314 ,
1086 275 1170 319 Cori-

116 317 268 348 stabulariis
279 339 288 353 ,
353 314 469 344 stellanis
485 337 494 352 ,
513 314 670 352 Praepositis
687 339 696 352 ,
711 315 864 346 Officiariis
880 338 889 353 ,
907 318 940 347 &
958 316 1092 345 omnibus
1112 315 1170 344 alus

116 354 256 386 Ministris
278 353 378 383 nostris
400 352 555 391 praediffls,
573 355 632 384 tam
656 355 725 384 insta
746 355 858 384 dietum
879 354 1018 390 Regnum
1040 351 1170 382 nostrum

115 394 228 432 Angliae
242 392 328 429 quam
343 391 394 421 alia
407 391 548 422 Dominia
564 392 657 423 nostra
673 394 850 429 ubicumque
871 390 1050 427 constitutis,
1069 392 1103 422 ὃ(
1120 400 1171 420 eo-

116 442 180 462 rum
197 429 309 466 fingulis
326 429 618 468 Locumtenentibus,
636 432 695 461 tam
712 431 782 461 infra
802 430 956 460 Libertatis
972 429 1058 466 quam
1079 437 1172 464 extra,

115 470 232 500 Tenore
247 467 449 505 Praesentium,
465 468 582 498 firmiter
599 471 626 498 in
643 469 800 505 Mandaris,
819 466 899 505 quod
913 466 1004 504 ipsum
1021 465 1171 503 Jacobum,

115 506 260 538 Homines
272 529 282 543 .,
301 504 447 536 Tenentes
461 530 471 545 ‚
485 507 641 537 Servienms
655 530 665 545 ‚
692 507 854 536 Attornatos
874 506 907 535 &
929 504 1089 541 Deputatos
1110 504 1172 549 suos

115 544 264 584 praedictos
285 544 322 574 ab
344 545 427 575 omni
450 546 574 575 Actione
587 569 596 581 ,
620 545 736 574 durante
756 542 833 573 dieta
855 541 1039 573 Protectione
1061 541 1172 579 nostra,

117 583 174 614 fine
193 581 425 621 Impedimento,
441 583 640 622 Imperitione,
660 581 779 619 Aresto,
798 580 956 611 Vexatione
971 604 980 619 ,
995 580 1043 611 vel
1063 580 1172 611 Grava-

2191 212 2208 242 1
2219 213 2271 251 29

1209 275 1303 310 mine,
1323 273 1400 305 salvo
1417 276 1449 306 &
1463 277 1558 307 secure
1570 276 1630 314 Ire,
1650 277 1780 317 Morari,
1800 280 1963 318 Accedere,
1984 282 2017 314 ὃς
2034 281 2184 316 Recedere
2203 297 2263 326 per·
2289 283 2363 316 Ann-
2377 282 2421 316 D,

1208 314 1338 350 mittant,
1356 321 1388 343 ac
1407 315 1495 352 ipsum
1510 317 1546 346 de
1561 316 1594 346 δε
1611 317 1640 346 in
1658 320 1793 348 omnibus
1807 320 1840 350 δε
1862 321 1972 357 singulis
1987 323 2138 353 Praemiffis
2156 324 2262 356 Manu-
2308 325 2391 362 1483·

1208 351 1371 419 ἓεηγῖἳηξοιὲε
1392 351 1561 392 Prooeganr,
1580 364 1629 392 per
1643 363 1695 386 tres
1712 357 1811 387 Annos
1824 359 1944 398 integros
1959 369 1974 389 a
1989 360 2062 392 Data
2077 361 2260 394 Praesentium
2284 364 2351 391 Eva.
2373 373 2402 398 4·-

1230 399 1246 418 υ
1291 399 1307 417 u
1343 412 1363 417 ..

1246 426 1278 455 In
1294 427 1389 464 cujus,
1407 429 1469 458 &c.

1209 464 1337 534 brgeiliie
1361 465 1448 503 Rege
1471 467 1546 504 apud
1574 466 1851 509 Westmonasterium,
1878 470 1992 504 decimo
2019 476 2120 512 quinto
2148 476 2193 508 die
2213 477 2268 509 Fe·

1677 584 1730 611 Per
1750 585 1840 614 Breve
1857 585 1889 615 de
1906 588 2022 616 Privato
2039 587 2137 625 Sigillo.

118 689 2269 739 wfflwwffiwwwwfflwwssfflffiwssfflffimwfflffiwwfflwwwwwwww

893 806 1088 855 Regnante
1117 801 1317 843 Edwardo
1346 803 1501 858 Quinto.

387 908 413 936 ἢ*
439 912 488 944 De
510 906 735 944 Coi-onatoribus
754 906 915 956 Eligendis.

131 996 246 1056 REX
263 996 440 1027 Vicecomiti
453 996 556 1026 Surriae
570 995 703 1026 Salutem.

227 1035 305 1073 Qiia
319 1034 446 1065 Potestas
466 1034 697 1071 Coronatorurn,
716 1034 744 1063 in
767 1032 918 1065 Comitatu
939 1033 1094 1072 praedirsto,
1109 1043 1182 1065 tem-

127 1083 196 1112 pore
207 1073 337 1104 cariffimi
351 1073 476 1104 Domini
489 1074 522 1104 &
536 1073 623 1103 Patris
639 1073 728 1103 nostri
741 1075 778 1102 E.
800 1083 890 1110 nuper
910 1075 987 1110 Regis
1009 1073 1121 1111 Angliae
1140 1073 1182 1103 sa-

128 1113 260 1150 ctorum,
275 1122 325 1152 per
342 1110 471 1142 Mortem
486 1110 707 1149 praedifflPatris
719 1110 807 1141 nostri
822 1111 932 1149 penitus
946 1111 1032 1142 cessat
1047 1113 1080 1143 δε
1094 1111 1183 1141 celsa—

126 1160 188 1188 tur‚
206 1151 277 1181 Tibi
294 1151 479 1187 Praecipimus
500 1150 580 1188 quod
602 1151 631 1179 in
653 1149 740 1187 pleno
763 1149 912 1180 Comitatu
935 1158 1002 1187 tuo,
1019 1150 1054 1180 de
1077 1149 1182 1179 assensu

125 1189 245 1223 eiusdem
260 1188 439 1226 Comitatus,
456 1189 542 1219 Loco
553 1187 678 1226 ipsorum
696 1187 927 1224 coronatorum,
947 1187 1012 1224 eligi
1027 1189 1110 1219 facias
1117 1188 1183 1218 alios

125 1227 317 1258 Coronatores
329 1251 338 1266 ,
356 1229 421 1265 qui,
439 1227 563 1264 praestito
572 1227 755 1257 Sacramento
770 1235 853 1263 prout
869 1227 955 1256 moris
968 1226 1008 1256 est
1018 1249 1028 1265 ,
1043 1236 1182 1257 extuncea

124 1266 225 1296 faciant
246 1267 278 1297 δε
305 1266 472 1296 conservent
505 1276 569 1303 quae
591 1265 626 1295 ad
652 1263 795 1295 Officium
821 1263 1007 1295 Coronaeoris
1040 1267 1182 1302 pertinent

125 1305 155 1335 in
178 1305 281 1334 eodem
301 1303 471 1341 Comitatu3
488 1305 521 1336 &
539 1304 603 1333 tales
623 1313 671 1333 eos
689 1303 752 1341 eligi
771 1302 851 1332 facias
868 1304 915 1340 qui
932 1304 1030 1333 melius
1045 1303 1131 1334 sciant
1150 1305 1183 1335 &

124 1343 230 1382 poffint
245 1342 358 1373 Officio
377 1343 417 1372 illi
435 1342 604 1379 intendere,
619 1343 651 1372 &
671 1340 806 1371 Nomina
821 1350 922 1371 eorum
939 1342 1038 1372 Nobis
1055 1342 1123 1372 scire
1142 1343 1184 1373 fa-

126 1392 192 1413 cias.

123 1458 132 1489 1
163 1419 255 1450 Teste
274 1419 356 1460 Rege
373 1418 446 1457 apud
465 1417 739 1458 Wstmonasterium,
767 1417 905 1449 vicefimo
928 1419 1010 1450 tertio
1025 1417 1083 1449 Die
1100 1418 1185 1457 Apri-

135 1468 165 1488 is.

128 1536 294 1569 Confimflia
306 1537 405 1570 Brevia
417 1537 574 1577 diriguntur
589 1535 817 1567 Vicecomitibus
830 1536 1002 1576 subscriptis,
1019 1536 1068 1568 sub
1087 1537 1185 1569 eadem

525 1574 618 1613 Data,
638 1575 789 1614 videlicet,

678 1654 706 1681 V
706 1654 803 1681 itesam.
822 1652 918 1681 Berks.

677 1693 706 1719 V
704 1692 804 1719 icecom.
822 1690 914 1720 Glouc.

679 1731 807 1759 Vicecom.
826 1728 910 1767 Staff‘

678 1767 706 1795 V
707 1770 806 1797 icecom.
821 1767 908 1805 salop.

677 1808 705 1835 V
706 1808 805 1835 icecom.
825 1808 948 1844 lisygorn.

678 1847 706 1873 V
706 1847 804 1873 icecom.
822 1846 930 1873 Devon.

679 1885 804 1912 Vicecom.
826 1884 868 1911 W
867 1881 940 1921 iltefi

679 1923 707 1950 V
708 1923 807 1950 icecom.
826 1922 942 1960 Somers?

679 1961 708 1987 V
707 1962 807 1988 icecom.
822 1958 906 1997 Dorf

679 1999 707 2027 V
707 2000 804 2027 icecom.
823 1999 975 2036 Suthampt.

679 2038 705 2065 V
707 2039 808 2066 icecom.
829 2038 953 2067 Kantiae.

678 2076 707 2103 V
708 2077 807 2105 iterum.
828 2075 919 2104 Midd.

677 2114 707 2141 V
707 2115 805 2142 icecom.
823 2113 949 2152 Effixiae.

678 2153 707 2180 V
707 2153 806 2181 icecom.
829 2150 925 2190 Hertf.

679 2191 806 2219 Vicecom.
823 2189 918 2269 Ngqff'

678 2230 706 2258 V
710 2231 808 2258 icecom.
827 2231 845 2259 S
887 2252 893 2258 .

229 2356 249 2376 '⁸‘
272 2358 365 2401 Super
384 2355 557 2400 Intercurfic
571 2356 735 2402 Norwegiae
752 2354 788 2388 de
807 2358 942 2389 Licentia
957 2355 1091 2402 concessit.

126 1654 256 1683 Vicecom.
274 1651 413 1683 Cumbriae.

126 1694 155 1720 V
154 1695 252 1721 icecom.
267 1690 504 1729 Wstmerlandiae.

125 1732 153 1759 V
154 1732 254 1760 icecom.
266 1728 480 1761 Nortbumbriae.

128 1770 256 1798 Vicecom.
274 1767 433 1799 Lincolniae.

127 1808 255 1836 Vicecom.
274 1806 493 1843 Notynghamiae.

128 1845 156 1873 V
157 1847 256 1875 icecom.
277 1845 395 1874 Derbiae.

127 1885 155 1912 V
155 1887 255 1913 icccom.
274 1886 413 1913 Warwici.

127 1923 154 1950 V
156 1925 256 1951 icecom.
274 1924 355 1961 Loyc.

128 1962 256 1989 Vicecom.
277 1961 344 1988 Bed.

128 2001 156 2028 V
157 2002 254 2028 icecom.
275 1998 359 2028 Buks.

130 2040 258 2067 Vicecom.
275 2036 406 2066 Eborum.

131 2076 256 2104 Vicecom.
277 2075 405 2105 Cantebr.

128 2116 156 2143 V
157 2117 256 2143 icecom.
271 2116 362 2144 Hunt.

131 2155 256 2182 Vicecom.
275 2151 378 2182 Norht.

130 2193 257 2220 Vicecom.
272 2190 361 2220 Rotel.

129 2231 159 2259 V
159 2232 260 2259 icecom.
279 2231 371 2258 Oxon.

131 2440 349 2501 EDwardus,
368 2439 426 2470 Dei
442 2439 546 2479 gratia,
562 2443 624 2470 Rex
647 2439 760 2477 Angliae
782 2440 820 2476 ὠ·
842 2444 982 2480 Franciae,
1001 2442 1035 2473 &
1058 2443 1191 2470 Dominus

131 2516 177 2548 Sal
207 2479 347 2509 Hiberniae
360 2503 370 2516 ,
388 2479 522 2509 omnibus
533 2501 543 2516 ,
560 2478 596 2509 ad
615 2487 686 2517 quos
703 2479 851 2516 praesentes
869 2480 974 2512 Literae
992 2481 1189 2519 pervenerint,

178 2525 265 2548 utem.

169 2556 256 2587 Licet
271 2566 378 2593 nuper,
395 2556 424 2585 in
439 2555 549 2586 Statuto
564 2558 677 2586 Henrici
689 2559 783 2594 Sexti,
799 2565 890 2594 nuper
906 2556 942 2587 de
959 2557 1049 2588 Facto
1070 2557 1104 2588 &
1129 2566 1188 2587 non

133 2594 169 2624 de
183 2594 251 2631 Jure
263 2598 341 2631 Regis
354 2593 465 2631 Angliae
473 2617 482 2632 ,
501 2594 589 2625 Anno
604 2595 700 2633 Regni
713 2595 754 2625 sui
768 2594 884 2626 octavo
898 2604 996 2634 tento,
1014 2595 1110 2632 edito,
1119 2594 1189 2624 Pro·

134 2632 254 2663 bibitum
270 2633 303 2663 sit
317 2634 354 2663 ne
368 2634 429 2670 quis
438 2633 597 2672 Ligeorum
609 2633 771 2663 nostrorum
780 2656 790 2671 ‚
807 2635 928 2672 propriae
943 2635 1103 2665 temeritatis
1114 2633 1189 2672 ausu,

132 2672 225 2708 aliqua
250 2671 366 2710 Regna,
382 2671 486 2701 Terras
497 2694 506 2710 ‚
528 2671 669 2702 Dominia
687 2694 696 2709 ,
715 2671 869 2702 Distristus
882 2697 892 2711 ‚
911 2673 1066 2704 Territoria
1079 2695 1088 2710 ‚
1100 2672 1190 2711 juris-

134 2710 288 2748 diffiones,
303 2711 346 2740 seu
361 2709 410 2739 alia
427 2709 507 2740 Loca
521 2709 608 2749 Regis
622 2710 740 2748 Daciae,
759 2710 946 2750 Norwegiae‚
963 2711 1082 2751 Swegiae
1092 2733 1102 2748 ‚
1122 2721 1190 2742 cau-

135 2748 166 2778 sa
176 2747 321 2785 optinendi
337 2748 382 2779 vel
397 2748 518 2778 habendi
537 2748 628 2779 Pilces
649 2757 696 2779 aut
717 2750 806 2787 aliqua
827 2759 1022 2788 quaecumque
1044 2750 1120 2780 Bona
1142 2750 1189 2780 seu

138 2786 344 2824 Mercandffas,
360 2795 544 2824 praeterquam
558 2787 592 2818 ad
606 2786 748 2824 Stapulam
766 2788 844 2818 suam
861 2789 898 2819 de
913 2788 1070 2819 Norbarne
1080 2812 1090 2825 ,
1105 2788 1191 2826 adire,

137 2823 264 2863 ingredi,
283 2824 328 2854 seu
350 2825 452 2855 intrare
473 2825 637 2862 praesurnat,
655 2825 705 2855 sub
728 2825 821 2857 Poena
840 2827 1036 2858 Forisfaomrae
1056 2828 1191 2858 omnium

137 2862 288 2893 Bonorum
305 2863 419 2892 suorum
434 2864 586 2893 mobilium
601 2865 633 2894 &
648 2863 895 2901 imprisonamenti
919 2866 1050 2896 Personae
1069 2865 1102 2896 ad
1129 2865 1193 2895 Vo-

137 2901 277 2932 luntatem
299 2900 424 2931 nostram
440 2925 449 2939 ,
481 2910 566 2938 prout
587 2901 617 2931 in
636 2901 746 2932 Statuto
772 2904 910 2940 praedieto
932 2905 1042 2942 plenius
1063 2905 1194 2936 contine-

140 2948 185 2971 tur

176 2963 246 3009 Nos
259 2987 371 3017 tamen,
386 2978 422 3009 de
437 2977 539 3009 Gratia
552 2977 648 3008 nostra
668 2979 796 3018 speciali,
814 2979 1016 3011 Conceffimus
1037 2982 1071 3013 δε
1093 2980 1196 3011 Licen-

139 3018 208 3047 tiam
230 3017 372 3049 Dedimus
386 3039 395 3055 ‚
415 3017 534 3047 Dilecto
557 3016 677 3055 Nobis,
695 3018 809 3047 Roberto
828 3018 930 3048 Alcock
944 3043 953 3055 ,
978 3018 1137 3050 Mercatori
1159 3019 1195 3050 de

141 3055 315 3094 Kyngeston
324 3056 403 3094 super
418 3056 506 3092 Hull,
525 3055 604 3093 quod
620 3056 676 3092 ipse
691 3066 740 3096 per
756 3056 792 3087 Se
802 3079 812 3094 ‚
830 3066 875 3087 aut
891 3057 1042 3095 Factores,
1060 3058 1195 3089 Attoma-

140 3102 202 3131 t08‚
219 3094 265 3125 seu
279 3095 435 3126 Servientes
446 3094 525 3131 suos,
544 3094 685 3131 quandam
701 3094 838 3133 Navem,
852 3094 976 3134 Pon-agii
994 3096 1195 3128 Ducentorum

143 3133 177 3163 &
201 3132 414 3171 Qinquaginta
436 3132 592 3163 Doliorum
614 3134 660 3163 vel
684 3133 753 3163 infra
769 3156 778 3172 ,
807 3134 1031 3173 quibuscumque
1053 3134 1138 3165 Bonis
1161 3136 1195 3166 δε

146 3169 330 3202 Mercandifis
344 3171 464 3211 Stapulae
480 3170 584 3201 nostrae
602 3169 701 3202 Calefii
715 3173 835 3202 minime
854 3174 1072 3212 pertinentibus,
1089 3173 1196 3204 Carca-

144 3219 174 3239 re
186 3209 233 3240 seu
243 3208 359 3240 Carcari
374 3211 484 3247 facere,
502 3211 535 3241 ὃ(
547 3209 654 3239 dietam
668 3209 789 3241 Navem
803 3211 839 3240 fic
855 3210 1004 3242 Carcatam
1019 3212 1104 3250 usque
1121 3212 1197 3242 Ter-

144 3257 203 3277 ram
214 3247 339 3278 Issandiae
350 3271 360 3286 ,
378 3257 446 3278 cum
462 3247 603 3287 Magistro
619 3249 653 3279 &
678 3248 840 3280 Marinariis
859 3260 911 3288 pro
933 3249 1148 3281 Gubernatione
1162 3251 1196 3281 ὃ(

145 3284 318 3316 Defenfione
338 3286 432 3317 Navis
453 3286 596 3324 praedic‘tae
612 3288 856 3326 competentibus,
875 3289 977 3318 totiens
997 3290 1126 3327 quotiens
1147 3289 1197 3318 fibi

145 3323 291 3364 placuerit,
308 3324 423 3355 durante
439 3324 564 3362 praesenti
579 3324 708 3356 Licentia
721 3326 832 3365 nostra,
849 3326 992 3357 traducere
1010 3328 1043 3358 δε
1059 3328 1197 3358 transmit-

146 3368 222 3399 tere,
238 3371 286 3393 aut
305 3363 415 3394 traduci
435 3364 480 3393 scu
499 3363 644 3394 transmitti
665 3363 774 3403 facere,
787 3366 821 3396 &
843 3364 966 3396 Terram
983 3365 1059 3396 illam
1076 3367 1107 3395 in
1122 3376 1196 3404 quo-

148 3409 272 3438 cumque
288 3400 376 3431 Portu
389 3402 434 3432 seu
449 3402 506 3432 alio
521 3402 608 3432 Loco
628 3402 750 3439 ejusdem
771 3403 878 3442 ingredi
901 3405 934 3436 ὃ(
954 3405 1052 3435 intrare
1088 3414 1122 3435 ac
1143 3405 1197 3434 ibi-

148 3438 219 3468 dem
236 3440 382 3470 morari&
396 3439 584 3471 Mercandisas
597 3440 756 3479 hujusmodi
777 3441 916 3481 vendere,
934 3452 967 3473 ac
992 3443 1041 3473 alia
1061 3428 1141 3474 i30na
1162 3444 1197 3474 ὅ(

151 3475 340 3520 Μεῐςτιηάἰΐαε
356 3488 545 3516 quaecumque
558 3479 663 3509 ibidem
681 3489 794 3519 emere,
808 3482 842 3512 &
863 3490 930 3511 cum
950 3481 1056 3512 eisdem
1076 3481 1198 3512 Navem

149 3514 313 3552 praedictam
329 3526 467 3547 recarcare
479 3518 526 3548 seu
539 3518 670 3548 recarcari
683 3519 793 3558 facere,
808 3520 841 3550 &
859 3518 977 3550 Navem
992 3519 1068 3550 illam
1084 3521 1121 3551 sic
1137 3518 1198 3550 Re-

149 3555 329 3596 carcatamin
343 3554 476 3593 Regnum
492 3555 623 3586 nostrum
637 3557 748 3596 Angliae
761 3557 900 3589 adducere
919 3558 965 3588 seu
984 3558 1084 3589 adduci
1109 3559 1200 3590 facere

150 3591 234 3631 poffit
252 3592 329 3621 licite
350 3593 384 3622 ὃς
407 3594 520 3632 quiete,
538 3595 642 3632 absque
659 3595 886 3633 impedimento,
900 3596 1094 3635 impetitione,
1110 3597 1200 3627 mole—

150 3630 286 3667 statione,
303 3629 349 3659 seu
363 3632 522 3667 gravamine
533 3641 718 3671 quocumque
731 3633 834 3672 nostri,
849 3643 896 3664 aut
918 3634 1134 3666 Officiariorum
1153 3635 1199 3665 seu

153 3668 354 3700 Ministrorum
375 3667 537 3698 nostrorum
556 3679 827 3709 quorumcumque3
844 3671 956 3702 Statuto
979 3675 1114 3710 praediCto
1127 3698 1136 3711 ,
1154 3682 1200 3703 aut

152 3707 207 3738 alio
225 3707 353 3742 Statum,
370 3705 465 3744 Actu,
481 3707 527 3737 vel
542 3706 747 3746 Ordinatione,
766 3711 797 3738 in
819 3712 992 3741 contrarium
1010 3712 1106 3750 faffls,
1122 3712 1200 3742 ordi-

153 3747 238 3783 natis,
253 3745 296 3774 seu
310 3744 439 3782 provifis,
457 3753 516 3774 non
530 3745 720 3785 obstantibus3

189 3783 307 3815 Proviso
322 3782 429 3819 semper
442 3781 522 3819 quod
538 3781 574 3812 de
587 3781 753 3822 Custumis‚
767 3783 914 3822 Subfidiis,
932 3786 965 3817 δε
978 3787 1037 3817 aliis
1052 3787 1200 3825 Deveriis‚

152 3822 253 3853 Nobis
266 3832 318 3859 pro
332 3820 416 3851 Bonis
429 3820 462 3850 &
478 3819 660 3850 Mercandifis
677 3822 818 3859 praedietis
830 3822 928 3854 debitis
937 3847 947 3863 ,
964 3824 1079 3857 fideliter
1086 3826 1200 3867 respon-

154 3861 265 3898 deatur,
283 3868 313 3890 ut
327 3859 367 3889 est
381 3858 493 3896 justum.
560 3897 565 3902 .

192 3898 225 3928 In
240 3899 318 3936 cujus
335 3897 390 3928 Rei
402 3897 617 3927 Testimonium
628 3896 675 3928 has
689 3897 792 3930 Literas
808 3898 914 3931 nostras
934 3899 994 3931 fieri
1011 3902 1132 3934 fecimus
1148 3902 1204 3933 Pa-

154 3944 260 3972 rentes,
275 3947 324 3974 per
340 3935 442 3966 Unum
458 3936 574 3966 Annum
587 3936 735 3966 duraturas.

192 3974 280 4004 Teste
292 3974 399 4012 meipso
416 3974 487 4011 apud
505 3975 552 4003 We
563 3973 775 4015 monasterium,
793 3976 929 4009 vicesimo
942 3986 1043 4017 quarto
1056 3979 1115 4012 Die
1122 3978 1206 4018 Apri·

155 4014 207 4052 lis,
222 4012 309 4043 Anno
323 4012 422 4051 Regni
434 4011 523 4044 nostri
566 4013 649 4043 rimo.

195 4117 268 4147 Tam.
287 4116 318 4146 V.
337 4115 371 4145 Ρ.
390 4116 449 4145 m.

1396 1000 1454 1031 Pro
1473 999 1559 1031 Duce
1581 997 1803 1046 Bukinghaemiae
1813 1026 1823 1041 ,
1852 998 1887 1032 de
1906 998 2094 1033 Intendendo.
2297 955 2433 1064 ἕξέόᾳ

1224 1081 1341 1139 REX
1361 1083 1516 1119 omnibus,
1534 1083 1568 1113 ad
1585 1093 1674 1122 quos,
1692 1085 1752 1116 &c.
1771 1083 1907 1116 Salutem.
2301 1104 2354 1129 An.
2373 1044 2403 1129 ἰ

1321 1121 1418 1151 Sciatis
1438 1122 1517 1160 quod
1537 1121 1624 1160 Nos,
2302 1144 2323 1167 E
2350 1149 2366 1174 5

1259 1157 1432 1190 Fidelitatem
1448 1182 1458 1197 ‚
1479 1160 1678 1196 Strenuitatem
1695 1185 1704 1199 ‚
1724 1162 1757 1193 ὃς
1777 1161 2074 1199 circumspectionem
2089 1186 2098 1201 ,
2118 1163 2275 1202 praediled’ti
2299 1161 2349 1206 Par
2372 1160 2385 1205 Ἰ

1222 1196 1432 1237 Confimguinei
1459 1198 1547 1228 nostri
1569 1222 1580 1237 ,
1611 1202 1723 1229 Henrici
1751 1203 1834 1230 Ducis
1865 1200 2069 1239 Bukinghamiae
2099 1204 2277 1234 consideran-
2300 1221 2330 1244 E.
2350 1225 2378 1251 5
2393 1198 2432 1243 'm

1221 1244 1279 1273 tes,

1258 1274 1315 1304 Pro
1338 1274 1491 1305 Securitate
1511 1275 1642 1305 Personae
1664 1275 1768 1307 nostrae
1792 1279 1826 1309 &
1847 1277 1943 1315 Regni
1973 1277 2062 1309 nostri
2088 1278 2200 1318 Angliae
2213 1304 2222 1317 ,
2244 1288 2278 1311 ac
2304 1265 2328 1292 3*
2344 1256 2369 1282 d'

1222 1312 1448 1344 Conservatione
1470 1312 1549 1343 Pacis
1571 1313 1690 1352 nostrae,
1718 1325 1833 1346 necnon
1855 1316 2072 1354 Tranquillitate
2091 1317 2279 1349 Subditorum

1222 1352 1390 1382 nostrorum
1403 1375 1411 1388 ,
1431 1353 1458 1381 in
1483 1351 1676 1382 Comitatibus
1696 1353 1816 1391 Salopiae
1831 1377 1841 1392 ‚
1860 1354 2036 1386 Herefordiae
2049 1378 2060 1394 ,
2087 1355 2281 1396 Somersetiae‚

1224 1389 1361 1420 Dorsetiae
1370 1413 1378 1428 ,
1394 1392 1427 1422 ὃς
1443 1390 1578 1420 Wiltesice
1589 1391 1724 1421 habendis
1737 1394 1769 1423 ὅ(
1783 1393 1995 1430 continuandis,

1259 1428 1401 1458 Dedimus
1418 1430 1451 1461 ὅς
1466 1427 1682 1467 aneffimm,
1701 1430 1734 1460 &
1749 1440 1798 1468 per
1814 1431 1967 1463 Praesentes
1982 1432 2093 1464 Damus
2108 1434 2142 1464 &
2163 1432 2282 1465 Conce-

1223 1466 1315 1497 dimus
1337 1466 1432 1497 eidem
1452 1466 1670 1506 Consanguineo
1690 1468 1789 1498 nostro
1809 1469 2035 1508 Supervifionem
2053 1473 2185 1503 omnium
2206 1472 2282 1503 Sub-

1224 1506 1349 1535 ditorum
1370 1505 1551 1543 nostrorum,
1569 1507 1617 1543 qui
1637 1516 1713 1536 nunc
1733 1507 1793 1537 sunt
1811 1509 1844 1539 &
1866 1510 1915 1546 qui
1937 1509 2124 1547 imposterfim
2146 1520 2229 1541 erunt
2249 1512 2280 1542 in

1226 1543 1417 1574 Comitatibus
1433 1544 1502 1581 iilis,
1517 1554 1550 1574 ac
1566 1543 1736 1574 Potestatem
1753 1546 1786 1575 δε
1805 1546 2015 1578 Auctoritatem
2029 1548 2062 1578 ad
2078 1559 2142 1588 eos,
2160 1550 2281 1581 defensi·-

1226 1583 1316 1614 biliter
1332 1582 1487 1619 Arraiatos,
1500 1582 1577 1619 juxta
1591 1583 1786 1613 discretionem
1802 1585 1882 1623 iplius
1898 1584 2005 1624 Ducis,
2021 1585 2154 1618 Nomine
2170 1587 2281 1626 nostro,

1225 1630 1278 1660 pro
1294 1621 1430 1660 Negotiis
1451 1621 1552 1651 nostris
1573 1620 1809 1652 Convocandum
1830 1624 1863 1653 &
1887 1622 2137 1664 Coadunandurn,
2156 1636 2189 1656 ac
2211 1626 2283 1664 ipsos

1226 1660 1264 1690 sic
1281 1659 1464 1690 Coadunatos
1478 1660 1512 1691 ὃ(
1526 1659 1685 1698 Arraiatos,
1701 1660 1834 1690 Nomine
1856 1661 1969 1700 nostro,
1988 1672 2040 1700 pro
2060 1664 2214 1695 Securitate
2236 1665 2284 1695 seu

1226 1698 1403 1729 Defenfione
1419 1697 1532 1736 nostra,
1551 1697 1647 1737 Regni
1664 1698 1770 1737 nostri,
1790 1699 1836 1729 vel
1849 1699 1976 1731 Partium
1992 1701 2117 1741 illarum,
2134 1711 2181 1733 aut
2201 1701 2285 1732 Con-

1226 1738 1381 1768 servatione
1394 1737 1473 1768 Pacis
1487 1736 1607 1775 nostrae,
1626 1737 1672 1767 vel
1693 1737 1751 1768 aliis
1770 1737 1906 1777 Negotiis
1925 1738 2042 1777 nostris,
2059 1741 2093 1770 ad
2116 1750 2286 1779 quemcum—

1226 1786 1282 1812 que
1298 1776 1411 1806 Locum
1427 1777 1472 1806 vel
1494 1785 1685 1813 quaecumque
1703 1776 1783 1806 Loca
1802 1777 1872 1807 infra
1894 1777 1972 1808 idem
1994 1777 2133 1818 Regnum
2155 1779 2285 1810 nostrum

1226 1814 1403 1845 Ducendum
1424 1814 1468 1845 seu
1492 1813 1686 1851 Mittendum,
1703 1814 1740 1844 de
1761 1823 1892 1852 tempore
1913 1817 1942 1846 in
1964 1826 2074 1857 tempus
2089 1841 2098 1855 ‚
2115 1817 2184 1848 infra
2207 1817 2285 1850 idern

1227 1853 1364 1891 Regnum
1379 1854 1508 1883 nostrum
1520 1875 1529 1891 ‚
1545 1855 1622 1890 juxta
1637 1852 1832 1883 discretionem
1845 1854 1928 1892 ipsius
1943 1855 2051 1893 Ducis,

1265 1893 1303 1923 Et
1319 1892 1432 1922 ulterius
1447 1892 1629 1929 Praecipimus
1641 1893 1775 1921 omnibus
1791 1893 1824 1923 &
1841 1893 1949 1931 singulis
1965 1893 2208 1934 Vicecomitibus,
2220 1894 2284 1926 Co·

1228 1931 1419 1968 ronatoribus,
1437 1930 1562 1968 Ballivis,
1577 1931 1610 1961 &
1624 1930 1680 1961 aliis
1694 1928 1835 1960 Ministris
1851 1931 1952 1962 nostris
1975 1933 2130 1971 praediffis,
2147 1943 2180 1965 ac
2202 1935 2284 1965 cuili-

1228 1970 1277 2000 bet
1292 1969 1447 2008 Ligeorum
1461 1970 1493 2000 ὃς
1506 1968 1693 1999 Subditorum
1706 1969 1870 1999 nostrorum
1886 1972 1914 2000 in
1929 1970 2122 2002 Comitatibus
2132 1972 2284 2012 praedstlis,

1227 2009 1277 2047 qui
1291 2017 1369 2038 nunc
1383 2007 1445 2037 sunt
1458 2008 1491 2038 &
1504 2008 1552 2044 qui
1565 2006 1753 2044 imposterum
1770 2017 1869 2046 erunt,
1888 2009 1968 2046 quod
1984 2010 2075 2039 eidem
2095 2010 2176 2041 Duci
2200 2012 2230 2042 in
2251 2022 2283 2043 ea

1227 2056 1305 2116 parte
1320 2069 1330 2084 2
1353 2047 1382 2076 in
1404 2045 1578 2076 Executione
1599 2046 1679 2084 hujus
1703 2045 1902 2077 Conceffionis
1928 2048 1961 2078 &
1984 2049 2002 2066 *
2025 2047 2154 2079 Mandati
2177 2050 2284 2089 nostri,
2305 2061 2325 2081 :it
2342 2062 2409 2092 χχχς

1244 2096 1261 2115 n

1229 2126 1248 2154 b
1264 2086 1407 2115 tendentes
1421 2084 1489 2124 sint,
1507 2083 1701 2123 obedientes,
1719 2085 1753 2116 &
1769 2084 1954 2125 Auxiliantes,
1972 2085 2022 2117 sub
2036 2087 2164 2126 periculo
2174 2089 2286 2121 incum·
2312 2101 2373 2130 ,gh

1250 2133 1322 2154 ente.

1262 2161 1534 2240 {nesctlgjtfiggssecgimd
1548 2200 1822 2242 Wstmonasterium,
1841 2201 1958 2234 decimo
1971 2202 2047 2235 sexto
2059 2203 2106 2235 die
2119 2203 2202 2236 Maii.

1698 2280 1751 2308 Per
1769 2281 1862 2309 Breve
1876 2278 1909 2309 de
1922 2282 2042 2311 Privato
2054 2280 2154 2320 Sigillo.

1487 2405 1536 2437 De
1556 2400 1670 2436 Ordine
1688 2403 1833 2437 Militari
1841 2402 2038 2451 fitftipiendo.

1228 2489 1342 2547 REX
1362 2489 1536 2534 Vicecomiti
1553 2488 1748 2536 Middlesexiae
1763 2488 1899 2520 Salutem.
1941 2529 1946 2534 ⁸
2171 2530 2180 2540 ‹
2240 2532 2246 2539 .

1320 2529 1503 2566 Praempimus
1518 2526 1589 2558 T1b1
1601 2527 1698 2566 quod,
1717 2538 1765 2565 per
1778 2536 1866 2558 totam
1881 2528 2015 2559 Ballivam
2034 2538 2114 2562 tuam
2129 2553 2139 2569 ,
2157 2539 2217 2563 tam
2239 2542 2284 2563 rn-

1227 2565 1268 2596 fra
1293 2568 1445 2598 Libertatec
1469 2567 1556 2605 quam
1577 2575 1668 2604 estra,
1686 2566 1736 2597 ubi
1755 2566 1886 2604 expedire
1908 2567 2024 2606 videris,
2041 2570 2155 2608 publice
2176 2571 2286 2608 procla-

2307 2502 2384 2535 Ann.
2395 2500 2439 2533 D.

2328 2543 2415 2582 1483,

1229 2608 1298 2636 mari
1313 2608 1395 2637 facias
1410 2606 1490 2644 quod
1503 2614 1604 2636 omnes
1618 2605 1673 2643 illi,
1691 2606 1739 2642 qui
1756 2605 1946 2644 Quadraginta
1968 2606 2096 2639 Libratas
2118 2609 2219 2652 Terrae
2240 2610 2288 2642 vel
2307 2585 2403 2655 ἕηῑι

1228 2643 1369 2676 Redditus
1386 2654 1435 2682 per
1452 2644 1570 2674 Annum
1587 2645 1614 2673 in
1630 2643 1758 2673 manibus
1773 2644 1826 2674 suis
1846 2644 1892 2675 vel
1907 2644 1941 2675 ad
1956 2654 2055 2676 eorum
2078 2646 2158 2678 usum
2180 2657 2211 2678 1n
2227 2658 2288 2680 ma·
2309 2657 2395 2693 Claus.
2415 2665 2444 2684 ¹,

1227 2685 1311 2714 nibus
1327 2682 1522 2714 Feoffatorum
1539 2682 1712 2718 habuerunt,
1730 2682 1764 2712 &
1787 2681 1897 2712 Milites
1920 2692 1980 2713 non
2001 2683 2081 2723 sunt,
2100 2695 2188 2723 penes
2210 2686 2290 2719 Prae-
2310 2701 2339 2724 Ε,
2362 2705 2390 2732 5,
2404 2705 2442 2723 m,

1227 2722 1343 2752 sentiam
1357 2721 1498 2759 nostram,
1517 2721 1659 2751 Ordinem
1676 2719 1832 2750 Militarem
1854 2720 2020 2761 suscepturi,
2038 2725 2107 2754 citra
2129 2724 2289 2756 Decimum
2313 2745 2337 2765 1,

1228 2760 1376 2791 octavum
1392 2760 1483 2791 Diem
1492 2760 1571 2797 Junii
1585 2760 1719 2797 proximo
1735 2758 1861 2790 futurum
1873 2759 1907 2790 ad
1928 2760 2078 2801 ultimum,
2096 2762 2147 2793 sub
2161 2765 2289 2801 periculo

1228 2800 1404 2830 incumbenti
1416 2798 1569 2836 accedant,

1267 2838 1305 2870 Et
1320 2838 1356 2869 de
1372 2837 1550 2868 Nominibus
1564 2845 1684 2874 eorum,
1701 2836 1751 2875 qui
1769 2836 1958 2876 Quadraginta
1975 2837 2101 2869 Libratas
2121 2837 2223 2870 Terrae
2244 2842 2289 2873 vei

1232 2875 1375 2907 Redditus
1394 2877 1422 2906 in
1443 2875 1547 2906 Balliva
1563 2874 1610 2906 tua
1629 2875 1752 2912 habent,
1769 2875 1918 2914 diligenter
1939 2877 2060 2913 inquiras
2074 2899 2084 2914 ,
2101 2876 2134 2907 &
2158 2877 2227 2908 Nos
2249 2879 2287 2910 de

1233 2915 1414 2946 Nominibus
1429 2915 1477 2944 illis
1492 2915 1521 2944 in
1538 2912 1713 2944 Cancellaria
1727 2913 1824 2943 nostra
1837 2922 1903 2943 ante
1917 2913 2029 2944 dietum
2038 2914 2198 2946 Decimum
2207 2918 2287 2949 οᾶε-

1234 2964 1305 2986 vum
1322 2954 1411 2984 Diem
1425 2952 1504 2991 Junii
1521 2951 1652 2983 constare
1669 2951 1767 2982 facias:
1786 2950 1827 2982 Et
1851 2951 1908 2982 hoc
1923 2952 2077 2985 nullatenus
2090 2955 2225 2993 omittas,
2245 2965 2290 2987 re-

1233 2994 1348 3023 mittens
1365 2992 1448 3022 nobis
1465 2992 1522 3022 hoc
1541 2990 1638 3021 Breve.

1270 3068 1359 3101 Teste
1374 3069 1455 3107 Rege
1468 3067 1541 3106 apud
1557 3065 1831 3108 Wstmonastermm‚
1850 3066 1988 3099 vicefimo
2001 3068 2047 3100 die
2064 3069 2146 3102 Maii.

1893 3146 1948 3175 Per
1959 3145 2044 3185 ipsimi
2058 3149 2160 3184 Regem.

1235 3221 1403 3254 Confimilia
1418 3221 1514 3253 Brevia
1538 3221 1696 3259 diriguntur
1718 3219 1946 3252 vicecomitibus
1969 3223 1997 3252 in
2020 3221 2210 3254 Comitatibus
2228 3222 2292 3256 sub-

1473 3260 1579 3299 scriptis
1588 3283 1598 3299 ,
1615 3260 1665 3291 sub
1679 3260 1780 3291 eadem
1795 3258 1888 3298 Data,
1906 3260 2054 3299 videlicet,

1235 3342 1358 3373 London.
1785 3342 1914 3378 Oxoniae,
1931 3341 2026 3370 Berkr.

1234 3383 1356 3411 Kantiae.
1784 3378 1953 3418 Bedfhrdiae,
1970 3378 2183 3416 Bukinghamiae.

1235 3422 1344 3449 Surriae.
1787 3419 1917 3456 Effixiae,
1936 3416 2112 3456 Hertfordiae.

1235 3457 1368 3497 Suffi’xiae.
1785 3455 1985 3494 Cantabrigiae,
2003 3458 2219 3497 Huntingtoniae‚

1235 3496 1322 3526 Sutha
1366 3498 1455 3526 toniae.
1785 3492 1956 3531 Norffolciae,
1974 3493 2113 3533 Suffblct'ae.

1238 3537 1281 3564 W
1279 3535 1327 3564 ilte
1338 3545 1381 3571 tce,
1783 3530 1942 3561 Lincolm'ae.

1236 3573 1408 3612 Somerfitiae.
1783 3568 2031 3606 Northamptoniae,

1237 3613 1378 3651 Dorsetiae.
1783 3605 1959 3638 Rotelandiae.

1238 3653 1379 3680 Deveniae.
1785 3645 1912 3674 Eborum.

1238 3688 1384 3718 Cornubiae.
1785 3683 2006 3724 Notinghamiae,
2024 3688 2143 3717 Derbiae.

1237 3726 1400 3794 Stalffbrdiae.
1785 3721 2000 3754 Northumbriae.

1237 3768 1274 3794 Sa
1287 3768 1358 3802 opiae,
1786 3760 2022 3798 Westmerlandiae.

1237 3801 1414 3842 Herefordiae.
1785 3798 1925 3829 Cumbriae.

1242 3842 1399 3878 Wigorniae.
1785 3837 1963 3876 Lancastriae.

1241 3878 1415 3917 Gloucellriae.
1788 3877 1963 3915 mrrewrci,
1980 3875 2145 3915 Leycestriae.
