2555 4266
3 324 69 351 Edv.
90 332 118 357 4.

11 836 28 852 ⁸
49 835 119 863 ΧΠ.

12 890 57 911 1)·

157 159 208 199 88

158 320 329 352 Marinarios
346 343 355 359 ,
380 319 528 357 Clericos,
543 318 712 358 Peregrinos
722 341 731 357 ,
750 318 922 357 Piscatores,
939 319 984 349 vel
1001 319 1069 349 alios
1086 318 1222 349 Subditos

157 360 355 398 quoscumque
374 357 499 388 Partium
517 357 628 396 Angliae
639 380 649 395 ‚
667 358 696 387 in
715 367 817 387 eorum
833 356 964 388 Personis
981 357 1026 388 vel
1046 357 1148 397 Bonis,

196 398 235 429 Et
252 398 392 434 similiter,
409 397 438 426 in
458 395 591 426 Portubus
605 395 734 435 Augliae‚
749 395 916 434 Hiberniae,
934 397 968 427 ὅ(
989 395 1121 434 Calesiae,
1138 394 1222 426 nullis

156 439 263 467 Piratis
281 435 408 474 Anglicis
421 456 431 474 ,
457 434 640 473 Hibernicis,
660 434 773 465 Francis
786 458 796 473 ,
815 435 861 466 vel
875 436 933 465 aliis
947 436 1174 473 quibuscumque
1189 435 1223 464 li-

156 476 237 506 cebit
250 474 297 505 vel
314 475 367 504 erit
381 473 553 504 Permissum
570 473 674 504 habere
688 472 843 504 Introitum
856 475 890 505 &
907 473 1040 512 Exitum,
1057 473 1093 504 ad
1111 473 1223 510 Damp·

156 513 336 544 nificandum
352 511 531 543 Mercatores
550 513 596 542 vel
614 511 751 543 Subditos
767 511 925 544 Brabantiae
939 536 949 548 ,
966 512 1122 549 Flandriae‚
1140 511 1223 540 Han-

156 553 253 582 noni-ae
264 575 273 591 ‚
291 551 474 589 Hollandiae,
497 550 673 583 Zeellandiae
689 574 699 590 ,
721 550 908 589 Mechfiniae,
927 552 961 582 &
978 551 1098 581 aliorum
1115 549 1224 580 Domi-

157 593 274 635 niorum
294 590 519 629 praediCtorum‚
545 591 575 620 in
599 599 702 621 eorum
717 589 864 628 Personis‚
881 588 1085 626 MercandisiS,
1100 588 1146 619 vel
1165 587 1224 618 Bo-

156 640 219 665 nis,

197 668 236 699 Et
250 692 261 708 ,
282 667 303 699 fi
319 678 369 707 per
391 668 500 706 aliquos
517 667 622 698 Piratas
635 667 726 705 aliqua
743 667 823 698 Bona
839 666 1038 697 Meroetorum
1056 664 1103 695 vel
1119 663 1224 695 Subdi-

159 715 256 738 torum
272 707 400 738 Partium
419 706 552 746 Angfiae,
572 706 741 743 Brabantiae‚
763 705 919 743 Flandriae,
936 703 1118 740 Hollandiae,
1136 702 1223 733 Zeel-

157 746 280 785 landiae,
299 745 486 783 Mechliniae,
503 746 536 775 &
552 745 673 775 aliorum
692 744 903 774 Dominiorum
921 746 1098 774 Dominarum
1117 745 1225 772 Ducum

159 785 366 823 praedietorum
380 784 459 822 super
478 783 554 814 Mari
567 791 747 821 caperentur,
767 783 800 813 &
816 783 846 812 in
863 783 988 820 aliquem
1002 781 1125 812 Portum
1143 780 1226 810 unius

161 824 207 855 vel
225 824 334 855 alterius
355 823 444 854 Partis
461 822 685 859 adducerentur,
703 831 763 851 non
783 829 919 858 poterunt
937 820 1016 851 Bona
1034 819 1072 849 sic
1092 819 1111 838 ⁴¹
1131 818 1224 855 Capta

149 864 195 896 ⁷&
211 861 383 901 Depraedata
405 861 515 892 ibidem
532 870 581 897 per
600 860 672 897 ipsos
689 858 794 890 Piratas
818 859 864 889 vel
881 859 950 889 alios
967 857 1164 896 quoscumque
1184 856 1226 886 A·

161 903 254 932 micos
272 901 317 932 vel
334 900 470 931 Inimicos
486 900 556 937 poni
574 899 608 929 ad
628 898 772 934 Terram,
791 897 877 928 vendi
893 897 938 927 vel
956 897 1075 927 alienari.

200 939 259 979 Et,
277 939 297 970 si
314 939 519 970 nichilominus
538 937 720 973 contingeret
736 936 836 967 eadem
855 934 932 966 Bona
949 936 984 966 ad
1003 935 1126 965 Terram
1146 933 1226 971 poni,

161 979 329 1016 ibidemque
347 977 457 1014 vendi,
482 976 520 1005 de
543 975 604 1013 ipsis
622 975 707 1005 Bonis
725 975 772 1005 vel
791 984 892 1005 eorum
911 974 1084 1015 Valere—per
1104 971 1227 1003 Officia-

160 1018 220 1048 rios
248 1018 399 1048 Locorum
419 1013 575 1045 Restitutio
592 1013 639 1044 fiet
658 1013 869 1045 Mercatoribm
887 1015 921 1045 «Sc
936 1011 1064 1042 Subditis
1082 1010 1227 1049 Dampni-

162 1055 252 1087 ficatis
271 1057 304 1086 &
322 1053 500 1092 Depraedatis
517 1075 529 1090 ‚
549 1053 585 1084 ad
611 1062 678 1090 quas
703 1052 907 1083 Restitutiones
924 1049 1065 1081 faciendas
1082 1051 1229 1081 habebunt

161 1094 304 1126 Officiarii
330 1093 480 1124 Locorum
505 1090 733 1122 Commiffiones
759 1090 889 1128 speciales
914 1090 943 1119 in
962 1089 1008 1120 tali
1025 1088 1099 1120 Casu
1115 1089 1230 1126 requisi-

160 1141 202 1165 tas
217 1157 228 1172 ,
249 1133 351 1170 quibus
374 1131 564 1162 mediantibus
586 1129 733 1168 praedistas
752 1128 959 1160 Restitutiones
977 1128 1071 1159 facere
1088 1129 1230 1159 tenebun-

161 1181 225 1209 tur,
242 1172 293 1202 sub
312 1170 404 1202 Poena
419 1171 456 1200 ab
474 1170 513 1200 eis
526 1168 746 1206 Recuperandi‚
762 1168 782 1198 fi
798 1176 980 1206 compertum
996 1167 1095 1204 fuerit,
1114 1177 1163 1207 per
1179 1176 1230 1197 eo-

163 1220 229 1241 rum
249 1209 361 1240 Dolum
377 1233 387 1248 ,
415 1208 540 1246 Culpam
554 1232 564 1245 ,
588 1206 807 1238 Permissionem
824 1229 834 1245 ‚
858 1206 904 1236 vel
922 1205 1158 1246 Negligentiam,
1174 1205 1229 1243 ipsa

166 1248 266 1287 Bona,
284 1258 370 1288 prout
387 1247 578 1286 supradictum
596 1245 655 1283 est,
675 1244 767 1285 Capta
783 1247 816 1277 δε
836 1245 1006 1283 Depraedam
1017 1269 1027 1282 ,
1051 1244 1086 1275 ad
1105 1244 1230 1275 Terram

163 1287 251 1326 posita
265 1310 274 1325 ‚
298 1287 412 1319 vendita
429 1287 462 1317 &
479 1285 596 1316 alienata
613 1284 695 1315 fuisse
712 1307 722 1322 ,
747 1284 850 1322 absque
865 1294 902 1314 eo
918 1283 999 1322 quod
1017 1284 1066 1321 ipsi
1085 1282 1231 1314 Officiarii

165 1326 203 1356 de
228 1326 292 1363 ipsis
316 1326 401 1357 Bonis
426 1324 472 1355 vel
499 1333 603 1355 eorum
631 1323 738 1355 Valore
763 1322 929 1362 depraedatis
954 1322 1000 1354 vel
1023 1322 1232 1360 dampnificatis

166 1364 393 1396 Restitutionem
412 1363 550 1400 fecerint,

204 1404 316 1435 Fierent
334 1403 444 1440 insuper
460 1401 569 1433 Edicto
593 1401 716 1432 Publico
732 1400 944 1432 Prohibitiones
962 1400 1089 1439 poenales
1104 1401 1134 1430 in
1158 1399 1233 1431 Por-

165 1443 250 1474 tubus
269 1443 302 1473 &
320 1442 478 1472 Littoribus
495 1440 637 1479 utriusque
656 1440 745 1471 Partis
787 1441 825 1470 ne
845 1440 991 1478 quisquam
1013 1438 1232 1478 (cujuscumque

170 1481 307 1511 Nationis
331 1479 444 1524 existat).
467 1479 530 1510 talia
556 1479 655 1518 Bona,
680 1489 731 1517 per
748 1463 853 1509 Piratas
871 1477 963 1516 Capta
978 1478 1024 1508 vel
1044 1477 1236 1519 Depraedata‚

167 1519 202 1550 ad
225 1519 349 1550 Terram
374 1529 446 1558 pom
464 1519 606 1558 permittat
622 1542 632 1557 ,
657 1517 705 1550 vel
726 1517 782 1557 ipsa
799 1517 895 1556 aliquo
913 1516 1005 1548 modo
1022 1526 1117 1548 emere
1132 1516 1236 1555 praesu-

170 1567 240 1590 mat.

209 1597 317 1635 ITEM,
335 1595 416 1635 quod
436 1595 631 1633 ViCtualibus,
650 1594 854 1633 Mercandifis‚
870 1595 904 1626 &
923 1595 980 1625 aliis
998 1594 1103 1632 Bonis,
1121 1596 1237 1626 venien-

169 1636 243 1667 tibus
259 1635 295 1666 de
314 1635 442 1666 Partibus
461 1634 497 1665 de
514 1635 587 1666 Eost
608 1635 701 1665 versus
721 1633 860 1673 Regnum
879 1634 995 1671 Angliae
1011 1658 1020 1668 ,
1038 1633 1084 1663 vel
1102 1632 1138 1664 de
1157 1633 1236 1664 Cali-

170 1674 209 1706 sia
222 1675 314 1706 versus
327 1674 521 1712 Brabantiam,
540 1673 716 1711 Flandriam,
736 1682 785 1711 per
801 1671 994 1710 quascumque
1009 1671 1158 1710 Personas,
1178 1682 1239 1704 non

170 1713 306 1744 Inimicas
325 1714 374 1743 uni
393 1712 468 1743 Parti
485 1723 540 1743 nec
558 1713 635 1744 alteri
651 1735 662 1749 ,
685 1713 714 1741 in
734 1711 962 1749 quibuscumque
979 1711 1055 1742 vafis
1079 1710 1125 1742 vel
1144 1711 1237 1742 Navi-

170 1753 223 1782 bus
238 1752 393 1789 ducendis,
411 1761 470 1782 non
487 1753 541 1782 erit
559 1761 606 1792 per
624 1759 710 1782 unam
726 1749 840 1781 Partem
854 1759 909 1781 nec
925 1760 976 1788 per
994 1749 1109 1783 alteram
1127 1750 1239 1782 facstum

171 1791 289 1829 aliquod
309 1790 565 1829 Impedimentum.

57 3885 76 3904 ⁸
99 3885 168 3913 XII.

210 1829 318 1868 ITEM,
337 1830 591 1869 quorienscumque
606 1829 787 1867 contingeret
824 1827 884 1859 uod
899 1827 1001 1866 aliquae
1019 1827 1138 1865 Navec,
1157 1827 1240 1859 One-

171 1877 239 1899 ratae
264 1873 298 1902 &
318 1880 378 1900 non
397 1869 547 1900 Ordinatae
565 1867 600 1898 ad
619 1867 764 1898 Guerram
780 1890 790 1905 ,
837 1868 939 1898 artium
958 1867 1074 1904 Angliae
1088 1891 1097 1904 ,
1117 1866 1241 1897 Braban-

171 1909 233 1946 tiae,
253 1908 392 1941 Flandriae
405 1931 415 1947 ,
439 1907 622 1942 Hannoniae,
641 1905 821 1944 Hollandiae,
842 1905 1035 1944 Zeellandiae,
1053 1905 1241 1946 Mechliniae,

172 1947 207 1977 &
228 1949 349 1979 aliorum
371 1947 581 1978 Dominiorum
604 1948 782 1975 Dominarum
804 1947 911 1975 Ducum
936 1944 1143 1982 praedictorum
1158 1967 1167 1983 ,
1191 1955 1241 1985 per

172 1987 391 2026 Tempestatem
415 1985 506 2016 Maris
519 2008 529 2023 ,
553 1983 624 2015 Vim
640 1983 796 2021 Hostium,
813 1983 860 2014 vel
875 1983 957 2014 aliam
971 1983 1095 2014 Causam
1111 1983 1241 2022 compel-

172 2027 264 2058 lantur
278 2027 306 2056 in
320 2025 444 2064 aliquem
458 2023 580 2055 Portum
594 2024 675 2053 unius
689 2022 775 2053 Partis
790 2022 835 2052 vel
852 2021 962 2053 alterius
978 2021 1115 2060 applicare
1139 2023 1183 2052 vel
1200 2023 1244 2053 in-

174 2074 262 2104 trare,
278 2064 373 2095 Navis
388 2064 458 2094 illius
474 2062 577 2100 Partis,
596 2062 697 2100 quibus
713 2061 773 2092 talia
787 2062 976 2099 contingent,
1003 2071 1071 2092 cum
1095 2059 1245 2092 Mercato-

175 2105 252 2135 ribus
266 2105 299 2136 &
315 2103 421 2134 Nautis
433 2102 479 2133 seu
498 2101 655 2131 lelarinariis
669 2101 699 2130 in
717 2100 778 2138 ipfis
795 2099 995 2138 existentibus,
1014 2101 1042 2129 in
1058 2099 1167 2130 alterius
1176 2099 1245 2131 Par-

176 2144 211 2174 tis
233 2143 377 2174 Portubus
397 2141 493 2171 secure
519 2149 600 2170 erunt
624 2140 657 2170 &
680 2138 870 2176 Recipientur
883 2161 892 2175 ,
918 2139 951 2169 &
968 2140 1005 2169 ab
1021 2138 1083 2176 ipsis
1100 2138 1245 2170 Portubus

177 2190 312 2220 poterunt
335 2181 423 2211 libere
445 2179 597 2210 Recedere
613 2200 622 2216 ,
647 2187 716 2208 cum
741 2187 842 2208 eorum
866 2177 950 2208 Bonis
967 2176 1153 2208 Mercandisis
1189 2178 1246 2209 sine

177 2220 421 2252 contradictione
441 2220 474 2249 &
495 2217 729 2255 lmpediment03
752 2216 867 2256 proviso
889 2216 971 2255 qubd
995 2215 1074 2246 Bona
1099 2216 1145 2247 seu
1161 2200 1245 2247 Mer-

176 2261 298 2297 cantins,
317 2268 380 2295 que
400 2259 429 2288 in
443 2257 505 2296 ipsis
519 2256 650 2287 Navibus
665 2263 762 2292 erunt,
782 2264 842 2285 non
857 2263 964 2293 ponent
979 2255 1012 2284 ad
1022 2254 1145 2285 Terram
1155 2279 1165 2292 ,
1184 2265 1242 2287 nec

178 2299 209 2329 in
231 2299 288 2329 aliis
309 2297 444 2328 Navibus
459 2321 468 2334 ,
493 2296 550 2326 sine
568 2293 699 2325 Licentia
717 2292 935 2325 Officiariorum
958 2292 1099 2332 Principis
1119 2293 1243 2333 Patriae,

179 2336 225 2368 vel
238 2338 358 2368 aliorum
368 2336 402 2366 ad
419 2336 477 2365 hoc
494 2333 667 2365 Potestatem
682 2333 859 2363 habentium.

218 2374 324 2413 Ιτεκ,
343 2373 423 2413 quod
439 2376 544 2404 Nautae
551 2372 601 2412 seu
619 2370 748 2410 Magistri
762 2373 890 2401 Navium
905 2394 916 2410 ,
941 2369 979 2406 &
1003 2373 1157 2401 Marinarii
1174 2373 1246 2402 Par—

178 2418 247 2444 tium
263 2413 394 2452 Angliae,
404 2412 468 2450 post
482 2412 651 2442 Adventum
664 2420 767 2441 eorum
783 2410 817 2440 ad
832 2409 953 2440 Portum
969 2409 1143 2446 Brabantiae,
1159 2410 1182 2441 F
1185 2411 1244 2440 lan-

177 2454 266 2491 driae,
283 2452 464 2489 Honandiae,
483 2450 675 2487 Zeellanrlize‚
695 2449 862 2479 &aliorum
882 2448 1090 2479 Dominiorum
1113 2451 1246 2479 Domino-

178 2503 238 2521 rum
261 2494 366 2520 Ducum
386 2491 588 2527 praedicttorum
604 2511 613 2526 ,
638 2496 771 2526 poterunt
792 2489 942 2525 imponere
965 2497 1068 2518 eorum
1092 2486 1193 2518 Naves
1216 2490 1245 2518 in

178 2530 283 2560 eisdem
307 2529 448 2559 Portubus
466 2551 476 2565 ,
500 2527 556 2558 five
582 2527 739 2557 Littoribus
756 2526 859 2563 ligare,
877 2536 913 2556 eo
929 2525 1019 2556 modo
1035 2536 1095 2564 quo
1111 2535 1247 2564 poterunt

179 2569 294 2600 Subditi
303 2567 428 2605 ipsorum
449 2570 627 2596 Dominarum
643 2567 750 2594 Ducum
767 2564 991 2602 praediuorum3
1017 2565 1050 2595 &
1064 2564 1163 2595 iisdem
1180 2566 1248 2596 lice-

180 2608 225 2638 bit
243 2609 346 2636 Nautis
360 2606 405 2644 flu
422 2604 563 2674 Magissris
583 2606 710 2633 Navium
728 2602 766 2636 ὠ·
782 2606 950 2632 Marinariis
962 2603 1144 2642 Brabantiae,
1164 2603 1248 2634 Flan-

180 2646 266 2683 driae,
286 2645 451 2675 Hannoniae
464 2667 474 2681 ,
534 2642 665 2673 ollandiae
680 2664 690 2679 ,
709 2640 904 2679 Zeenandiae,
923 2640 1108 2679 Mechliniae,
1127 2643 1160 2672 &
1180 2643 1246 2673 alia·

182 2694 247 2755 rlulm
270 2683 426 2715 Patriarum
446 2681 666 2720 praedictarum,
690 2681 720 2710 in
733 2679 892 2718 Portubus,
912 2678 1040 2719 Angli-ae,
1059 2678 1198 2719 Calefiae,
1213 2683 1247 2712 ὃς

219 2724 336 2754 iberniae

220 2760 308 2792 ΙΤΕΜ
319 2784 329 2796 ,
344 2747 510 2791 hkrcatmes
520 2784 529 2797 ‚
544 2759 667 2796 Nautae,
675 2757 727 2797 ftu
745 2757 872 2797 Magistri
887 2758 1033 2796 Navium,
1051 2756 1199 2788 Marinarii
1214 2757 1248 2788 &

185 2799 466 2831 SubditiPatriarum
488 2799 643 2829 Brabantiae
657 2819 667 2834 ,
686 2797 710 2827 F
713 2796 846 2833 landriae,
866 2795 1049 2833 Hannoniae,
1067 2795 1252 2834 Hollandiae,

187 2838 360 2872 Zeellandiae
370 2861 380 2877 ,
394 2838 564 2869 Mechliniae
579 2860 589 2875 ,
605 2837 638 2868 &
652 2835 766 2866 aliarum
782 2834 938 2865 Patriarum
950 2837 1128 2864 Dominarum
1144 2837 1251 2864 Ducum

185 2877 392 2916 praedictorum
403 2900 413 2915 ‚
431 2887 492 2907 non
507 2875 647 2906 adducent
660 2882 706 2904 aut
718 2873 822 2904 adduci
835 2873 938 2904 facient
952 2882 1002 2909 per
1017 2872 1120 2910 Mare,
1136 2873 1253 2903 fraudu-

186 2918 246 2947 lose
269 2916 314 2946 vel
337 2925 464 2955 quocum
489 2925 522 2946 ue
544 2914 662 2952 colore,
682 2913 772 2950 aliqua
785 2911 865 2942 Bona
880 2912 925 2942 seu
943 2911 1134 2942 Mercandisas
1152 2911 1253 2943 Inimi-

186 2965 290 2986 corum
309 2955 440 2992 Angliae,
457 2925 622 2991 ffliberniae,
641 2951 687 2982 vel
702 2950 839 2989 Calefiae,
863 2951 896 2982 &
908 2950 945 2980 de
954 2950 1253 2988 hoc‚quotienscum-

187 3004 244 3032 que
261 3004 310 3032 per
324 2993 460 3024 Subditos
475 2992 606 3029 Angliae,
625 2990 749 3021 Guerrae
762 2989 890 3026 Operam
904 2988 1001 3019 dantes
1011 3012 1020 3024 ,
1045 2989 1149 3020 fuerint
1164 2990 1252 3019 inter-

190 3035 299 3101 rogati,
316 3033 488 3063 tenebuntur
505 3032 597 3061 facere
616 3029 721 3068 justam
746 3030 780 3061 ὅ(
796 3037 892 3060 veram
905 3026 1126 3058 Confeffionem
1141 3028 1175 3059 &
1190 3026 1254 3059 De-

188 3082 206 3103 c
217 3080 388 3102 arationem:

227 3110 264 3141 ht
279 3135 288 3147 ,
315 3111 372 3146 pari
388 3107 480 3140 modo
491 3132 501 3145 ,
526 3106 723 3145 Mercatores‚
746 3105 856 3137 Nautae
867 3130 876 3144 ,
895 3105 940 3136 seu
957 3104 1090 3144 Magistri
1104 3104 1233 3136 Navium
1244 3128 1254 3143 ‚

191 3148 340 3180 Marinarii
355 3171 365 3187 ‚
390 3148 424 3179 &
444 3146 559 3178 Subditi
580 3146 707 3177 Paruum
730 3144 860 3184 Angliae,
875 3153 934 3175 non
949 3143 1056 3175 ducent
1071 3144 1116 3174 vel
1132 3143 1200 3174 duci
1213 3144 1254 3174 fa-

193 3189 286 3225 cient,
301 3187 462 3218 fraudulose
484 3185 530 3215 vel
552 3193 738 3222 quocumque
759 3184 859 3213 colore
872 3207 882 3220 ,
908 3183 999 3220 aliqua
1013 3182 1092 3213 Bona
1109 3182 1154 3213 vel
1171 3181 1256 3212 Mer-

192 3226 312 3256 candisas
326 3227 447 3257 aliorum
464 3223 647 3259 Forenfium,
662 3221 820 3258 Hostium,
838 3222 870 3252 &
887 3220 1076 3251 Inimicorum
1091 3220 1256 3258 Brabantiae,

195 3264 331 3295 Flandriae
344 3287 353 3302 ‚
379 3263 544 3294 Hannoniae
557 3284 567 3301 ‚
593 3260 757 3291 Hollandiae
773 3283 782 3296 ,
807 3259 1000 3297 Zeellandiae‚
1019 3258 1204 3297 Mechliniae,
1223 3261 1257 3291 &

194 3303 314 3333 aliorum
331 3303 541 3334 Dominiorum
561 3302 737 3330 Dominarum
757 3301 858 3327 Ducum
876 3297 1098 3334 praedi&omm,
1118 3299 1168 3334 &,
1185 3308 1258 3335 quo-

194 3341 390 3378 tienscumque
409 3348 490 3372 erunt
514 3339 595 3377 super
621 3339 678 3369 hoc
698 3347 748 3375 per
769 3336 902 3367 Subditos
926 3335 1084 3366 Patriarum
1111 3335 1260 3372 praedii&-

195 3389 263 3410 rum
275 3402 285 3417 ,
303 3381 332 3409 in
346 3379 458 3409 Guerra
480 3379 634 3409 laborantes
672 3376 849 3413 interrogati,
869 3375 1038 3405 tenebuntur
1056 3373 1149 3404 facere
1163 3383 1259 3403 veram

197 3420 231 3450 ὅ(
244 3417 346 3455 justam
359 3417 578 3448 Confeffionem
593 3417 626 3447 &
643 3399 886 3458 Declarationem.
1137 3452 1142 3456 Ι

238 3455 607 3494 ITEM‚quotienscumque
622 3455 776 3490 contigerit
789 3452 912 3490 aliquam
929 3452 1045 3480 Navem
1061 3451 1185 3478 Parttum
1194 3451 1262 3478 An-

194 3495 275 3534 gliae,
294 3494 379 3525 Bonis
398 3495 431 3524 &
451 3493 637 3524 Mercandisis
655 3492 811 3523 Oneratam
827 3513 838 3529 ‚
855 3500 905 3527 per
919 3487 1138 3526 Tempestatem
1155 3486 1262 3525 Maru,

199 3535 244 3565 vel
262 3534 341 3570 alias,
358 3541 473 3569 tangere
488 3532 521 3562 ad
534 3533 656 3563 Terram
667 3554 676 3568 ,
695 3530 739 3561 vel
753 3529 810 3560 alio
825 3528 915 3559 modo
931 3529 1020 3565 perire
1037 3527 1083 3557 vel
1094 3525 1260 3566 periclitari,

221 3583 290 3609 rope
313 3571 415 3602 Portus
437 3570 481 3600 vel
506 3571 535 3600 in
558 3570 701 3600 Portubus
720 3569 876 3600 Patriarum
897 3566 1054 3597 Brabantiae
1068 3588 1078 3603 ‚
1105 3565 1262 3603 Flandriae,

200 3583 364 3642 f-lollandiae
411 3607 583 3639 Zeellandiae
596 3632 606 3647 ‚
630 3609 663 3638 &
675 3608 795 3638 aliorum
814 3605 1022 3636 Dominiorum
1038 3604 1262 3642 praedictorum,

203 3650 223 3680 si
238 3652 265 3680 in
281 3649 336 3688 ipsa
351 3632 432 3679 biavi
449 3656 591 3677 remaneat
608 3646 680 3685 Vir,
700 3645 828 3683 Mulier,
845 3643 938 3682 Puer,
958 3642 1064 3680 Canis,
1082 3641 1200 3687 Cattus,
1217 3642 1263 3672 vel

204 3687 304 3719 Gallus
321 3689 440 3724 vivem,
456 3684 533 3716 Bona
546 3685 579 3715 &
597 3684 802 3722 Mercandisae,
820 3693 886 3721 quae
902 3683 936 3713 ad
943 3682 1067 3713 Terram
1080 3681 1264 3718 applicabunt

204 3727 248 3756 vel
265 3728 344 3757 aliter
360 3725 455 3756 salvari
471 3723 504 3754 &
519 3725 676 3760 recuperari
695 3732 848 3760 poterunt,
867 3722 936 3759 illis,
951 3720 986 3751 ad
1000 3730 1073 3758 quos
1087 3720 1266 3757 spectabant,

203 3764 381 3795 restituentur
398 3786 408 3801 ,
430 3761 568 3793 solvendo
592 3770 686 3791 tamen
708 3761 758 3791 hiis
772 3784 783 3798 ‚
810 3770 933 3798 quorum
948 3758 1047 3799 Opera
1063 3759 1096 3789 &
1111 3756 1267 3796 Diligentia

204 3803 267 3832 talia
280 3803 356 3832 Bona
371 3801 629 3840 recuperabuntur,
647 3799 811 3828 rationabile
825 3798 977 3829 Salarium:
999 3807 1052 3828 nec
1068 3804 1218 3835 poterunt,
1235 3797 1265 3825 in

206 3840 279 3871 Casu
294 3840 445 3877 praedicto,
464 3839 526 3869 talia
547 3838 626 3868 Bona
639 3836 744 3872 alligari
760 3837 804 3866 seu
825 3838 883 3866 dici
901 3836 1011 3867 Perdita
1025 3836 1069 3866 vel
1090 3833 1264 3865 confiscata:

246 3882 260 3893 ·
282 3878 317 3908 Et
330 3878 408 3908 idem
423 3877 618 3908 observabitur
631 3876 662 3904 in
680 3874 839 3904 Littoribus
851 3875 884 3904 &
902 3874 1044 3905 Portubus
1060 3873 1170 3913 Angliae
1183 3897 1193 3910 ,
1209 3871 1268 3902 Hi-

208 3917 315 3946 berniae
330 3937 339 3952 ‚
357 3917 390 3946 ὃ(
405 3916 539 3950 Calesiae,
554 3913 648 3953 quoad
662 3911 763 3944 Naves
777 3911 949 3949 Brabantiae,
973 3912 1125 3949 Flandriae,
1145 3911 1269 3941 i-lollan-

205 3954 278 3989 diae,
296 3953 485 3991 Zeellandiae,
505 3953 674 3984 Mechliniae
690 3974 700 3989 ,
724 3951 759 3983 &
777 3950 897 3981 aliorum
914 3950 1125 3981 Dominiorum
1139 3952 1270 3980 Domino-

205 4002 266 4022 rum
286 3993 392 4020 Ducum
412 3992 634 4028 praedictorum,
658 4000 725 4027 quae
740 4012 751 4027 ,
774 3987 919 4026 tangendo
943 3989 978 4019 ad
1000 3989 1123 4020 Terram
1146 3988 1190 4020 vel
1213 3987 1270 4017 alio

207 4029 319 4066 modo,
338 4029 468 4066 peribunt
483 4029 527 4058 seu
543 4030 782 4068 periclitabuntur.

247 4067 356 4105 ITEM,
380 4065 462 4104 quod
478 4069 648 4098 Mercatores
660 4065 795 4105 Angliae,
821 4064 990 4103 Hiberniae,
1008 4066 1042 4098 &
1058 4064 1176 4097 Calesiae
1191 4072 1272 4103 pote-

612 151 1424 204 CONVENTIONES,

3 245 80 276 Ann.
96 243 138 274 D.
156 243 203 275 vel
231 242 347 274 Exitum
372 241 407 272 ad
425 238 643 285 Explotandum
662 240 707 271 vel
726 239 1005 280 Dampnificandum
1024 240 1222 279 mercatores,
1263 248 1329 270 runt
1348 238 1451 269 habere
1472 239 1507 270 &
1528 246 1642 276 tenete,
1668 237 1700 267 in
1714 236 1795 267 Villis
1815 239 1849 269 &
1863 237 1893 267 O
1916 238 1967 268 idis
1983 238 2139 271 Patriarum
2154 239 2332 279 Brabantiae,
2349 237 2426 271 Ann.
2438 240 2481 272 D.

32 282 119 321 1478.
158 284 203 313 seu
216 291 319 312 eorum
329 281 461 311 Fauor&
471 302 481 317 ‚
497 279 671 318 Familiares,
690 280 818 318 NautaS,
836 280 894 310 sive
907 279 1067 317 Magistros
1079 280 1223 316 Navium,
1264 278 1404 309 Flandriae
1417 300 1428 316 ‚
1453 276 1622 308 Hannoniae
1639 300 1649 313 ,
1676 274 1840 305 Hollandiae
1850 298 1861 314 ‚

1481 151 1874 205 LITERAE,

1261 355 1363 386 eisdem
1386 354 1543 394 privilegiis
1556 378 1566 392 ,
1594 353 1785 384 Libertatibus
1802 376 1811 390 ,
1835 352 1870 383 ὃς
1887 352 2032 383 Francisiis
2044 356 2156 385 utentur
2171 358 2204 387 &
2219 359 2326 396 gaude-

1263 394 1350 429 bunt,
1369 394 1471 431 quibus
1493 394 1532 424 ufi
1555 394 1588 424 &
1605 392 1688 430 gavisi
1701 391 1858 421 suntantea
1875 392 1943 421 citra
1958 390 2106 430 Sexaginta
2121 394 2242 434 Annos,
2262 399 2327 435 qui·

1262 433 1315 462 bus
1337 431 1509 463 Intercursus
1531 431 1698 462 Mercantiae
1718 431 1770 461 fuit
1791 430 1823 460 ὅ(
1837 429 1947 459 habitus
1961 429 2002 459 est
2018 430 2089 460 inter
2103 431 2198 463 Partes
2214 435 2326 475 Angliae

1263 472 1297 501 &
1312 471 1459 511 praedictas
1475 470 1595 509 Patrias,
1615 471 1712 508 ibique
1728 468 1802 499 adeo
1818 467 2006 505 Recipientur
2020 468 2053 498 &
2069 469 2191 508 benigne
2206 473 2326 505 Tracta.

1262 509 1368 539 buntur
1386 531 1396 547 ‚
1424 509 1494 540 ficut
1521 510 1583 540 aliae
1604 508 1748 540 Nationes
1769 506 1836 545 ipsas
1859 506 1965 537 Patrias
1987 507 2020 537 &
2041 505 2127 537 Villas
2147 508 2329 548 frequentan-

1263 555 1338 629 ἷξε-ἐι
1354 584 1481 615 similiter
1492 583 1670 628 Mercatores
1681 584 1880 629 praedistaturn
1888 583 2046 628 Patriarum
2059 582 2230 627 Brabantiae,
2246 585 2330 618 Flan-

1263 622 1334 654 driae
1346 645 1356 660 ‚
1381 622 1546 653 Hannoniae
1561 647 1571 662 ,
1587 622 1768 661 Hollandrae,
1791 623 1965 654 Zeellandiae
1975 645 1985 660 ‚
2004 621 2194 661 Mechliniae,
2211 625 2245 654 δε
2259 625 2329 656 alio-

1262 671 1328 692 rum
1345 661 1556 692 Dominiorum
1570 665 1747 691 Dominarum
1759 664 1865 690 Ducum
1888 661 2093 699 praediecorum
2108 686 2118 699 ,
2144 671 2277 700 poterunt
2298 666 2330 695 in

1264 699 1452 738 Civitatibus,
1470 699 1590 738 Opidis,
1606 699 1688 730 Villis
1705 700 1816 739 Angli-x
1827 723 1836 738 ,
1855 699 2023 738 Hiberniae,
2042 700 2075 731 &
2091 700 2210 731 Calesiae
2225 701 2328 733 habere

1264 738 1385 768 Domos
1408 748 1461 776 pro
1484 740 1524 769 eis
1541 761 1550 775 ‚
1573 740 1606 769 &
1625 739 1667 770 ibi
1680 739 1844 777 gaudebunt
1858 739 1891 769 &
1904 748 2018 769 utentur
2032 739 2131 770 iisdem
2147 739 2327 779 Privilegiis:,

1265 776 1511 820 Recipienturque
1531 777 1565 807 &
1588 777 1801 808 Tradhbunrur
1821 786 1906 815 prout
1924 777 2049 816 superius
2067 778 2102 810 de
2117 778 2331 810 Mercatoribus

1266 815 1382 853 Angliae
1395 814 1506 845 dietum
1521 814 1572 845 est.

1301 853 1410 891 ITEM,
1427 853 1525 891 quod,
1544 853 1799 892 quotienscumque
1815 855 1981 883 Mercatorer
1995 856 2122 885 Partium
2132 855 2244 894 Angliae
2254 881 2262 894 ,
2277 867 2332 895 pro

1265 891 1415 923 Solutione
1427 892 1574 928 habenda,
1592 892 1656 922 suos
1669 893 1846 923 convenient
1864 892 2016 923 Debitores
2031 916 2040 931 ‚
2067 895 2096 925 in
2118 894 2216 926 Patriis
2231 898 2329 925 Domi-

1263 941 1358 961 narum
1371 934 1478 960 Ducum
1493 930 1698 968 praedictorum
1709 953 1718 968 ‚
1733 940 1832 961 coram
1851 930 2069 967 Legissatoribus
2085 932 2119 962 ad
2143 934 2201 964 hoc
2215 936 2330 965 ordina-

1266 971 1315 1039 {32²
1328 970 1541 1046 ἓέἒῗῧέἓὲὲὲἱ
1558 967 1951 1038 ἶῗέξῖἕοὲιῗᾱῖἓοςῦἓὲἳῗὲἷὲἓ
1960 970 2192 1042 [Εῗῐῗυέῗξῑῖὥὲῗ
2198 974 2259 1041 ²15&
2275 976 2329 1004 *¹²⁰

2184 1022 2201 1041 u
2224 1022 2263 1042 ire
2281 1022 2334 1043 co-

1267 1055 1367 1086 gantur
1380 1070 1392 1086 ,
1415 1056 1486 1079 tunc
1512 1045 1696 1086 Legiilatores
1711 1069 1720 1084 ,
1745 1046 1782 1077 sic
1806 1045 1965 1084 Requifiti‚
1984 1045 2171 1080 Probationes
2183 1049 2331 1082 dictorum

1269 1086 1465 1123 Anglicorum
1477 1109 1488 1124 ,
1513 1085 1533 1116 fi
1554 1095 1622 1124 quas
1641 1085 1797 1123 optulerint
1816 1085 1850 1114 ad
1868 1084 2052 1115 Probandum
2063 1085 2223 1124 hujusmodi
2239 1089 2336 1128 Suspi-

1269 1126 1382 1156 tionem
1403 1125 1492 1163 Fugae
1509 1147 1519 1162 ‚
1542 1124 1600 1155 fine
1622 1124 1761 1163 aliquibus
1782 1123 1865 1154 mora
1877 1121 1911 1154 &
1927 1123 2094 1155 difficultate
2107 1135 2151 1155 eas
2166 1125 2335 1166 admittent;

1269 1164 1304 1195 &
1322 1187 1332 1202 ,
1358 1164 1377 1194 fi
1399 1164 1485 1194 nullas
1510 1164 1660 1194 habuerint
1675 1187 1684 1202 ,
1710 1171 1781 1193 tunc
1803 1162 1926 1201 ipsorum
1950 1162 2139 1201 Anglicorum
2150 1163 2338 1206 Juramemo,

1271 1202 1553 1246 quoadlpraediCtam
1573 1202 1660 1242 Fug-:e
1685 1201 1874 1239 Suspitionem
1887 1224 1897 1239 ,
1920 1200 2044 1239 praestita
2066 1212 2114 1240 per
2136 1212 2184 1233 eos
2206 1205 2336 1241 primitus

1270 1241 1384 1281 ydonea
1405 1240 1548 1272 Cautione
1570 1241 1606 1271 de
1628 1240 1777 1271 Solvendo
1801 1239 1939 1277 Expensas
1958 1242 1991 1271 &
2016 1239 2149 1272 Interesse
2170 1241 2245 1280 hiis,
2264 1253 2337 1281 quos

1271 1280 1309 1311 sic
1325 1280 1361 1310 ad
1372 1278 1519 1318 Judicium
1537 1280 1607 1310 trabi
1623 1288 1735 1317 petent,
1755 1278 1816 1309 casu
1832 1289 1890 1315 quo
1905 1288 1939 1309 ex
1954 1288 2059 1310 eventu
2071 1280 2100 1310 se
2114 1279 2211 1310 Lirem
2235 1281 2340 1317 iniuste

1272 1328 1390 1349 movere
1402 1318 1575 1356 constiterit3
1595 1320 1628 1350 &
1647 1319 1704 1348 hoc
1721 1318 1799 1348 fac'ko
1814 1317 1968 1348 Debitores
1986 1328 2145 1357 ponentur,
2164 1319 2268 1357 absque
2281 1320 2340 1351 aliis

1274 1357 1490 1388 Monitionibus
1506 1381 1515 1394 ,
1542 1358 1575 1388 ad
1599 1357 1691 1387 statim
1707 1356 1756 1387 sub
1771 1356 1904 1394 Arrest0‚
1922 1356 2018 1387 donec
2031 1356 2201 1389 sufficientes
2217 1357 2340 1390 Cautio-

1275 1407 1327 1441 nes
1349 1397 1386 1427 de
1405 1396 1524 1440 judicio
1547 1395 1601 1427 sisti
1624 1396 1657 1426 &
1678 1395 1845 1438 Judicatum
1868 1395 2004 1426 solvendo
2018 1397 2047 1425 in
2062 1395 2096 1426 ea
2112 1406 2188 1434 parte
2201 1398 2341 1435 praestite-

1272 1444 1328 1466 rint
1345 1445 1352 1465 :
1369 1436 1471 1475 quibus
1484 1445 1578 1466 tamen
1595 1434 1800 1471 Debitoribus,
1820 1439 1857 1464 lic
1874 1434 2020 1465 Arrestatis
2038 1435 2070 1465 &
2083 1434 2134 1466 sub
2153 1435 2272 1467 Arresto
2282 1447 2343 1468 ma-

1275 1474 1424 1510 nentibus,
1443 1475 1462 1505 si
1479 1483 1573 1512 petant
1587 1497 1597 1511 ,
1622 1474 1733 1504 dabitur
1749 1473 1905 1503 Terminus
1923 1473 2007 1504 oeto
2021 1472 2146 1504 Dierum
2164 1474 2198 1504 ad
2215 1477 2344 1512 proban-

1278 1512 1351 1543 dum
1364 1512 1391 1542 se
1406 1513 1443 1543 de
1458 1513 1537 1553 Fuga
1559 1512 1699 1550 suspedlms
1717 1521 1777 1542 non
1794 1511 1852 1542 esse
1866 1523 1875 1550 3
1896 1513 1929 1542 &
1943 1512 2000 1543 hoc
2014 1513 2137 1550 probato
2153 1512 2267 1544 cessabit
2285 1515 2343 1545 Ar-

1277 1551 1386 1582 testum
1403 1561 1411 1581 :
1436 1551 1483 1582 sed
1505 1551 1708 1582 nichilominus
1722 1574 1731 1588 ,
1757 1560 1872 1588 propter
1887 1550 2046 1588 hujusmodi
2060 1550 2240 1582 Dilationem
2255 1552 2341 1584 Οέὶο

1279 1589 1422 1629 Dierum,
1441 1589 1590 1621 Proceffus
1600 1589 1681 1630 super
1698 1589 1809 1620 Debito
1830 1588 1984 1627 Principali
2003 1589 2159 1621 nullatenus
2173 1590 2344 1623 Retardabi-

1279 1639 1325 1661 tur
1361 1628 1407 1659 sed
1421 1630 1518 1660 omnia
1532 1629 1581 1659 suo
1597 1628 1667 1658 statu
1680 1628 1879 1658 remanebunt:

1319 1652 1357 1698 Fit
1372 1667 1468 1698 similis
1480 1667 1590 1707 Justitia
1605 1666 1806 1697 ministrabitur
1824 1667 1851 1695 in
1868 1666 1971 1705 Anglii
1989 1665 2204 1699 Mercatoribus
2218 1669 2251 1700 &
2267 1668 2345 1699 Sub-

1280 1705 1345 1736 ditis
1369 1705 1525 1736 Patriarum
1546 1709 1723 1736 Dominarum
1744 1708 1851 1734 Ducum
1876 1705 2080 1744 praedistorum
2095 1706 2224 1737 adversus
2239 1717 2344 1738 eorum

1281 1745 1436 1777 Debitores
1449 1747 1478 1775 in
1492 1745 1603 1776 Tribus
1619 1744 1713 1775 Curiis
1728 1743 1884 1779 (videlicet)
1903 1745 1930 1773 in
1946 1743 2041 1774 Curiis
2058 1744 2243 1784 Cancellarii,
2257 1745 2344 1777 Con·

1281 1783 1479 1823 nestabularii,
1509 1785 1543 1815 ὃ(
1566 1783 1668 1822 Magni
1688 1782 1833 1820 Concilii,
1855 1783 1939 1812 eriam
1953 1782 2032 1820 super
2047 1782 2249 1814 Oblationibus
2261 1785 2346 1815 factis

1281 1823 1350 1854 ultra
1366 1822 1450 1854 Mare
1468 1825 1502 1854 ὃ(
1518 1824 1546 1853 in
1564 1821 1689 1852 Moneta
1704 1821 1841 1851 Flandriae
1851 1843 1862 1858 ,
1878 1822 1963 1851 etiam
1982 1831 2103 1858 quarum
2117 1821 2229 1853 Solutio
2243 1821 2344 1853 Desti-

1282 1871 1347 1893 nata
1369 1861 1411 1892 est
1428 1861 1462 1892 ad
1476 1862 1599 1900 aliquem
1621 1860 1737 1890 Locum
1761 1859 1913 1890 Patriarum
1928 1862 2104 1889 Dominarum
2121 1862 2242 1899 Ducum,
2261 1861 2349 1892 dum-

1283 1901 1374 1931 modo
1396 1899 1467 1931 Di&
1485 1900 1643 1931 Solutionis
1666 1899 1697 1929 sit
1720 1900 1876 1937 praeterita;
1895 1908 1955 1929 non
1971 1898 2148 1929 obstantibus
2161 1899 2348 1936 quibuscum-

1283 1949 1339 1978 que
1358 1938 1594 1970 Ordinationibus
1617 1938 1663 1968 vel
1683 1936 1943 1968 Consuetudinibus
1960 1936 2118 1968 Civitaturn
2131 1960 2140 1975 ,
2161 1938 2346 1977 Opidorum,

1285 1979 1332 2009 seu
1348 1978 1497 2009 Locorum
1516 1977 1631 2015 Angliae
1645 1979 1674 2007 in
1689 1977 1880 2008 contrarium:
1902 1977 1930 2005 in
1945 1977 2046 2014 quibus
2064 1976 2180 2013 quidem
2197 1976 2291 2008 Curiis
2305 1987 2349 2008 te-

1284 2018 1428 2048 nebuntur
1448 2016 1563 2056 Anglici
1585 2015 1738 2047 Debitores
1758 2015 1951 2054 peremptorie
1970 2015 2127 2053 procedere
2142 2038 2152 2054 ‚
2181 2016 2283 2054 absque
2309 2027 2349 2048 eo

1289 2056 1368 2096 quod
1384 2055 1451 2094 ipsas
1466 2056 1511 2086 seu
1529 2065 1625 2086 mrum
1638 2055 1753 2086 alteram
1769 2064 1803 2084 ex
1819 2053 1911 2091 aliqua
1928 2052 2020 2083 Causa
2036 2052 2140 2091 possint
2158 2054 2309 2086 declinare.

1323 2094 1431 2133 ITEM,
1447 2093 1530 2133 quod
1545 2094 1721 2125 mandabitur
1737 2097 1884 2131 Capitarteo
1899 2091 1988 2131 Castrr‘
2002 2092 2034 2121 de
2053 2092 2145 2132 Sclufh
2159 2093 2256 2132 quod,
2274 2104 2351 2131 quo-

1287 2134 1482 2172 tienscumque
1493 2134 1646 2172 contigerit
1663 2132 1841 2163 Mercatores
1859 2131 1904 2162 vel
1919 2131 2054 2161 §obditos
2068 2131 2195 2162 Partium
2214 2132 2350 2172 Angliae,

1288 2174 1558 2242 ffiiaffissss'sssssssssffs
1570 2173 1692 2242 {2123ss
1697 2168 2075 2241 fflssss‘ssffissfissffiiffssssgsstde
2090 2170 2202 2247 {322²
2215 2180 2255 2240 {³3¹
2257 2172 2351 2248 2133

1286 2251 1442 2289 quicquam
1456 2251 1492 2280 de
1507 2251 1545 2280 eis
1559 2258 1707 2287 propterea
1721 2250 1820 2287 exigat.
2059 2231 2070 2247 ⁹

1325 2288 1415 2319 ITEM
1433 2312 1442 2327 ,
1470 2289 1551 2327 quod
1576 2287 1721 2327 officiariis
1738 2291 1914 2317 Dominarum
1936 2288 2042 2316 Ducum
2064 2286 2268 2324 praedictorum
2283 2310 2294 2325 ,
2317 2287 2354 2319 ad

1287 2327 1480 2358 Scrutandum
1503 2326 1696 2358 Mercandisas
1716 2327 1744 2356 in
1768 2325 1901 2356 Navibus
1924 2324 2074 2355 existentes
2090 2326 2239 2364 ordinatis,
2256 2326 2355 2357 striCte

1286 2366 1337 2396 sub
1357 2366 1434 2397 certa
1457 2366 1551 2397 Poena
1567 2366 1744 2397 mandabitur
1757 2387 1766 2403 ‚
1791 2374 1820 2395 ut
1838 2387 1847 2401 ,
1867 2365 1895 2394 in
1914 2363 2053 2394 visitando
2068 2364 2254 2404 Anglicorum
2273 2364 2357 2395 Mer-

1288 2407 1395 2436 cantias
1418 2405 1465 2437 vel
1487 2405 1588 2435 Nares
1603 2427 1613 2443 ,
1639 2404 1677 2434 nil
1697 2403 1915 2442 Dampnificent
1931 2403 1968 2433 de
1981 2402 2066 2433 Bonis
2082 2403 2128 2434 seu
2146 2403 2295 2434 Mercibus
2310 2405 2356 2441 ip-

1287 2445 1383 2475 sorum
1408 2444 1598 2483 Anglicorum
1613 2466 1622 2481 ,
1646 2443 1750 2481 absque
1775 2442 1915 2473 violenter
1933 2440 2120 2480 Frangendo,
2137 2452 2207 2472 cum
2218 2441 2356 2480 Pugioni-

1289 2484 1344 2514 bus
1360 2483 1405 2513 vel
1418 2483 1476 2513 aliis
1489 2481 1688 2513 Instrumentis
1698 2505 1708 2520 ,
1727 2481 1825 2519 Pipas,
1844 2480 1976 2518 Barillos‚
1987 2480 2021 2511 &
2033 2479 2191 2518 Fardellos3
2210 2479 2254 2510 sed
2271 2480 2354 2518 quod

1289 2531 1333 2552 eas
1354 2521 1475 2553 honeste
1497 2521 1627 2558 visitent,
1653 2521 1687 2552 &
1713 2519 1958 2550 Contraiacientes
1972 2519 2135 2556 punientur:
2156 2517 2192 2549 Et
2210 2518 2286 2549 idem
2305 2519 2356 2551 fiet

1289 2562 1319 2591 in
1345 2562 1391 2592 An
1413 2560 1466 2598 lia,
1492 2570 1542 2598 per
1560 2559 1725 2590 Officiarios
1746 2560 1859 2587 Domini
1882 2560 1958 2594 Regis
1972 2579 1981 2594 ‚
2000 2558 2028 2585 in
2043 2555 2202 2587 Scrutando
2217 2556 2357 2588 Mercan-

1292 2600 1342 2632 tias
1355 2569 1545 2630 Suffiditorum
1564 2597 1764 2628 Dominorum
1782 2595 1911 2640 'Ducum-
1922 2593 2136 2632 praedietorum.

1330 2637 1421 2668 Iri-:M
1435 2660 1446 2676 ,
1472 2636 1553 2674 quod
1577 2636 1613 2667 de
1637 2644 1744 2667 caetero
1756 2657 1765 2672 ,
1780 2645 1808 2664 m
1826 2635 1925 2665 Parrus
1939 2636 2115 2663 Dominarum
2127 2636 2234 2664 Ducum
2253 2633 2357 2672 praedi-

1293 2676 1408 2706 &orum
1423 2698 1432 2713 ‚
1458 2685 1519 2705 non
1545 2674 1614 2706 fient
1638 2674 1782 2706 Scrutinia
1809 2672 1930 2703 Billonae
1955 2672 2034 2709 super
2058 2672 2183 2711 Anglicis
2199 2696 2208 2711 ,
2234 2673 2285 2703 nisl
2306 2683 2358 2710 per

1294 2713 1512 2745 commissarios
1534 2716 1710 2743 Dominarum
1731 2715 1837 2742 Ducum
1857 2710 2011 2750 specialiter
2027 2711 2061 2741 ad
2084 2711 2144 2742 hoc
2164 2711 2360 2751 deputandos,

1293 2753 1340 2783 vel
1363 2763 1413 2790 per
1427 2751 1595 2783 Officiarios
1615 2751 1726 2782 suarum
1744 2751 1899 2787 villarum,
1918 2751 1975 2781 fine
1989 2749 2079 2788 aliqua
2096 2749 2254 2781 Exaffione
2266 2751 2303 2781 ab
2315 2752 2360 2789 ip-

1293 2791 1326 2820 fis
1346 2791 1508 2822 Scrutandis
1529 2790 1650 2828 petendi
1668 2791 1713 2821 seu
1729 2789 1885 2828 exigenda,
1904 2789 1938 2820 ὃς
1953 2789 2010 2819 hoc
2025 2788 2116 2819 solum
2132 2790 2161 2818 in
2175 2788 2279 2827 Opidis
2289 2812 2298 2827 ‚
2312 2797 2360 2820 aut

1293 2829 1454 2868 Portubus,
1474 2829 1531 2860 five
1549 2829 1707 2860 Littoribus
1722 2828 1870 2859 di&0rum
1885 2827 2070 2865 Principum,
2091 2836 2126 2857 ex
2142 2837 2218 2865 parte
2233 2836 2360 2866 quorum

1291 2867 1360 2899 fient
1373 2867 1476 2899 EdiCta
1492 2869 1694 2906 prohibitoria,
1711 2877 1761 2905 per
1779 2867 1843 2897 loca
1858 2867 1945 2906 magis
1961 2866 2160 2897 convenientia
2178 2868 2211 2897 &
2232 2875 2355 2903 oportu-

1296 2917 1349 2945 na,
1367 2907 1418 2938 sub
1439 2907 1571 2946 gravibus
1587 2906 1689 2937 Multis
1711 2907 1745 2938 ὅτ
1768 2905 1883 2944 Poenis3
1900 2906 1966 2935 alibi
1982 2906 2053 2935 vero
2069 2914 2119 2942 per
2135 2904 2203 2935 alios
2218 2913 2276 2933 non
2289 2902 2359 2933 fient

1295 2946 1455 2984 hujusmodi
1479 2945 1618 2977 Scrutinia
1643 2945 1786 2976 Billonoe:
1815 2944 1852 2975 Et
1878 2944 1954 2975 idem
1980 2943 2175 2973 observabitur
2196 2943 2224 2971 in
2250 2941 2360 2984 Anglii.

1292 2984 1388 3022 quoad
1408 2984 1544 3016 Subditos
1561 2983 1761 3015 Dominorum
1778 2982 1899 3014 Ducum
1916 2980 2099 3018 scrutandos,
2119 2980 2170 3011 nisi
2185 2981 2218 3010 in
2235 2978 2359 3018 Opidis,

1293 3023 1436 3055 Portubus
1444 3047 1454 3062 ,
1470 3022 1515 3054 vel
1527 3023 1625 3062 Villis,
1645 3032 1676 3054 ut
1688 3024 1776 3060 supra.

1332 3066 1347 3079 ⁸
1365 3061 1456 3093 ITEM
1466 3084 1476 3100 ,
1493 3071 1627 3100 poterunt
1643 3065 1814 3091 Mercatores
1828 3059 1867 3096 ὠ
1879 3059 1985 3090 Subditi
1998 3062 2076 3097 Regis
2088 3055 2204 3095 Angliae
2221 3056 2357 3096 deinceps
2377 3069 2396 3089 a
2416 3071 2487 3099 χχχ,-

1316 3100 1488 3138 uascumque
1508 3100 1614 3130 Massas
1636 3100 1707 3131 Auri
1729 3100 1774 3130 vel
1797 3100 1939 3138 Argenti,
1965 3106 2079 3129 vocatas
2096 3096 2262 3133 Billionem‚
2282 3105 2358 3126 extra
2377 3119 2390 3144 7
2395 3118 2423 3146 5,

1321 3141 1418 3177 atrias,
1436 3139 1604 3170 Excellentis
1627 3137 1774 3176 quondam
1795 3138 1829 3169 &
1854 3135 2032 3167 Recolendae
2055 3135 2205 3165 memoria:
2219 3158 2228 3172 ,
2247 3137 2361 3164 Domini

1296 3181 1381 3209 Ducis
1395 3177 1509 3215 Karali‚
1527 3179 1640 3208 noviter
1652 3177 1809 3212 Defuncfiti,
1826 3185 1875 3214 per
1887 3185 1936 3206 eos
1952 3175 1997 3204 seu
2012 3183 2114 3204 eorum
2130 3173 2290 3211 Deputatos
2312 3173 2360 3204 vel

1297 3218 1429 3248 Fautores
1449 3225 1558 3254 emptas
1575 3216 1617 3247 vel
1632 3215 1710 3246 aliter
1725 3214 1886 3252 acquisitas,
1905 3213 1950 3244 seu
1965 3212 2151 3250 imposterum
2167 3211 2298 3242 emendas
2312 3211 2360 3242 vel

1297 3255 1481 3294 acquirendas
1495 3278 1505 3293 ‚
1530 3254 1648 3286 licenter
1662 3255 1695 3285 ὃ(
1711 3254 1830 3290 impune
1843 3262 1892 3290 per
1907 3261 2098 3290 quaecumque
2112 3250 2191 3280 Loca
2208 3249 2364 3281 Patriarum

1297 3297 1474 3324 Dominarum
1497 3296 1604 3322 Ducum
1625 3292 1827 3330 praedie‘torum
1849 3290 1955 3321 ducere
1981 3290 2028 3321 seu
2051 3289 2119 3320 duci
2136 3288 2248 3326 facere,
2274 3290 2308 3321 &
2324 3289 2363 3320 ab

1298 3333 1402 3364 eisdem
1424 3332 1514 3362 Locis
1533 3333 1567 3362 δε
1586 3330 1684 3362 Pattiis
1705 3332 1735 3360 in
1750 3329 1889 3367 Regnum
1903 3328 2033 3367 Angliae,
2049 3329 2152 3358 totiens
2166 3329 2295 3365 quotiens
2308 3338 2364 3359 vo-

1299 3372 1418 3407 luerint,
1433 3370 1608 3400 Conducere
1624 3370 1657 3399 &
1673 3368 1878 3405 Transportare
1892 3375 2025 3404 poterunt
2038 3367 2071 3396 &
2087 3365 2241 3403 valebunt,
2260 3366 2364 3397 Provi-

1299 3409 1329 3438 so
1343 3408 1425 3445 quod
1441 3407 1511 3438 disti
1530 3407 1645 3445 Anglici
1657 3431 1667 3444 ‚
1682 3407 1728 3437 seu
1745 3415 1847 3436 eorum
1861 3405 2010 3443 Fadiores,
2028 3404 2188 3442 hujusmodi
2205 3403 2364 3442 Billonam‚

1301 3455 1349 3484 per
1366 3445 1403 3475 Se
1418 3454 1465 3475 aut
1481 3445 1615 3474 Pastor&
1630 3445 1692 3474 suos
1705 3444 1860 3481 Emptam,
1878 3443 1942 3482 seu,
1960 3452 1991 3473 ut
2005 3444 2185 3483 praemittitur
2196 3465 2206 3480 ,
2232 3443 2365 3482 Acquisi-

1301 3493 1360 3515 tam
1370 3505 1380 3518 ,
1399 3484 1455 3513 una
1469 3493 1538 3513 curn
1553 3482 1770 3514 Certificatione
1783 3481 1925 3512 autentica
1945 3481 2029 3512 Villae
2053 3481 2098 3512 vel
2112 3481 2202 3519 Opidi
2213 3483 2264 3512 ubi
2279 3482 2365 3520 ipsam

1302 3521 1448 3554 Billonam
1461 3521 1584 3552 emerint
1600 3520 1644 3550 vel
1658 3520 1737 3551 aliter
1751 3519 1948 3558 acquisierint,
1966 3521 1999 3551 δε
2013 3521 2048 3550 de
2067 3519 2227 3558 Emptione
2242 3521 2287 3551 seu
2306 3521 2365 3550 Ac-

1304 3560 1455 3599 quifitione
1468 3560 1549 3597 ipfius
1567 3559 1684 3590 Billonis
1698 3560 1731 3590 &
1744 3559 1906 3597 quantitatis
1921 3558 2047 3596 ejusdem
2059 3581 2069 3597 ,
2088 3559 2234 3596 principali
2246 3558 2366 3588 Officia-

1304 3600 1349 3630 rio
1368 3602 1545 3629 Dominarum
1559 3602 1666 3629 Ducum
1683 3619 1693 3635 ,
1718 3598 1764 3628 vel
1779 3599 1809 3627 in
1822 3597 1904 3635 ipfius
1918 3597 2052 3628 Absentia
2067 3597 2126 3628 suas
2141 3597 2227 3628 Vicoe
2242 3596 2367 3636 gerenti,

1306 3638 1448 3676 proximae
1466 3637 1547 3667 Villae
1562 3661 1571 3675 ,
1597 3636 1660 3675 post
1674 3636 1829 3667 lutroitum
1845 3636 1929 3667 suum
1946 3637 1974 3665 in
1993 3636 2098 3666 Patrias
2113 3638 2292 3666 Dominarum
2302 3636 2366 3662 Du-

1306 3687 1384 3712 cum,
1402 3676 1551 3705 exhibeant
1574 3676 1609 3706 &
1631 3675 1803 3713 ostendant,
1829 3674 1909 3712 super
1927 3674 1984 3713 qua
2002 3674 2176 3705 Ostenfione
2190 3673 2240 3711 ipsi
2257 3670 2365 3701 Osten-

1305 3715 1403 3746 dent&
1423 3713 1634 3744 Testimoniale
1655 3714 1701 3744 seu
1723 3712 1986 3751 Certificatorium,
2013 3712 2108 3744 Manu
2122 3712 2191 3743 dieti
2205 3708 2364 3752 officiarii,

1306 3753 1353 3785 vel
1377 3751 1437 3790 ipso
1459 3751 1572 3782 absente
1594 3753 1651 3782 suas
1666 3751 1753 3783 vices
1771 3752 1892 3788 gerentis
1907 3774 1916 3790 ‚
1942 3752 2083 3789 fignatum
2103 3750 2149 3781 vel
2169 3749 2250 3786 ipsius
2262 3746 2367 3783 Sigillo

1307 3790 1459 3829 sigillatum
1475 3814 1484 3827 ,
1509 3791 1544 3820 ab
1568 3800 1604 3821 eo
1619 3792 1666 3821 cui
1692 3791 1751 3821 talis
1767 3790 1902 3821 Ostenfio
1923 3789 1989 3829 fiet,
2002 3790 2140 3827 recipient
2153 3787 2187 3817 ὃ(
2205 3785 2369 3823 habebunt3

1308 3829 1397 3861 nichil
1418 3829 1529 3866 penitus
1549 3839 1603 3866 pro
1623 3830 1705 3859 ditsto
1720 3828 1923 3859 Testimoniali
1945 3839 1993 3859 aut
2015 3828 2067 3858 alia
2080 3833 2259 3867 quacumque
2274 3821 2368 3854 Cau-<2⁸2

1307 3866 1443 3899 solvendo
1460 3889 1470 3905 ,
1496 3877 1597 3906 praeter
1619 3877 1710 3898 unutn
1726 3867 1859 3898 Solidum
1876 3865 2055 3897 Grossorum
2069 3861 2222 3894 Handnae:
2242 3860 2279 3891 Et
2295 3860 2370 3892 Casu

1309 3917 1369 3945 quo
1386 3905 1478 3936 dictus
1494 3906 1631 3944 Anglicus
1642 3905 1804 3943 hujusmodi
1820 3905 1965 3936 Billonam
1977 3926 1987 3942 ‚
2013 3912 2062 3940 per
2076 3901 2113 3932 Se
2127 3899 2170 3928 vel
2186 3899 2250 3930 suos
2267 3899 2372 3931 Facto-

1310 3955 1354 3976 res
1368 3943 1522 3982 Emptam,
1542 3946 1604 3981 seu,
1623 3952 1654 3974 ut
1672 3945 1872 3981 praemittitur,
1892 3941 2085 3978 Acquifitam,
2103 3937 2221 3980 educere
2238 3938 2371 3982 voluerit,

1310 3984 1345 4015 &
1359 3983 1389 4012 in
1405 3981 1492 4012 Exitu
1507 3992 1523 4013 a
1536 3981 1636 4012 Patriis
1652 3981 1865 4013 Testimoniale
1879 3981 1926 4010 seu
1944 3977 2188 4009 Certificatonum
2201 3976 2372 4013 praedicam-n

1311 4031 1374 4052 non
1396 4020 1556 4051 exhibuerit
1573 4032 1584 4059 3
1611 4029 1681 4051 tunc
1705 4020 1831 4051 Poenam
1846 4019 1924 4049 illam
1938 4018 2078 4052 incurret,
2097 4023 2185 4051 quam
2198 4015 2374 4045 incurrerent

1312 4059 1485 4092 extrahentes
1505 4057 1649 4092 Billonam
1660 4081 1672 4099 ‚
1694 4059 1766 4091 infra
1789 4057 1894 4089 Patria-s
1908 4057 2085 4085 Dominarum
2103 4054 2208 4083 Ducum
2222 4053 2376 4093 praediCto-

2309 4099 2379 4123 rum

1291 318 1295 322 ῃ
1463 316 1468 322 .
1648 315 1654 320 1
1911 277 2068 316 eellandiae,
2086 278 2273 317 Mechliniae‚
2294 281 2328 311 &
2366 280 2454 318 1478·

1261 318 1379 348 aliarum
1393 315 1550 346 Patriarum
1561 315 1761 346 Dominorum
1777 313 1915 351 Ducum,
1932 314 2051 346 Domos
2065 327 2118 354 pro
2131 318 2213 357 ipfis3
2231 321 2328 358 ibique
2347 319 2414 346 Ἐάν·
2431 330 2460 355 4-
