2555 4266
0 288 74 320 Ann.
87 285 129 316 D.

27 334 112 362 ¹502·
147 321 224 351 aliter
238 321 270 350 ὃς
283 328 351 348 cum
364 314 467 347 affeetu
483 320 575 349 parere
586 310 727 348 juraverit
743 308 776 337 ὃς
786 304 957 344 juraverint:

1 369 64 394 Heu.
84 372 111 398 7.

23 2682 39 2698 ἢ
58 2684 127 2712 XII.

153 209 235 250 ,w
640 169 1213 226 coNVENTIO

148 284 168 314 ti
183 288 325 312 remaneat
340 278 372 310 ὃς
384 280 543 307 remaneant
553 295 563 310 ,
577 271 674 301 donec
685 269 754 299 Paci
768 267 801 297 &
818 262 995 295 Concordiae
1007 257 1150 300 praediffis
1162 266 1205 287 re-

189 359 234 389 Ac
253 356 319 395 ipsas
336 356 437 384 Literas
453 349 630 388 Apostolicas
645 345 831 386 originales,
857 339 948 371 modo
967 339 1001 370 &
1023 335 1118 368 forma
1137 343 1209 375 prae-

152 396 238 428 missis
251 398 424 433 impetrat-(13,
442 398 557 426 uterque
570 386 705 424 Princeps
724 382 894 423 Principum
914 374 1210 418 praedietorumffialter

151 436 249 472 alteri,
265 436 332 463 citra
347 430 455 460 dit-Itum
468 427 599 457 Primum
616 425 704 454 Diem
715 421 802 464 Julii,
819 416 942 463 vicissim
959 415 1062 454 tradet,
1080 414 1168 452 dabit,
1182 413 1216 444 &-

155 472 334 506 deliberabit,
353 468 474 504 tradive,
493 466 569 503 dari,
587 465 620 493 &c
637 461 783 492 deliberari
799 458 900 502 saciet:
971 495 977 500 ι

194 512 272 547 Quas
285 508 400 545 quidem
415 513 578 544 perpetuam
594 501 717 537 Pacem,
736 498 923 532 Amicitiam,
941 493 1045 538 Ligam
1055 515 1065 530 ,
1090 489 1219 532 Consce-

153 551 326 582 demtionem
336 569 345 584 ,
363 546 397 575 &
412 542 625 581 Intelligentiam
643 537 806 577 praedienis3,
820 544 890 565 cum
905 534 1042 563 omnibus
1057 532 1090 560 &
1107 526 1221 564 singulis

154 586 286 620 Articulis
302 586 335 615 ὃς
355 583 491 621 Capitulis
507 583 536 610 in
557 578 662 609 eisdem
683 573 892 613 comprehensis
908 594 917 609 ,
944 570 1012 600 Nos
1027 593 1036 606 ,
1061 574 1164 612 Virtute
1185 566 1219 595 &

152 625 313 657 austeritate
330 621 431 651 Nobis
445 630 460 649 a
474 619 556 649 dietis
571 615 752 654 Principibus
765 615 795 643 in
819 613 872 643 hac
891 618 969 648 parte
990 608 1142 642 conceisa,
1165 611 1219 640 pro

150 662 300 695 Conclusis
312 661 457 690 habemus,
1179 680 1187 687 ἱ

191 701 316 735 ITEM,
335 698 541 732 Conventurn,
561 692 797 728 concordatum,
814 690 847 720 &
871 683 1050 728 Conclusum
1073 680 1114 712 est
1135 677 1216 722 quod

154 749 271 777 uterque
288 738 424 774 Princeps
436 736 609 772 Principum
626 730 830 771 praedictorum
843 733 942 754 omnia
955 723 988 754 &
1004 720 1107 759 lingula
1127 718 1216 756 Capi-

156 779 212 810 tula
224 776 362 815 praesentis
373 772 539 810 TraCmtiis,
557 772 602 802 vel
614 772 707 801 saltem
721 767 873 808 Terioretn
887 763 921 793 δε
937 759 1087 792 Εέεξὶυῐῐι
1100 765 1216 789 eorum·

155 818 241 854 dem,
261 816 290 844 iri
307 814 498 852 Dignioribus
514 810 683 842 Civitatibus
694 806 750 836 five
763 802 872 845 opidis·
894 800 1068 837 Regnorum
1092 796 1219 840 suorum,

156 858 190 887 Sc
203 853 355 893 praesertim
375 854 405 882 in
432 851 519 882 Locis
534 846 729 886 insignioribus
758 841 956 873 Marchiarum
977 837 1109 881 suarum,
1143 833 1218 877 infra

155 895 231 925 Tres
256 892 369 923 Menses
390 891 524 929 proximo
547 887 689 924 sequentes
709 882 814 912 Datam
846 876 1046 921 Conclufionis
1077 873 1219 918 prae3sentrs

155 930 328 969 Tractatfis,
346 932 416 960 inter
430 928 497 958 Nos
509 922 728 956 Commissarios
742 919 886 949 mistorum
905 915 1073 954 Principum
1095 919 1163 943 inita
1183 911 1218 941 &

158 970 290 1002 conclusa
301 992 310 1008 ,
325 966 459 1007 publicari
474 965 507 995 &
521 961 659 994 notificari
673 960 755 992 faciet
771 966 842 989 cum
859 953 975 986 effectu.

170 1046 378 1087 Commiffionum
395 1042 462 1074 verr>
475 1040 671 1080 praedidi‘arum
687 1039 799 1067 Tenores
809 1033 961 1075 liquuntur
977 1029 1016 1066 ὠ
1022 1028 1094 1070 sunt
1111 1027 1192 1059 tales:

164 1152 167 1155 .
191 1127 333 1167 Jacobus,
350 1124 408 1155 Dei
427 1123 528 1164 gratia,
546 1124 606 1152 Rex
627 1124 762 1151 Scotorum
779 1141 788 1156 ,
808 1115 940 1160 universis
964 1113 997 1144 &
1025 1111 1136 1152 singulis
1150 1132 1161 1148 ‚
1184 1108 1219 1140 ad

155 1175 276 1206 quorum
294 1165 402 1194 notitias
418 1162 563 1200 praesentes
579 1161 696 1191 Litterae
710 1164 900 1196 pervenerint,
919 1152 1056 1184 Salutem.

191 1204 289 1234 Sciatis
305 1202 390 1239 Nos,
408 1203 444 1232 de
461 1200 535 1232 fidel.
551 1200 610 1230 &c.
632 1195 783 1236 originalis
797 1192 941 1233 Commiffio
948 1197 1030 1231 patet
1045 1196 1077 1220 ut
1087 1188 1171 1229 ficpra
1188 1186 1221 1217 de

154 1247 226 1274 Dat.
244 1243 271 1273 8.
290 1243 344 1272 Die
354 1239 490 1275 Cimbris.

629 1312 743 1352 Angliae
760 1313 799 1348 &⁶
815 1314 937 1342 Franciae
953 1306 992 1342 ά
1015 1305 1146 1337 Dominus
1166 1306 1220 1333 Hi-

191 1323 343 1358 Henricus,
361 1318 420 1350 Dei
433 1315 536 1358 gratis,
553 1317 613 1344 Rex
878 1351 882 1355 .
900 1351 904 1355 Ι
1162 1344 1166 1348 .

632 1353 666 1383 ad
683 1360 808 1392 quorum
822 1358 934 1382 notitias
955 1346 1110 1379 Praesentes
1133 1343 1224 1374 Litte-

156 1360 276 1397 berniae,
293 1357 424 1389 universis
439 1359 472 1389 &
486 1354 615 1394 singulis,

157 1409 196 1429 1ae
214 1397 386 1438 pervenerint
400 1418 411 1434 ,
429 1396 564 1426 Salutem.

193 1437 295 1467 Sciatis
308 1435 387 1475 quod
402 1433 484 1472 Nos,
800 1467 805 1473 ¹
864 1466 870 1472 ·
1036 1460 1041 1466 ,
1086 1460 1092 1466 ,
1199 1457 1206 1464 ,

193 1475 243 1505 De
259 1474 465 1511 Fidelitatibus,
483 1469 629 1502 Industriis
644 1470 678 1501 δε
694 1466 821 1508 providis
832 1456 1222 1503 Circumspe&ion1bus‚Dif

155 1514 295 1544 lectorum
311 1515 344 1545 ὅ(
360 1512 503 1542 Fidelium
517 1509 752 1540 Consiliariorum
768 1505 930 1536 nostrorum
946 1524 955 1540 ,
982 1497 1222 1543 Reverendiffimt

157 1554 187 1583 in
202 1551 319 1582 Christo
335 1551 553 1582 Patris'Henrici
570 1545 740 1586 Archiepisco
757 1549 766 1574 i
782 1539 984 1585 Carituarienfis
999 1537 1136 1585 Custodis
1152 1535 1223 1581 *Ma—⁷

158 1592 206 1629 gni
222 1591 311 1630 sigilli
323 1589 432 1627 nostri,
450 1599 483 1619 ac
499 1586 662 1618 Reverendi
675 1587 705 1615 in
754 1583 842 1614 bristo
857 1581 944 1611 Patris
967 1578 1076 1608 Ricardt
1102 1574 1223 1619 Epiftopg

159 1631 203 1660 W
205 1628 357 1668 intonienfis
384 1626 519 1657 Custodis
546 1624 652 1655 Privati
677 1623 768 1660 Sigilli
799 1620 887 1652 nostri
905 1642 914 1656 ,
941 1627 1058 1661 necnon
1080 1612 1225 1658 Carill‘imi

160 1667 373 1705 Consanguinei
386 1665 474 1696 nostri
489 1664 595 1695 Thomae
609 1665 719 1693 comitis
733 1664 834 1691 Surriae
845 1656 1025 1689 Thesauraru
1050 1652 1138 1685 nostri
1162 1651 1225 1682 An-

158 1707 240 1746 gliae,
260 1704 503 1744 quamplurimum
519 1702 711 1738 confidentes,
860 1735 865 1740 ι
923 1734 928 1739 ,

198 1744 274 1783 Ipsos
288 1744 399 1775 nostros
412 1752 493 1772 veros
507 1742 540 1771 &
554 1740 729 1770 indubitatos
743 1733 962 1779 Commissanos
971 1755 979 1769 ,
999 1727 1222 1766 Oratores,Pro-

161 1793 317 1820 curatores,
338 1783 474 1819 Legatos,
494 1778 652 1817 Deputatos
669 1777 703 1807 &
721 1775 860 1805 Nuncios
875 1771 1004 1812 speciales
1027 1769 1226 1808 Affignamus,

162 1823 310 1860 Facimus,
329 1820 504 1851 Ordinamus
520 1818 552 1848 &
569 1816 778 1847 Constituimus
793 1823 842 1852 per
861 1810 1042 1854 Psaesssmesa
1132 1845 1136 1850 Α

199 1860 309 1891 Dentes
323 1860 356 1890 ὃ(
374 1857 575 1888 Concedentes
588 1855 691 1886 eisdem
716 1855 750 1886 &
771 1862 875 1883 eorum
896 1849 1014 1880 cuilibet
1036 1857 1066 1877 in
1089 1843 1230 1882 solidum,

162 1899 340 1938 conjunc'tim
356 1899 389 1928 δε
403 1897 530 1933 divisim,
549 1893 675 1924 nostram
688 1892 841 1932 plenariam
858 1887 1036 1930 Potestatem
1058 1886 1091 1917 ὃ(
1116 1883 1230 1928 Auti‘to-

162 1938 270 1968 ritatem
285 1947 317 1968 ac
336 1935 507 1966 Mandatum
522 1933 648 1972 generale
664 1933 697 1964 &
710 1930 841 1970 speciale,
861 1938 912 1968 pro
924 1926 1036 1971 .N.⁰b¹⁸
1058 1925 1090 1955 &
1119 1922 1231 1968 Nomi—

164 1986 200 2007 ne
215 1975 327 2014 nostro,
345 1984 414 2006 cum
426 1972 614 2004 Illustriffitno
628 1972 660 2002 &
678 1969 863 2001 Serenissimo
882 1966 1032 2005 Principe,
1061 1961 1232 2005 Carissimo-

163 2024 218 2053 que
233 2014 454 2052 consanguineo
469 2013 501 2042 &
518 2012 613 2042 Fratre
627 2009 726 2040 nostro
739 2007 844 2048 Jacobo
858 2010 994 2037 Scotorum
1015 2006 1087 2048 ‘Rege
1104 2024 1114 2040 ,
1138 2001 1232 2044 ejusve

163 2053 388 2090 Commissariis,
407 2051 654 2087 Procul-atoribus,
674 2048 841 2085 Deputatis,
858 2046 891 2077 &
918 2043 1045 2074 Nunciis
1061 2066 1073 2086 ⁷.
1087 2039 1231 2087 sufficien-

166 2100 228 2122 tem
243 2091 415 2122 Porestatem
431 2092 463 2122 δε
478 2089 688 2120 Auctoritatem
702 2088 738 2118 ab
761 2096 797 2116 eo
817 2086 851 2115 ad
876 2084 935 2114 hoc
960 2081 1145 2119 habentibus,
1171 2087 1231 2109 tarn

167 2131 204 2161 de
217 2132 249 2162 ὅ(
265 2131 342 2168 super
356 2129 422 2160 veria
436 2152 446 2168 ,
463 2128 560 2165 firma,
579 2126 728 2167 perpetua,
745 2125 778 2155 &
794 2123 860 2155 reali
882 2122 961 2154 Pace
983 2118 1231 2165 atque-‚Concor-

167 2169 227 2208 dia,
248 2169 333 2206 quam
346 2168 382 2199 de
396 2169 428 2199 &
445 2167 523 2206 super
539 2167 664 2204 Treugis
678 2167 712 2198 &
727 2163 907 2194 Guerrarum
922 2160 1123 2203 Abstinentus,
1145 2156 1232 2196 Ligis,

167 2208 326 2245 Amicitiis,
347 2206 558 2245 Affinstadbus,
579 2205 737 2243 mutuisque
749 2201 888 2234 hincinde
904 2198 1021 2230 Auxiliis
1036 2199 1069 2229 &
1094 2195 1233 2241 Affi'sten-

167 2248 212 2277 tiis
225 2248 352 2283 quotiens
368 2255 439 2283 opus
451 2245 533 2275 fuerit
547 2244 722 2284 praestandis,
741 2251 857 2273 necnon
875 2238 1084 2281 Intelligentus,
1102 2235 1234 2273 Allrgan-

167 2287 210 2315 tiis
225 2286 256 2316 ἃ
271 2284 570 2315 Confoederationibus
587 2282 811 2321 quibuscumque
823 2281 894 2309 inter
915 2277 976 2306 Nos
1001 2278 1036 2308 &
1057 2275 1170 2306 dietum
1191 2272 1233 2303 Il-

167 2322 342 2363 listrssiusum
357 2325 504 2361 Principem
519 2321 708 2360 Haeredesque
721 2321 754 2351 &
769 2317 968 2355 successoros,
986 2324 1020 2345 ac
1037 2313 1065 2345 R
1104 2313 1229 2351 na‚Ter·

168 2372 226 2400 ras,
242 2362 395 2399 Dominis,
414 2361 532 2399 Patrios,
547 2360 697 2397 Subdiros‚
718 2358 867 2395 Vassailos,
889 2356 1026 2397 Faventes
1041 2378 1058 2397 ,ι
1118 2351 1234 2382 nfoede-

169 2409 242 2432 ratos
255 2402 288 2430 &
303 2401 486 2431 Adhaerentes
505 2399 614 2430 nostros
627 2400 659 2429 ὃ(
674 2397 736 2428 suos
751 2396 962 2435 quoscumque,
981 2391 1115 2422 hincinde
1130 2390 1234 2421 Ineun-

170 2439 228 2477 dis,
247 2438 414 2477 Capiendis,
430 2437 665 2477 Componendis,
685 2435 868 2467 Celebrandis
882 2434 914 2464 &
931 2431 1095 2469 Habendis,
1113 2429 1234 2460 Conve—

169 2478 264 2508 niezidi
276 2501 286 2515 ,
304 2477 569 2514 Communicandi,
588 2475 759 2514 Tractandi,
780 2470 1017 2543 Alppunetuandi,
1042 2468 1236 2500 Concordan-

169 2516 416 2585 gi,gffaciicendi,
435 2526 468 2547 ac
484 2515 602 2547 finaliter
618 2516 650 2546 &
666 2514 773 2553 integre
829 2509 1019 2542 eterminandi
1046 2509 1080 2540 &
1101 2507 1235 2539 Conclu-

189 2565 223 2586 ΕΙ]
245 2566 253 2584 l

211 2578 442 2630 Huiusmodique
455 2594 562 2624 Pacem
580 2594 613 2624 δε
629 2590 846 2628 Concordiam,
866 2599 899 2620 ac
913 2588 993 2619 Treu
1013 2596 1042 2618 as
1056 2586 1090 2617 δε
1107 2584 1237 2629 Guerra-

173 2642 236 2662 rum
254 2631 457 2669 Abstinentias,
476 2631 573 2669 Ligus,
594 2631 759 2668 Amicitias,
778 2628 898 2659 Foedera
913 2649 923 2664 ,
941 2627 967 2656 A
1003 2627 1116 2661 nitates,
1133 2623 1240 2654 Intelli-

172 2671 294 2710 gentias,
315 2670 478 2706 Alligantias
492 2671 524 2699 &
546 2671 564 2688 a
585 2668 870 2703 confoederationes,
895 2665 1014 2702 aliasque
1034 2662 1185 2694 pactiones
1203 2662 1238 2692 ὅς

173 2709 391 2739 Conventioiies
405 2706 632 2743 Componendi,
651 2705 834 2742 Paciscendi,
853 2703 1016 2739 Firmandi,
1033 2700 1188 2736 statuendi,
1204 2700 1238 2730 &

174 2757 228 2788 pro
243 2756 378 2784 perpetuo
391 2744 575 2783 Roborandi,

215 2785 355 2821 Necnon,
372 2784 408 2814 de
423 2787 454 2813 ἃ
469 2783 548 2820 super
564 2783 698 2814 omnibus
712 2781 745 2812 δε
761 2778 875 2818 singulis
884 2775 1240 2814 Contentionibus,Quae-

178 2825 331 2861 stionibus,
350 2821 490 2860 Guerris,
519 2821 638 2859 Cauiis,
662 2819 793 2855 Querelis
808 2841 818 2857 ,
842 2817 969 2854 Litibus,
996 2816 1177 2858 Attemptatis
1206 2815 1239 2845 &

180 2862 355 2899 Demandis,
372 2861 427 2890 una
442 2870 511 2890 cum
527 2859 577 2890 suis
591 2858 820 2895 circumstantiis,
839 2855 1064 2894 emergentibus,
1089 2852 1239 2884 incidenti-

176 2901 247 2939 bus,
265 2900 483 2938 dependentibus
498 2909 531 2929 ac
549 2899 700 2935 connexis,
720 2906 801 2935 quae,
820 2896 892 2925 inter
905 2895 965 2923 Nos
978 2894 1011 2925 &
1053 2892 1181 2923 raefatum
1200 2890 1238 2921 Il-

178 2939 373 2971 lustriffirnum
387 2937 549 2975 Principem
563 2941 699 2967 Scotorum
712 2939 828 2973 Regem,
846 2934 879 2964 &
894 2932 1013 2970 Regna,
1068 2940 1155 2968 erras,
1175 2929 1239 2960 Do-

180 2981 287 3015 minia,
302 2977 405 3008 Patrias
417 2977 450 3008 ὅτ,
466 2976 563 3012 Loca,
578 2975 728 3013 Subditos,
754 2972 906 3009 Vaffallos,
933 2970 1088 3009 Alligatus,
1113 2967 1241 2999 Confoe-

181 3018 289 3047 deratos
303 3017 335 3045 ὅ(
350 3015 531 3046 Adhaerentes
546 3014 713 3050 praedictos,
738 3010 874 3042 hincinde
893 3010 1014 3048 pendere
1037 3008 1242 3045 dinoscuntur,

180 3054 353 3091 Tradiandi,
369 3052 568 3083 Conveniendi
579 3077 588 3089 ,
608 3050 844 3091 Αρρυηᾶυαηάί,
861 3049 894 3079 &
910 3044 1138 3086 Componendi,
1221 3085 1226 3090 ¹

221 3093 351 3123 Necnon
363 3091 559 3131 quoscumque
573 3091 709 3122 Subditos
722 3089 833 3120 nostros
856 3086 1080 3123 Malefaetores‘,
1104 3085 1243 3115 Homici-

183 3133 248 3170 das,
265 3132 366 3168 Fures,
386 3131 534 3167 Latrones,
552 3130 625 3167 juxta
644 3129 735 3165 Leges
750 3128 783 3158 &
797 3125 1024 3157 Consuetudines
1045 3123 1243 3156 Merchiarum

185 3171 280 3209 Regni
296 3169 384 3200 nostri
402 3169 530 3206 Angliae,
548 3168 644 3198 debite
658 3167 751 3204 puniri
769 3164 979 3202 promittendi,

222 3209 353 3240 Necnon
368 3207 500 3238 Rebelles
516 3207 586 3237 dieti
608 3205 818 3243 Consanguinei
835 3202 924 3233 nostri
940 3225 950 3241 ,
976 3204 1005 3233 in
1026 3202 1167 3241 Regnum
1189 3210 1244 3231 no-

188 3248 277 3278 strum
292 3248 455 3284 Fuoientes,
473 3247 555 3276 certis
568 3245 660 3275 modo
672 3245 704 3274 δε
719 3242 814 3274 forma
835 3242 926 3272 eidem
948 3240 1168 3279 Consanguineo
1192 3249 1245 3269 no-

191 3285 247 3316 stro
265 3295 310 3316 aut
323 3273 372 3315 fiio
385 3284 532 3315 sufficienti
547 3283 694 3322 Deputato
707 3280 875 3314 Tradendos
890 3281 923 3312 &
939 3278 1148 3311 Deliberandos
1158 3300 1168 3317 ,
1184 3277 1245 3308 An-

191 3324 295 3354 nuendi
310 3326 342 3355 ὅτ.
355 3323 574 3361 Consentiendi,

229 3363 359 3392 Necnon
373 3363 471 3400 Leges,
486 3362 590 3392 Statura
609 3362 642 3392 &
660 3359 864 3391 Ordinationes
900 3367 953 3395 pro
973 3357 1127 3388 Punitione
1148 3354 1244 3392 hujus-

193 3400 272 3429 modi
289 3400 524 3438 Malenoi-orum,
541 3400 576 3430 de
590 3410 669 3431 novo
682 3397 838 3434 Statuendi,
854 3382 1007 3426 Condendi
1024 3397 1057 3427 ὅ(
1075 3393 1247 3430 Ordinandi,

233 3438 278 3467 Ac
292 3439 374 3467 etiam
387 3440 421 3469 de
438 3440 470 3470 ἃ
485 3438 564 3477 super
579 3438 690 3468 Litteris
704 3437 810 3476 scriptis
823 3436 856 3466 &
868 3434 954 3464 Bullis
969 3433 1144 3471 Apostolicis
1154 3455 1163 3470 ,
1178 3441 1245 3461 orn-

194 3478 274 3507 nium
293 3476 325 3506 &
347 3476 516 3514 singulorum
538 3476 752 3506 Praemiisorum
776 3472 1015 3509 Confirmatoriis‚
1033 3470 1247 3509 Approbatoriis

193 3517 227 3545 ἃ
244 3514 456 3552 Ratrricatoriis,
472 3526 488 3545 a
504 3514 576 3545 Sede
594 3513 781 3552 Apostolica,
807 3522 860 3550 pro
879 3511 998 3541 meliore
1020 3509 1247 3540 Conservatione

194 3552 419 3594 Praemifforum,
436 3563 481 3588 per
494 3553 562 3583 Nos
577 3553 755 3591 impetrandis
766 3575 775 3589 ‚
790 3550 924 3581 habendis
937 3550 970 3581 &
986 3548 1161 3585 obtinendis,
1179 3555 1248 3578 cum

195 3591 330 3621 Claululis
343 3591 377 3621 δ’.
394 3590 523 3621 Articulis
536 3591 570 3621 de
584 3591 727 3623 Sententia
746 3588 1059 3621 Excommunicationis
1079 3588 1108 3617 in
1128 3586 1196 3616 Nos
1215 3585 1249 3616 &

195 3629 347 3660 Personam
361 3628 540 3666 nostram,ac
555 3630 590 3661 de
605 3630 744 3660 Sententia
757 3628 903 3659 Interdirsti
916 3628 944 3656 in
959 3626 1098 3666 Regnum
1110 3623 1250 3663 nostrum,

194 3667 313 3703 Patrius,
332 3667 472 3697 Dominia
489 3671 521 3697 δε
538 3668 640 3698 Terras
654 3668 776 3705 nostras,
797 3667 817 3697 si
840 3666 1008 3696 Tractatum
1029 3665 1111 3696 Pacis
1135 3671 1181 3693 aut
1203 3663 1251 3693 ali-

197 3707 276 3742 quod
290 3705 454 3744 Capimlum
468 3705 588 3743 ejusdem
604 3707 682 3736 Pacis
695 3707 736 3736 scu
750 3703 900 3737 Tradimus
910 3728 919 3740 ,
939 3713 1024 3741 quem
1038 3705 1110 3734 inter
1125 3701 1194 3731 Nos
1215 3703 1249 3732 &

198 3745 307 3774 diStum
322 3745 502 3781 Principem,
521 3744 565 3774 seu
581 3745 688 3774 nostros
703 3752 749 3775 aut
762 3746 818 3783 ejus
832 3742 1028 3780 Comiffirios,
1045 3741 1114 3772 lniri
1126 3738 1251 3772 &Con-

200 3784 275 3813 cludi
294 3785 463 3821 contigerit,
488 3782 695 3812 Violaverimus
715 3791 760 3812 aut
791 3782 896 3813 Violari
927 3781 1149 3821 permiserimus,
1178 3777 1253 3809 Tra-

202 3822 312 3858 c‘tandi,
327 3820 545 3858 Concordandi,
565 3820 802 3860 Appuiic'tuandi,
819 3819 974 3858 Obligandi
990 3820 1023 3850 &
1039 3816 1252 3856 Concludendi,

202 3867 234 3886 :ic
246 3861 415 3896 cuicumque
430 3860 595 3898 Privilegio,
614 3861 672 3889 tam
684 3858 758 3895 Juris
775 3860 860 3896 quam
877 3858 973 3896 Fasti,
998 3858 1048 3888 sub
1072 3855 1254 3896 quacumque

203 3894 361 3938 Verborum
377 3898 441 3928 serie
455 3898 589 3928 concesso
601 3906 646 3927 aut
660 3896 874 3933 Concedendo,
891 3897 973 3927 alicui
986 3895 1123 3934 Capitulo
1135 3894 1253 3932 praesen-

204 3931 285 3975 sentis
297 3935 445 3978 Tractatus
462 3939 562 3973 quovis
578 3936 669 3966 modo
686 3935 886 3972 derogatorio,
903 3936 1004 3973 palam,
1021 3932 1145 3974 expresse
1165 3933 1199 3963 &
1226 3934 1255 3963 in

207 3979 270 4000 vim
285 3971 360 4001 Pac'iu
370 3995 379 4010 ,
394 3974 524 4004 Nomine
540 3974 637 4003 nostro
654 3974 868 4011 Renunciandi,

246 4009 291 4038 Ac
308 4010 584 4053 etiamUSecuritates,
603 4012 771 4049 Cautiones,
788 4011 945 4049 Promissa,
963 4011 1177 4050 ObligatIOnes,
1196 4009 1258 4040 Lit-

207 4054 278 4079 teras
291 4048 325 4079 &
339 4046 444 4085 Scripta
459 4050 568 4088 figmata
577 4074 587 4089 ,
605 4060 658 4089 pro
671 4049 886 4083 Praemifforum
898 4050 1131 4089 complemento,
1148 4047 1259 4087 Nomi7

1243 161 1927 214 NE83L1TERAE,

1245 264 1282 285 ne
1298 251 1396 283 nostro
1411 248 1618 286 promittendi,
1636 247 1782 278 Tradendi
1796 249 1830 280 ὅτ,
1843 247 2048 288 Deliberandi,
2063 258 2098 281 ac
2108 244 2310 288 juramentum
2326 242 2406 276 Ann.
2419 241 2466 276 D.

1285 328 1507 366 Consimiliaque
1523 326 1707 363 Securitates,
1732 324 1904 363 Cautioues,
1924 325 2078 364 Promifla,
2103 291 2442 366 obligationesss-llerioss.

1246 295 1278 322 in
1295 291 1433 321 Animam
1447 287 1574 319 nostram
1589 285 1757 324 praestandi,

1252 369 1369 405 Literas,
1387 377 1420 398 ac
1434 365 1637 404 Juramentum
1646 374 1660 393 a
1669 361 1791 403 praefato
1802 362 1965 403 Sereniffimo
1982 366 2104 403 Principe
2117 366 2208 403 ejusve
2223 365 2320 397 Com-

1252 406 1377 438 missariis
1393 405 1516 436 similiter
1531 402 1685 442 Exigendi,
1701 402 1858 440 Stipulandi
1878 404 1911 434 ὁ(
1935 401 2123 441 Recipiendi,

1292 445 1491 482 Universaque
1506 444 1539 474 &
1554 442 1670 479 Singula
1685 452 1767 480 quae,
1787 451 1836 479 per
1851 441 1981 478 praefatos
1998 441 2151 480 Oratores,
2169 443 2321 475 Commis-

1254 485 1355 523 iarios,
1375 483 1597 519 Procuratores,
1613 480 1772 518 Deputatos
1787 482 1819 511 ὃς
1834 479 1970 510 Nuncios
1983 479 2096 511 nostros
2109 489 2154 514 aut
2168 491 2270 513 eorum
2290 494 2320 513 a·

1255 524 1360 561 liquem
1374 524 1403 551 in
1419 521 1558 559 solidum,
1577 520 1795 559 Appunstuata,
1821 518 1990 556 Conventa,
2016 517 2161 549 Conclusa
2178 519 2211 549 &
2234 520 2322 552 Con—

1257 561 1372 591 cordata
1383 560 1502 595 fuerint,
1518 557 1662 596 Vallandi,
1678 557 1848 588 Roborandi
1859 558 1891 587 &
1907 556 2092 587 Asiecurandi
2108 567 2157 595 per
2177 556 2257 588 Fidei
2275 560 2322 592 in·-

1255 598 1468 636 terpositionem
1480 596 1721 634 &Jurameutum
1738 598 1766 627 in
1783 597 1921 627 Animam
1940 594 2066 626 nostram
2081 595 2286 634 praestandum,
2319 593 2323 595 ”

1292 636 1425 667 Necnon
1438 635 1474 665 de
1485 636 1519 666 &
1538 635 1616 672 super
1630 634 1792 672 hujusmodi
1806 634 2013 673 Appunffiiatis
2028 635 2061 664 &
2077 633 2247 672 Conclusis,
2263 644 2321 665 cae·

1256 675 1374 713 terisque
1389 673 1523 704 omnibus
1539 674 1571 704 &
1588 673 1700 710 singulis
1712 673 1858 704 Praernissa
1877 674 2121 712 qualitercumque
2143 683 2326 704 concernen-

1255 714 1347 756 tibus,
1385 722 1448 749 uae,
1465 721 1533 742 cum
1551 712 1670 750 praefato
1686 711 1883 750 Confiznguineo
1895 711 1980 752 nostro
1990 734 2000 750 ,
2024 712 2069 742 [eu
2091 713 2151 751 ejus
2175 711 2325 742 Commis-

1255 751 1350 789 sarus,
1395 751 1624 789 rocuratoribus,
1641 749 1790 790 Deputatis
1811 752 1845 782 &
1868 750 1995 782 Nunciis
2017 750 2176 790 praediCtis,
2202 750 2326 790 Appun-

1255 790 1368 827 stuata,
1388 788 1570 819 Concordata
1584 790 1618 821 &
1632 787 1775 819 Conclusa
1788 791 1911 826 fuerint,
1929 790 2048 821 Litteras
2065 791 2166 821 validas
2181 791 2214 821 &
2229 789 2326 819 effica-

1255 838 1303 858 ces
1342 838 1374 871 ¹⁷0.
1395 827 1478 858 Parte
1501 827 1599 858 nostr&
1620 826 1768 858 Tradendi
1788 827 1820 858 ὅ(
1843 826 2046 867 Deliberandi,
2073 829 2247 865 Litterasque
2264 827 2329 858 alias

1252 875 1312 935 ί«ἰοη
1325 866 1410 897 imilis
1426 865 1551 898 effeetus
1566 867 1600 898 &
1614 867 1719 906 vigoris
1733 875 1768 897 ex
1780 867 1863 898 altera
1880 865 1965 897 Parte
1978 865 2099 898 Petendi
2111 870 2145 900 &
2169 866 2329 905 Recipien-

1274 915 1282 935 ι
1292 928 1303 944 2

1293 944 1332 975 Et
1345 945 1510 984 generaliter
1523 946 1623 976 omnia
1635 943 1783 975 Praemiffi
1801 945 1834 977 ὃ(
1849 943 2064 975 Praemifforurn
2077 944 2180 984 singula
2197 944 2333 983 qualiteri

1256 993 1384 1028 cumque
1407 985 1611 1015 concernentia
1640 983 1774 1013 Faciendi
1789 983 1822 1014 ὃ(
1846 982 2006 1014 Exercendi
2032 992 2118 1022 atque
2135 983 2334 1023 Expediendi,

1257 1030 1294 1052 ita
1310 1024 1343 1054 &
1358 1023 1463 1053 eodem
1478 1024 1572 1055 modo
1578 1022 1664 1063 ⁴sicuti
1678 1021 1747 1052 Nos
1762 1023 1920 1053 faceremus
1933 1022 1981 1053 seu
1994 1021 2088 1052 facere
2103 1022 2249 1060 possemus
2261 1022 2280 1052 fi
2296 1023 2327 1052 in

1256 1061 1370 1100 propria
1384 1061 1509 1091 Person-a
1528 1060 1624 1090 nostra
1636 1059 1848 1100 interessemus,
1865 1062 1900 1094 &
1922 1060 1943 1091 si
1963 1060 2027 1092 talia
2047 1060 2100 1091 fint
2119 1070 2182 1100 quae
2206 1060 2331 1092 Manda-

1256 1107 1321 1130 tum
1336 1100 1372 1130 de
1385 1099 1412 1129 se
1427 1099 1514 1137 magis
1527 1099 1636 1137 exigant
1650 1098 1784 1138 speciale,

1295 1137 1498 1168 Promittentes
1514 1138 1590 1168 bona
1608 1137 1678 1167 Fide
1690 1138 1723 1169 δε
1739 1138 1769 1168 in
1786 1137 1887 1168 Verbo
1902 1136 2001 1177 Regio
2035 1137 2133 1168 omnia
2153 1136 2187 1168 &
2212 1134 2334 1177 fingula,

1257 1186 1324 1215 quae
1338 1186 1388 1214 per
1402 1177 1533 1215 praefatos
1552 1175 1790 1215 Commiffarios,
1816 1175 1970 1214 Oratores,
2022 1183 2199 1207 rocuratores
2242 1175 2333 1216 Lega-

1256 1223 1317 1253 tos,
1337 1215 1498 1254 Deputatos
1514 1216 1548 1247 &
1560 1214 1698 1258 Nuncios
1711 1214 1823 1246 nostros
1835 1222 1882 1246 aut
1895 1223 1998 1246 eorum
2011 1215 2046 1245 ali
2069 1224 2135 1246 uem
2152 1215 2182 1244 in
2196 1197 2334 1252 solidum,

1256 1254 1456 1292 Appund'mata
1467 1278 1478 1292 ,
1495 1252 1656 1293 Pronum,
1680 1251 1867 1285 Concordara
1884 1255 1917 1286 &
1936 1252 2083 1286 Conclua
2104 1253 2209 1285 fuerint
2232 1254 2262 1283 in
2278 1251 2335 1284 hac

1258 1302 1356 1337 parret,
1374 1292 1538 1336 Noisata
1557 1291 1647 1323 Grata
1672 1293 1705 1323 &
1729 1292 1824 1324 Firma
1848 1293 1993 1323 habituros
2015 1293 2048 1324 &
2069 1292 2284 1330 observaturos,
2300 1291 2336 1323 &

1258 1334 1286 1362 iu
1308 1331 1404 1362 erinde
1420 1331 1538 1362 Litteras
1551 1330 1656 1361 nostras
1672 1329 1819 1370 Parentes,
1841 1331 1955 1371 Magno
1971 1331 2070 1371 sigillo
2085 1330 2185 1362 nostro
2200 1330 2336 1368 figiuatas,

1300 1379 1414 1407 anuque
1432 1369 1526 1401 nostrai
1546 1369 1708 1412 subscriptas
1721 1391 1732 1408 ,
1751 1371 1887 1400 omnium
1910 1372 1943 1402 &
1968 1370 2141 1409 singulorum
2166 1366 2338 1400 Praemisso-

1258 1418 1322 1453 rum
1347 1407 1591 1447 Confirmatorias,
1607 1407 1814 1440 Ratincatorias
1826 1410 1861 1441 ὅ(
1874 1409 2110 1448 Approbatorias,
2133 1408 2163 1438 in
2179 1406 2274 1437 formfi
2287 1405 2339 1442 def

1260 1447 1339 1484 bita,
1358 1456 1444 1484 prout
1457 1457 1531 1485 opus
1542 1447 1627 1478 fuerit
1641 1469 1651 1485 ,
1669 1446 1788 1477 daturos.

1294 1485 1328 1516 In
1346 1487 1425 1524 cujus
1436 1486 1477 1518 rei
1489 1485 1707 1518 Testimonium
1722 1485 1770 1516 has
1784 1484 1892 1517 nostras
1906 1485 2016 1515 Literas
2029 1482 2090 1513 fieri
2101 1483 2222 1515 fecimus
2235 1482 2342 1521 Pateni

1260 1532 1310 1557 tes.

1313 1562 1403 1594 Teste
1428 1561 1537 1600 meipso
1559 1561 1633 1602 apud
1663 1561 1925 1601 westmonasterium
1946 1584 1956 1600 ,
1979 1559 2117 1591 vicesimo
2141 1559 2249 1592 octavo
2277 1557 2341 1592 Die

1260 1600 1464 1640 Novembris²
1484 1601 1573 1632 Anno
1588 1599 1686 1641 Regni
1700 1600 1789 1631 nostri
1804 1601 1936 1632 Decimo
1953 1599 2092 1639 Septimo.

1300 1678 1336 1709 In
1353 1678 1434 1716 cujus
1452 1676 1511 1708 Rei
1526 1676 1742 1709 Testimonium
1759 1677 1827 1708 huic
1844 1677 1919 1707 Parti
1936 1676 2016 1707 istius
2029 1675 2271 1713 Iuben-rimie,
2292 1676 2344 1714 pe?

1263 1727 1312 1748 nes
1325 1717 1439 1748 distum
1458 1720 1473 1734 '⁵
1493 1715 1769 1747 Excellentiffimum
1785 1717 1818 1746 &
1831 1715 2044 1746 Sereniffimurn
2060 1714 2223 1752 Principem
2239 1716 2343 1744 Henri-
2361 1714 2381 1735 ²*
2396 1716 2466 1748 XII.¹

1265 1767 1323 1786 cum
1337 1755 1452 1793 Angliae
1467 1757 1563 1791 Regem
1587 1754 1837 1792 REMANSURAE‚
1862 1753 1932 1784 Nos
1953 1753 2082 1797 praedic'ti
2106 1752 2338 1820 Archiessifiopm,
2358 1754 2425 1793 800,
2451 1753 2465 1798 ‘s

1265 1798 1370 1832 Comes,
1389 1796 1423 1826 δε
1436 1793 1589 1832 Postulatus
1607 1791 1791 1832 Mor-aviensts
1802 1815 1812 1831 ,
1835 1790 1999 1822 Comissaru
2036 1790 2188 1828 Oratores,
2230 1801 2344 1822 rocura-

1267 1842 1342 1864 tores
1354 1832 1465 1872 praefati
1478 1831 1712 1863 Excellentiffimi
1728 1831 1870 1867 Principis
1882 1829 1971 1860 nostri
1983 1813 2086 1869 J’acobi
2103 1833 2183 1866 Regis
2198 1831 2346 1869 Scotorum,

1268 1872 1361 1915 Sigilla
1375 1871 1471 1901 nostra
1483 1870 1667 1909 apposuimus
1677 1894 1688 1910 ,
1704 1870 1737 1901 &
1755 1869 1909 1901 Praesentes
1929 1867 2075 1900 Mannum
2099 1867 2260 1900 nostrarum
2268 1867 2346 1906 Sub-⁴

1266 1911 1419 1950 scriptione
1434 1910 1620 1941 munivimus.

1307 1988 1418 2019 Datum
1435 1991 1465 2017 in
1494 1985 1604 2024 Anglia
1618 2009 1628 2025 ‚
1652 1990 1682 2016 in
1697 1989 1777 2025 Regio
1806 1986 1918 2017 Palatio
1940 1985 1973 2016 de
1995 1982 2172 2023 Richemond,
2196 1981 2348 2018 Vicefimo

1270 2028 1384 2066 Quarto
1401 2026 1461 2056 Die
1477 2025 1586 2056 Meniis
1603 2025 1739 2064 Ianuarii,
1757 2025 1847 2055 Anno
1862 2025 1987 2055 Domini
2002 2024 2160 2055 secundum
2177 2022 2346 2057 Cursum&

1270 2066 1531 2108 Computationem
1548 2063 1735 2095 Eccleiiarum
1748 2064 1909 2096 Scoticanae
1936 2065 1970 2097 ὃς
1993 2063 2161 2102 Anglicanae
2183 2061 2344 2100 Millefimo

1269 2107 1510 2145 Qingenteiimo
1522 2103 1632 2135 Primo.

1308 2187 1548 2218 RoBERTus
1567 2184 1817 2216 GLASGUEN.

1310 2226 1486 2257 Parnm<
1503 2224 1619 2255 ERLE
1638 2233 1713 2255 OFF
1732 2224 1964 2257 Boritv1Ls.'

1310 2265 1348 2297 A.
1367 2264 1658 2296 MoRRAvrsn.

1434 2340 1486 2373 Sub
1501 2340 1606 2410 8131}ng
1606 2339 1745 2410 {12:55ae
1758 2339 1847 2371 rubrae
1860 2351 1879 2369 a
1893 2336 2039 2378 duplicibus
2054 2337 2155 2369 caudis
2173 2337 2348 2377 Pergameni-J

1429 2521 1596 2556 Indentura
1608 2532 1664 2568 pro
1683 2521 1906 2567 Refhrmatione
1922 2521 2193 2565 Attemptatorum3

1275 2617 1416 2678 HAEC
1432 2616 1724 2662 Innsnrnrta,

1390 2658 1529 2688 FACTA
1547 2666 1620 2688 inter
1635 2656 1720 2696 Nos,

1279 2852 1344 2878 vien
1355 2861 1395 2887 is,
1413 2847 1590 2879 lllustrisfimi
1605 2849 1639 2879 δε
1655 2846 1890 2878 Excellentissimi
1902 2845 2044 2883 Principis
2057 2844 2177 2884 Jacobi,
2196 2845 2255 2876 Dei
2302 2857 2346 2879 m.

1279 2887 1428 2930 tifiLRegis
1444 2890 1580 2916 Scotorum
1595 2886 1629 2917 ad
1647 2886 1823 2923 Infrafcripta
1838 2883 2075 2922 Commiffarios,
2093 2883 2247 2922 Oratores,
2298 2895 2347 2916 m-

1280 2926 1454 2963 basiiatores,
1475 2925 1597 2964 Legatos
1604 2947 1614 2963 ,
1634 2925 1856 2963 Procuratores,
1873 2922 2052 2962 Deputatos,
2069 2924 2104 2955 &
2125 2923 2263 2954 Nuncios
2284 2923 2347 2961 speff

1280 2965 1364 2995 ciales
1378 2967 1411 2998 &
1429 2965 1570 3004 generales
1604 2972 1639 2994 ex
1653 2964 1729 3003 uni,

1317 3003 1374 3043 Et,
1390 3003 1553 3034 Reverendi
1578 3012 1670 3033 imum
1687 3013 1721 3033 ac
1740 3000 1943 3032 Reverendum
1962 3001 1992 3031 iri
2008 2998 2127 3031 Christo
2148 2998 2254 3039 Patres,
2265 3002 2347 3032 Heu-2

1279 3045 1379 3080 ricum,
1398 3041 1580 3072 Miserarione
1596 3040 1754 3079 praemissa,
1770 3039 1993 3079 cantuariensem
2015 3037 2184 3105 Archiefifio
2201 3049 2245 3068 um
2260 3041 2350 3072 totius

1281 3081 1396 3118 Angliae
1410 3079 1583 3118 Primatem,
1600 3081 1633 3111 &
1654 3079 1830 3119 Apostolicae
1853 3078 1932 3109 Sedis
1954 3078 2095 3116 Legatum
2131 3076 2168 3107 llu
2195 3077 2293 3114 tissimi
2312 3080 2348 3112 &

1282 3118 1470 3150 Poientiffimi
1485 3118 1626 3155 Principis
1640 3120 1753 3148 Henrici
1768 3117 1826 3148 Dei
1843 3116 1946 3156 gratia,
1964 3118 2041 3152 Regis
2057 3114 2171 3152 Angliae
2194 3114 2232 3151 ὠ·
2255 3120 2348 3147 Fran-

1279 3162 1325 3187 ciae
1342 3157 1381 3192 ὠ
1395 3160 1505 3188 Domini
1520 3158 1660 3187 Hiberniae
1673 3156 1777 3196 Magni
1794 3156 1885 3192 Sigilli
1900 3153 2060 3185 Custodem
2071 3176 2081 3190 ,
2097 3154 2244 3184 Ricardum
2263 3158 2348 3186 Wu-

1282 3196 1428 3235 tonieufim
1442 3194 1596 3234 Episcopum
1611 3195 1732 3234 ejusdem
1747 3195 1872 3226 Domini
1883 3192 1973 3229 Regis
1995 3191 2106 3231 Angliae
2129 3191 2235 3224 Privati
2255 3193 2351 3234 sigini

1284 3235 1461 3272 Custodem,
1479 3235 1513 3265 &
1528 3234 1673 3265 Nobilem
1688 3236 1722 3266 ὃς
1741 3234 1894 3265 Potentem
1919 3231 2085 3262 Dominum
2106 3230 2235 3261 Thomam
2255 3235 2345 3263 Comi-

1283 3281 1337 3304 tem
1348 3277 1449 3303 Surriae
1460 3272 1675 3303 Thesaurarium
1688 3273 1817 3312 Angliae,
1834 3270 2014 3308 ejusdemque
2030 3269 2119 3308 Regis
2132 3269 2168 3300 ad
2182 3268 2348 3311 Infrascrip-

1284 3321 1311 3343 ta
1326 3311 1561 3350 Commiffarios,
1579 3311 1734 3350 Oratores,
1749 3308 1985 3346 Ambaffiatores,
2010 3308 2131 3345 Legatos
2142 3332 2153 3345 ,
2171 3307 2345 3341 Procurato-

1283 3361 1342 3397 res,
1361 3351 1541 3388 Deputatos,
1558 3350 1592 3382 &
1608 3349 1643 3381 N
1647 3351 1746 3382 uncios
1758 3348 1887 3389 speciales
1900 3348 1934 3378 &
1950 3346 2094 3385 generales
2106 3368 2117 3384 ,
2133 3355 2211 3383 parte
2223 3356 2259 3377 ex
2276 3348 2350 3383 alte-,-

1283 3400 1329 3427 ra,

1320 3427 1351 3458 T
1362 3436 1381 3457 E
1391 3435 1404 3457 s
1414 3435 1465 3457 ΤΑ
1475 3434 1530 3456 ’ru
1541 3435 1566 3456 R
1586 3426 1684 3465 quod,
1710 3425 1780 3456 cum
1808 3423 1981 3464 jamdudum
2002 3424 2075 3454 inter
2098 3421 2169 3454 Nos
2188 3422 2350 3464 Oratores;

1284 3465 1502 3502 Procuratores,
1526 3463 1760 3501 Commissarios,
1784 3465 1818 3495 δι’,
1841 3463 1967 3499 Legatos
1999 3460 2172 3500 praeduros,
2190 3463 2296 3494 virtute
2312 3465 2351 3496 «Sc

1285 3504 1449 3534 au&oritate
1464 3501 1652 3541 quarumdam
1666 3501 1916 3532 Commiffionum
1930 3499 2030 3530 Nobis
2047 3500 2077 3530 in
2098 3510 2130 3531 ea
2148 3508 2227 3539 parte
2240 3511 2256 3532 a
2270 3511 2347 3540 prae-

1285 3543 1370 3573 dietis
1390 3540 1571 3578 Principibus
1595 3539 1697 3570 nostris
1715 3539 1840 3570 datarum
1863 3539 1897 3570 &
1923 3537 2122 3569 concessarum
2136 3560 2146 3577 ,
2173 3541 2353 3571 eorumdem?

1286 3581 1456 3618 Principum
1470 3578 1606 3609 Nomine
1622 3579 1656 3609 &
1672 3577 1829 3615 Mandato,
1846 3576 1979 3614 quaedam
1992 3576 2122 3616 Capitula
2133 3585 2275 3616 perpetuae
2291 3578 2353 3610 Pa·

1288 3620 1346 3657 cis,
1365 3618 1526 3655 Amicitiae,
1545 3617 1643 3656 Ligae,
1664 3616 1795 3647 Unionis
1807 3638 1816 3653 ,
1841 3615 1875 3646 &
1897 3614 2158 3646 Confoederationis
2174 3638 2184 3653 ,
2208 3626 2263 3654 pro
2284 3616 2353 3654 ipsis

1287 3659 1392 3697 suisque
1409 3655 1576 3686 Haeredibus
1591 3657 1625 3688 ὃς
1635 3656 1776 3695 legittimis
1791 3653 2003 3685 Succefforibus
2015 3654 2190 3685 haereditarie
2203 3657 2237 3686 &
2259 3654 2351 3693 legiti-

1289 3698 1337 3728 me
1355 3694 1594 3732 Succedentibus,
1609 3703 1767 3732 eorumque
1781 3693 1899 3732 Regnss,
1913 3692 2027 3730 Terris,
2045 3692 2208 3736 Dominiis,
2225 3693 2260 3725 &
2271 3692 2349 3723 Sub-

1289 3736 1352 3767 ditis
1367 3734 1504 3773 perpetuo
1517 3733 1729 3770 duraturarum,
1746 3731 1780 3763 ad
1798 3731 1927 3762 Laudem
1943 3732 1976 3762 &
1994 3731 2129 3762 Gloriam
2141 3731 2217 3768 Dei,
2243 3730 2349 3762 Pacem

1290 3776 1325 3806 &
1339 3773 1494 3804 Honorem
1509 3770 1605 3802 Princi
1627 3781 1678 3802 um
1693 3770 1855 3802 nostrorum
1869 3769 2089 3808 praedststorum,
2107 3778 2141 3800 ac
2163 3768 2349 3801 subditorum

1290 3813 1404 3844 suorum
1418 3810 1570 3848 Quietem,
1619 3810 1813 3847 ommodum,
1831 3810 1864 3840 &
1879 3808 2059 3846 Utilitatem,
2083 3808 2164 3846 inita,
2189 3808 2350 3839 concorda-

1291 3859 1334 3890 ta,
1353 3852 1386 3881 &
1398 3848 1532 3880 conclusa
1546 3849 1663 3886 fuerint,
1681 3849 1759 3880 sicuti
1774 3855 1808 3879 ex
1828 3847 1951 3885 ejusdem
1974 3844 2143 3883 Timentes,
2169 3845 2247 3882 cujus
2272 3846 2350 3879 Data

1292 3890 1344 3959 εἰῇ
1349 3889 1408 3920 Die
1431 3887 1515 3918 Datae
1535 3886 1718 3918 Praesentium
1730 3910 1741 3926 ,
1766 3886 1944 3924 Inspedtione
1962 3884 2132 3916 luculentius
2152 3892 2281 3923 apparere
2295 3894 2353 3926 po:

1291 3938 1318 3960 te

1333 3951 1404 3998 Nos
1421 3963 1612 3995 Commissarii
1622 3987 1631 4003 ‚
1647 3963 1799 4002 Oratores,
1817 3965 1851 3996 &
1866 3964 2064 3995 Procuratores
2075 3960 2202 3999 praediffi
2213 3984 2223 3999 ,
2246 3960 2283 3992 ad
2301 3960 2354 3992 fir}

1295 4007 1420 4036 miorem
1433 4003 1466 4034 &
1482 4003 1650 4034 stabiliorem
1665 4004 1760 4040 Pacis,
1777 4003 1942 4039 Amicitiae,
1957 4002 1992 4032 &
2003 3999 2264 4030 Confoederationis
2276 4009 2352 4037 prae-

1293 4044 1434 4077 dietarum
1447 4041 1685 4076 Observationem
1700 4043 1734 4074 &
1751 4040 2018 4076 Continuationem,
2024 4037 2204 4070 Nominibus
2215 4040 2250 4072 &
2261 4037 2354 4106 ligny

2367 2623 2499 2656 Anno:

1314 2696 1460 2727 Robertum
1474 2720 1484 2733 ,
1511 2694 1697 2725 Miseratione
1720 2694 1853 2732 Divina,
1878 2690 2070 2732 Glafiguenfi’m
2089 2689 2345 2731 Archiepifiopum‘,
2364 2673 2478 2739 ,41735327'⁸

1278 2736 1428 2779 Patricium
1443 2734 1619 2779 Comitem'de*
1631 2732 1764 2777 Bofhvile
1779 2733 1949 2776 Dominum
1970 2731 2015 2774 de.
2028 2729 2118 2773 Halys
2143 2739 2176 2761 ac
2198 2728 2342 2774 Magnum
2363 2746 2399 2770 H·
2416 2752 2443 2778 7·

1280 2772 1471 2802 Admirallum
1486 2771 1579 2809 Regni
1600 2772 1707 2801 Scotiae
1726 2770 1909 2800 Gardianum
1937 2768 2170 2799 Occidenrahum
2194 2767 2343 2800 Marchia-
2362 2785 2403 2808 Ex
2420 2783 2482 2808 M

1278 2819 1344 2841 rum
1358 2810 1479 2849 ejusdem
1489 2832 1497 2846 ‚
1516 2811 1549 2841 &
1564 2809 1710 2839 Andream
1732 2808 1900 2848 Postulatum
1914 2806 2037 2850 Ecclffi‘?
2051 2805 2230 2836 Cathedralis
2247 2810 2346 2838 Mora·
2361 2827 2428 2858 ,agn
2471 2809 2482 2815 ⁴
