<?xml version="1.0" encoding="UTF-8"?>
<!DOCTYPE html PUBLIC "-//W3C//DTD XHTML 1.0 Transitional//EN"
    "http://www.w3.org/TR/xhtml1/DTD/xhtml1-transitional.dtd">
<html xmlns="http://www.w3.org/1999/xhtml" xml:lang="en" lang="en">
 <head>
  <title>
</title>
<meta http-equiv="Content-Type" content="text/html;charset=utf-8" />
  <meta name='ocr-system' content='tesseract 3.04.00' />
  <meta name='ocr-capabilities' content='ocr_page ocr_carea ocr_par ocr_line ocrx_word'/>
</head>
<body>
  <div class='ocr_page' id='page_1' title='image "./fderaconventione05ryme_0786.png"; bbox 0 0 2555 4266; ppageno 0'>
   <div class='ocr_carea' id='block_1_1' title="bbox 606 148 1866 198">
    <p class='ocr_par' dir='ltr' id='par_1_1' title="bbox 606 148 1866 198">
     <span class='ocr_line' id='line_1_1' title="bbox 606 148 1866 198; baseline -0.007 0"><span class='ocrx_word' id='word_1_1' title='bbox 606 149 1417 198; x_wconf 87' lang='lat' dir='ltr'>CONVENTIONES,</span> <span class='ocrx_word' id='word_1_2' title='bbox 1473 148 1866 197; x_wconf 87' lang='lat' dir='ltr'>LITERAE,</span> 
     </span>
    </p>
   </div>
   <div class='ocr_carea' id='block_1_2' title="bbox 181 169 259 206">
    <p class='ocr_par' dir='ltr' id='par_1_2' title="bbox 181 169 259 206">
     <span class='ocr_line' id='line_1_2' title="bbox 181 169 259 206; baseline -0.026 0"><span class='ocrx_word' id='word_1_3' title='bbox 181 169 259 206; x_wconf 73' lang='lat'>166</span> 
     </span>
    </p>
   </div>
   <div class='ocr_carea' id='block_1_3' title="bbox 30 233 2504 365">
    <p class='ocr_par' dir='ltr' id='par_1_3' title="bbox 30 233 2504 365">
     <span class='ocr_line' id='line_1_3' title="bbox 30 233 2504 287; baseline -0.002 -14"><span class='ocrx_word' id='word_1_4' title='bbox 30 253 106 285; x_wconf 58' lang='lat' dir='ltr'>Am,</span> <span class='ocrx_word' id='word_1_5' title='bbox 116 249 162 282; x_wconf 70' lang='lat' dir='ltr'>D,</span> <span class='ocrx_word' id='word_1_6' title='bbox 219 248 336 282; x_wconf 50' lang='lat' dir='ltr'>Artem&amp;</span> <span class='ocrx_word' id='word_1_7' title='bbox 357 248 491 287; x_wconf 54' lang='lat' dir='ltr'>praeterea</span> <span class='ocrx_word' id='word_1_8' title='bbox 512 243 557 275; x_wconf 61' lang='lat' dir='ltr'>illa</span> <span class='ocrx_word' id='word_1_9' title='bbox 579 242 700 286; x_wconf 75' lang='lat' dir='ltr'>ejusdem</span> <span class='ocrx_word' id='word_1_10' title='bbox 723 239 897 286; x_wconf 75' lang='lat' dir='ltr'>Sereniffimi</span> <span class='ocrx_word' id='word_1_11' title='bbox 917 242 995 286; x_wconf 66' lang='lat' dir='ltr'>Regis</span> <span class='ocrx_word' id='word_1_12' title='bbox 1010 236 1124 282; x_wconf 68' lang='lat' dir='ltr'>Angliae</span> <span class='ocrx_word' id='word_1_13' title='bbox 1140 237 1241 268; x_wconf 84' lang='lat' dir='ltr'>Animi</span> <span class='ocrx_word' id='word_1_14' title='bbox 1279 244 1391 273; x_wconf 90' lang='lat' dir='ltr'>tatum,</span> <span class='ocrx_word' id='word_1_15' title='bbox 1409 233 1649 279; x_wconf 79' lang='lat' dir='ltr'>Commissarios,</span> <span class='ocrx_word' id='word_1_16' title='bbox 1669 235 1871 279; x_wconf 63' lang='lat' dir='ltr'>Procuratores</span> <span class='ocrx_word' id='word_1_17' title='bbox 1888 258 1898 272; x_wconf 88' lang='lat'>,</span> <span class='ocrx_word' id='word_1_18' title='bbox 1914 236 1962 267; x_wconf 90' lang='lat' dir='ltr'>vel</span> <span class='ocrx_word' id='word_1_19' title='bbox 1975 235 2137 282; x_wconf 76' lang='lat' dir='ltr'>Deputatos</span> <span class='ocrx_word' id='word_1_20' title='bbox 2153 236 2190 282; x_wconf 77' lang='lat' dir='ltr'>ad</span> <span class='ocrx_word' id='word_1_21' title='bbox 2205 237 2264 268; x_wconf 88' lang='lat' dir='ltr'>hoc</span> <span class='ocrx_word' id='word_1_22' title='bbox 2281 236 2349 268; x_wconf 85' lang='lat' dir='ltr'>mis-</span> <span class='ocrx_word' id='word_1_23' title='bbox 2366 236 2443 268; x_wconf 84' lang='lat' dir='ltr'>Ann-</span> <span class='ocrx_word' id='word_1_24' title='bbox 2459 237 2504 271; x_wconf 91' lang='lat' dir='ltr'>D.</span> 
     </span>
     <span class='ocr_line' id='line_1_4' title="bbox 51 273 2477 328; baseline -0.007 -7"><span class='ocrx_word' id='word_1_25' title='bbox 51 299 136 328; x_wconf 88' lang='lat'><em>1502.</em></span> <span class='ocrx_word' id='word_1_26' title='bbox 178 289 391 321; x_wconf 85' lang='lat' dir='ltr'>Conformitate</span> <span class='ocrx_word' id='word_1_27' title='bbox 407 289 439 318; x_wconf 82' lang='lat'>&amp;</span> <span class='ocrx_word' id='word_1_28' title='bbox 458 282 671 325; x_wconf 60' lang='lat' dir='ltr'>benevolentia,</span> <span class='ocrx_word' id='word_1_29' title='bbox 690 290 739 323; x_wconf 79' lang='lat' dir='ltr'>qui</span> <span class='ocrx_word' id='word_1_30' title='bbox 753 288 812 320; x_wconf 84' lang='lat' dir='ltr'>tam</span> <span class='ocrx_word' id='word_1_31' title='bbox 825 278 924 322; x_wconf 64' lang='lat' dir='ltr'>justis,</span> <span class='ocrx_word' id='word_1_32' title='bbox 940 285 1000 307; x_wconf 86' lang='lat' dir='ltr'>tarn</span> <span class='ocrx_word' id='word_1_33' title='bbox 1011 285 1111 315; x_wconf 77' lang='lat' dir='ltr'>gratis,</span> <span class='ocrx_word' id='word_1_34' title='bbox 1128 285 1243 320; x_wconf 77' lang='lat' dir='ltr'>tamque</span> <span class='ocrx_word' id='word_1_35' title='bbox 1280 275 1324 305; x_wconf 87' lang='lat' dir='ltr'>sos</span> <span class='ocrx_word' id='word_1_36' title='bbox 1337 275 1369 305; x_wconf 89' lang='lat'>&amp;</span> <span class='ocrx_word' id='word_1_37' title='bbox 1385 273 1537 304; x_wconf 81' lang='lat' dir='ltr'>destinatos</span> <span class='ocrx_word' id='word_1_38' title='bbox 1553 296 1563 312; x_wconf 91' lang='lat'>,</span> <span class='ocrx_word' id='word_1_39' title='bbox 1582 283 1652 304; x_wconf 80' lang='lat' dir='ltr'>citra</span> <span class='ocrx_word' id='word_1_40' title='bbox 1671 273 1796 318; x_wconf 77' lang='lat' dir='ltr'>eundern</span> <span class='ocrx_word' id='word_1_41' title='bbox 1816 273 1954 305; x_wconf 83' lang='lat' dir='ltr'>Pmnum</span> <span class='ocrx_word' id='word_1_42' title='bbox 1970 273 2060 305; x_wconf 84' lang='lat' dir='ltr'>Diem</span> <span class='ocrx_word' id='word_1_43' title='bbox 2069 276 2156 316; x_wconf 87' lang='lat' dir='ltr'>Julu‚</span> <span class='ocrx_word' id='word_1_44' title='bbox 2176 287 2205 307; x_wconf 83' lang='lat' dir='ltr'>in</span> <span class='ocrx_word' id='word_1_45' title='bbox 2223 276 2328 306; x_wconf 70' lang='lat' dir='ltr'>roelem</span> <span class='ocrx_word' id='word_1_46' title='bbox 2338 300 2348 314; x_wconf 83' lang='lat'>,</span> <span class='ocrx_word' id='word_1_47' title='bbox 2389 285 2477 316; x_wconf 80' lang='lat'>1502,</span> 
     </span>
     <span class='ocr_line' id='line_1_5' title="bbox 31 311 2480 365; baseline -0.007 -7"><span class='ocrx_word' id='word_1_48' title='bbox 31 334 92 358; x_wconf 79' lang='lat' dir='ltr'>Hm.</span> <span class='ocrx_word' id='word_1_49' title='bbox 111 339 140 365; x_wconf 88' lang='lat'>7.</span> <span class='ocrx_word' id='word_1_50' title='bbox 185 327 312 359; x_wconf 85' lang='lat' dir='ltr'>honestis</span> <span class='ocrx_word' id='word_1_51' title='bbox 327 326 436 364; x_wconf 67' lang='lat' dir='ltr'>praefati</span> <span class='ocrx_word' id='word_1_52' title='bbox 453 321 664 362; x_wconf 72' lang='lat' dir='ltr'>Consanguinei</span> <span class='ocrx_word' id='word_1_53' title='bbox 679 319 716 348; x_wconf 84' lang='lat' dir='ltr'>sui</span> <span class='ocrx_word' id='word_1_54' title='bbox 741 317 890 347; x_wconf 77' lang='lat' dir='ltr'>Desiderus</span> <span class='ocrx_word' id='word_1_55' title='bbox 900 338 910 353; x_wconf 91' lang='lat'>,</span> <span class='ocrx_word' id='word_1_56' title='bbox 924 316 1001 345; x_wconf 88' lang='lat' dir='ltr'>unde</span> <span class='ocrx_word' id='word_1_57' title='bbox 1013 324 1058 345; x_wconf 90' lang='lat' dir='ltr'>tot</span> <span class='ocrx_word' id='word_1_58' title='bbox 1072 314 1156 346; x_wconf 90' lang='lat' dir='ltr'>Pac1s</span> <span class='ocrx_word' id='word_1_59' title='bbox 1168 314 1247 345; x_wconf 87' lang='lat' dir='ltr'>Bona</span> <span class='ocrx_word' id='word_1_60' title='bbox 1282 312 1463 350; x_wconf 81' lang='lat' dir='ltr'>corporalem</span> <span class='ocrx_word' id='word_1_61' title='bbox 1473 335 1483 351; x_wconf 87' lang='lat'>,</span> <span class='ocrx_word' id='word_1_62' title='bbox 1501 313 1634 350; x_wconf 81' lang='lat' dir='ltr'>plenam,</span> <span class='ocrx_word' id='word_1_63' title='bbox 1652 313 1686 343; x_wconf 89' lang='lat'>&amp;</span> <span class='ocrx_word' id='word_1_64' title='bbox 1701 311 1851 350; x_wconf 84' lang='lat' dir='ltr'>pacificam</span> <span class='ocrx_word' id='word_1_65' title='bbox 1871 311 2080 344; x_wconf 80' lang='lat' dir='ltr'>Poffeffionem</span> <span class='ocrx_word' id='word_1_66' title='bbox 2095 315 2266 346; x_wconf 80' lang='lat' dir='ltr'>eorumdem</span> <span class='ocrx_word' id='word_1_67' title='bbox 2279 314 2352 346; x_wconf 75' lang='lat' dir='ltr'>effe-</span> <span class='ocrx_word' id='word_1_68' title='bbox 2369 321 2434 344; x_wconf 64' lang='lat' dir='ltr'>Hm.</span> <span class='ocrx_word' id='word_1_69' title='bbox 2453 325 2480 352; x_wconf 82' lang='lat'>7.</span> 
     </span>
    </p>
   </div>
   <div class='ocr_carea' id='block_1_4' title="bbox 1283 350 2127 391">
    <p class='ocr_par' dir='ltr' id='par_1_4' title="bbox 1283 350 2127 391">
     <span class='ocr_line' id='line_1_6' title="bbox 1283 350 2127 391; baseline 0.002 -10"><span class='ocrx_word' id='word_1_70' title='bbox 1283 351 1413 382; x_wconf 65' lang='lat' dir='ltr'>&amp;naliter</span> <span class='ocrx_word' id='word_1_71' title='bbox 1427 353 1522 381; x_wconf 84' lang='lat' dir='ltr'>mittet</span> <span class='ocrx_word' id='word_1_72' title='bbox 1537 352 1571 383; x_wconf 88' lang='lat'>&amp;</span> <span class='ocrx_word' id='word_1_73' title='bbox 1588 352 1722 388; x_wconf 81' lang='lat' dir='ltr'>inducet,</span> <span class='ocrx_word' id='word_1_74' title='bbox 1741 350 1853 381; x_wconf 86' lang='lat' dir='ltr'>mittive</span> <span class='ocrx_word' id='word_1_75' title='bbox 1868 351 1902 382; x_wconf 93' lang='lat'>&amp;</span> <span class='ocrx_word' id='word_1_76' title='bbox 1917 351 2017 381; x_wconf 91' lang='lat' dir='ltr'>induci</span> <span class='ocrx_word' id='word_1_77' title='bbox 2029 352 2127 391; x_wconf 83' lang='lat' dir='ltr'>faciet,</span> 
     </span>
    </p>
   </div>
   <div class='ocr_carea' id='block_1_5' title="bbox 183 353 1248 440">
    <p class='ocr_par' dir='ltr' id='par_1_5' title="bbox 183 353 1248 440">
     <span class='ocr_line' id='line_1_7' title="bbox 185 353 1248 400; baseline -0.006 -11"><span class='ocrx_word' id='word_1_78' title='bbox 185 369 219 399; x_wconf 83' lang='lat'>&amp;</span> <span class='ocrx_word' id='word_1_79' title='bbox 233 365 400 396; x_wconf 68' lang='lat' dir='ltr'>Commoda</span> <span class='ocrx_word' id='word_1_80' title='bbox 424 361 560 400; x_wconf 78' lang='lat' dir='ltr'>perpetuis</span> <span class='ocrx_word' id='word_1_81' title='bbox 582 358 681 389; x_wconf 74' lang='lat' dir='ltr'>tuturis</span> <span class='ocrx_word' id='word_1_82' title='bbox 703 357 879 393; x_wconf 83' lang='lat' dir='ltr'>temporibus</span> <span class='ocrx_word' id='word_1_83' title='bbox 893 353 957 391; x_wconf 77' lang='lat' dir='ltr'>ipsis</span> <span class='ocrx_word' id='word_1_84' title='bbox 971 354 1005 385; x_wconf 90' lang='lat'>&amp;</span> <span class='ocrx_word' id='word_1_85' title='bbox 1019 363 1123 395; x_wconf 82' lang='lat' dir='ltr'>eorum</span> <span class='ocrx_word' id='word_1_86' title='bbox 1135 353 1248 398; x_wconf 68' lang='lat' dir='ltr'>Regnis</span> 
     </span>
     <span class='ocr_line' id='line_1_8' title="bbox 183 393 1247 440; baseline -0.013 -4"><span class='ocrx_word' id='word_1_87' title='bbox 183 406 317 436; x_wconf 70' lang='lat' dir='ltr'>habunde</span> <span class='ocrx_word' id='word_1_88' title='bbox 339 409 507 440; x_wconf 82' lang='lat' dir='ltr'>proventura</span> <span class='ocrx_word' id='word_1_89' title='bbox 530 398 592 428; x_wconf 87' lang='lat' dir='ltr'>sunt</span> <span class='ocrx_word' id='word_1_90' title='bbox 608 419 618 435; x_wconf 88' lang='lat'>,</span> <span class='ocrx_word' id='word_1_91' title='bbox 643 395 787 435; x_wconf 65' lang='lat' dir='ltr'>propterea⁴</span> <span class='ocrx_word' id='word_1_92' title='bbox 809 401 932 423; x_wconf 85' lang='lat' dir='ltr'>annuere</span> <span class='ocrx_word' id='word_1_93' title='bbox 946 400 1030 430; x_wconf 87' lang='lat' dir='ltr'>atque</span> <span class='ocrx_word' id='word_1_94' title='bbox 1044 393 1173 424; x_wconf 86' lang='lat' dir='ltr'>assennre</span> <span class='ocrx_word' id='word_1_95' title='bbox 1185 395 1247 431; x_wconf 80' lang='lat' dir='ltr'>dig-</span> 
     </span>
    </p>
   </div>
   <div class='ocr_carea' id='block_1_6' title="bbox 181 444 1248 512">
    <p class='ocr_par' dir='ltr' id='par_1_6' title="bbox 181 444 1248 512">
     <span class='ocr_line' id='line_1_9' title="bbox 181 444 1233 481; baseline -0.017 -6"><span class='ocrx_word' id='word_1_96' title='bbox 181 453 252 475; x_wconf 84' lang='lat' dir='ltr'>num</span> <span class='ocrx_word' id='word_1_97' title='bbox 268 444 394 478; x_wconf 68' lang='lat' dir='ltr'>duxerit,</span> <span class='ocrx_word' id='word_1_98' title='bbox 513 476 518 481; x_wconf 95' lang='lat'><em>.</em></span> <span class='ocrx_word' id='word_1_99' title='bbox 675 473 680 477; x_wconf 90' lang='lat'><em>.</em></span> <span class='ocrx_word' id='word_1_100' title='bbox 734 473 739 477; x_wconf 35' lang='grc' dir='ltr'>Ι</span> <span class='ocrx_word' id='word_1_101' title='bbox 919 470 924 475; x_wconf 89' lang='lat'>.</span> <span class='ocrx_word' id='word_1_102' title='bbox 1189 468 1233 477; x_wconf 32' lang='lat' dir='ltr'>&#39;A&#39;</span> 
     </span>
     <span class='ocr_line' id='line_1_10' title="bbox 225 468 1248 512; baseline -0.015 0"><span class='ocrx_word' id='word_1_103' title='bbox 225 481 336 512; x_wconf 83' lang='lat' dir='ltr'>Virtute</span> <span class='ocrx_word' id='word_1_104' title='bbox 352 480 384 509; x_wconf 73' lang='grc' dir='ltr'>δε</span> <span class='ocrx_word' id='word_1_105' title='bbox 399 476 576 507; x_wconf 67' lang='lat' dir='ltr'>Austoritate</span> <span class='ocrx_word' id='word_1_106' title='bbox 592 472 794 503; x_wconf 82' lang='lat' dir='ltr'>sufficientium</span> <span class='ocrx_word' id='word_1_107' title='bbox 803 468 1092 507; x_wconf 74' lang='lat' dir='ltr'>Commiffionum‚a</span> <span class='ocrx_word' id='word_1_108' title='bbox 1105 469 1248 507; x_wconf 77' lang='lat' dir='ltr'>praedicus</span> 
     </span>
    </p>
   </div>
   <div class='ocr_carea' id='block_1_7' title="bbox 182 508 1249 785">
    <p class='ocr_par' dir='ltr' id='par_1_7' title="bbox 182 508 1249 785">
     <span class='ocr_line' id='line_1_11' title="bbox 183 508 1248 551; baseline -0.014 -1"><span class='ocrx_word' id='word_1_109' title='bbox 183 518 365 551; x_wconf 70' lang='lat' dir='ltr'>Sereniilimis</span> <span class='ocrx_word' id='word_1_110' title='bbox 382 515 559 551; x_wconf 81' lang='lat' dir='ltr'>Princibipus</span> <span class='ocrx_word' id='word_1_111' title='bbox 574 511 724 550; x_wconf 63' lang='lat' dir='ltr'>respective</span> <span class='ocrx_word' id='word_1_112' title='bbox 746 508 845 539; x_wconf 90' lang='lat' dir='ltr'>Nobis</span> <span class='ocrx_word' id='word_1_113' title='bbox 863 509 892 538; x_wconf 86' lang='lat' dir='ltr'>in</span> <span class='ocrx_word' id='word_1_114' title='bbox 916 508 970 538; x_wconf 84' lang='lat' dir='ltr'>hac</span> <span class='ocrx_word' id='word_1_115' title='bbox 994 508 1078 538; x_wconf 91' lang='lat' dir='ltr'>Parte</span> <span class='ocrx_word' id='word_1_116' title='bbox 1099 513 1248 543; x_wconf 86' lang='lat' dir='ltr'>datarum,</span> 
     </span>
     <span class='ocr_line' id='line_1_12' title="bbox 183 545 1249 592; baseline -0.016 -2"><span class='ocrx_word' id='word_1_117' title='bbox 183 559 368 592; x_wconf 73' lang='lat' dir='ltr'>traditarum,</span> <span class='ocrx_word' id='word_1_118' title='bbox 395 554 428 584; x_wconf 84' lang='lat'>&amp;</span> <span class='ocrx_word' id='word_1_119' title='bbox 454 551 650 583; x_wconf 86' lang='lat' dir='ltr'>concessarum</span> <span class='ocrx_word' id='word_1_120' title='bbox 672 548 819 585; x_wconf 86' lang='lat' dir='ltr'>(Quarum</span> <span class='ocrx_word' id='word_1_121' title='bbox 847 546 1096 577; x_wconf 86' lang='lat' dir='ltr'>Commiffionum</span> <span class='ocrx_word' id='word_1_122' title='bbox 1118 545 1249 574; x_wconf 85' lang='lat' dir='ltr'>Tenores</span> 
     </span>
     <span class='ocr_line' id='line_1_13' title="bbox 182 583 1246 627; baseline -0.014 -1"><span class='ocrx_word' id='word_1_123' title='bbox 182 597 296 627; x_wconf 79' lang='lat' dir='ltr'>inferius</span> <span class='ocrx_word' id='word_1_124' title='bbox 318 592 481 627; x_wconf 77' lang='lat' dir='ltr'>sequuntur)</span> <span class='ocrx_word' id='word_1_125' title='bbox 507 589 541 620; x_wconf 86' lang='lat' dir='ltr'>ad</span> <span class='ocrx_word' id='word_1_126' title='bbox 564 587 694 618; x_wconf 78' lang='lat' dir='ltr'>Laudem</span> <span class='ocrx_word' id='word_1_127' title='bbox 717 586 800 624; x_wconf 83' lang='lat' dir='ltr'>Dei,</span> <span class='ocrx_word' id='word_1_128' title='bbox 830 586 864 616; x_wconf 88' lang='lat'>&amp;</span> <span class='ocrx_word' id='word_1_129' title='bbox 890 585 1058 621; x_wconf 85' lang='lat' dir='ltr'>Principum</span> <span class='ocrx_word' id='word_1_130' title='bbox 1080 583 1246 613; x_wconf 84' lang='lat' dir='ltr'>nostrorum</span> 
     </span>
     <span class='ocr_line' id='line_1_14' title="bbox 182 620 1248 675; baseline -0.012 -12"><span class='ocrx_word' id='word_1_131' title='bbox 182 623 384 675; x_wconf 55' lang='lat' dir='ltr'>praedictorum</span> <span class='ocrx_word' id='word_1_132' title='bbox 405 630 578 668; x_wconf 77' lang='lat' dir='ltr'>Regnorum</span> <span class='ocrx_word' id='word_1_133' title='bbox 601 635 634 656; x_wconf 86' lang='lat' dir='ltr'>ac</span> <span class='ocrx_word' id='word_1_134' title='bbox 659 625 849 656; x_wconf 81' lang='lat' dir='ltr'>Subdirorutn</span> <span class='ocrx_word' id='word_1_135' title='bbox 865 623 981 653; x_wconf 87' lang='lat' dir='ltr'>suorum</span> <span class='ocrx_word' id='word_1_136' title='bbox 995 622 1152 651; x_wconf 85' lang='lat' dir='ltr'>Honorem</span> <span class='ocrx_word' id='word_1_137' title='bbox 1163 643 1172 658; x_wconf 89' lang='lat'>‚</span> <span class='ocrx_word' id='word_1_138' title='bbox 1187 620 1248 664; x_wconf 35' lang='lat' dir='ltr'>‚Pa-</span> 
     </span>
     <span class='ocr_line' id='line_1_15' title="bbox 183 660 1248 707; baseline -0.014 -5"><span class='ocrx_word' id='word_1_139' title='bbox 183 682 248 702; x_wconf 84' lang='lat' dir='ltr'>cem</span> <span class='ocrx_word' id='word_1_140' title='bbox 262 697 269 707; x_wconf 85' lang='lat'>,</span> <span class='ocrx_word' id='word_1_141' title='bbox 287 667 555 703; x_wconf 76' lang='lat' dir='ltr'>Commoditatem,</span> <span class='ocrx_word' id='word_1_142' title='bbox 575 664 608 695; x_wconf 74' lang='lat' dir='ltr'>sc</span> <span class='ocrx_word' id='word_1_143' title='bbox 627 663 810 700; x_wconf 74' lang='lat' dir='ltr'>Utilitatem,</span> <span class='ocrx_word' id='word_1_144' title='bbox 825 671 927 692; x_wconf 78' lang='lat' dir='ltr'>omnes</span> <span class='ocrx_word' id='word_1_145' title='bbox 943 661 976 689; x_wconf 88' lang='lat'>&amp;</span> <span class='ocrx_word' id='word_1_146' title='bbox 992 660 1114 698; x_wconf 78' lang='lat' dir='ltr'>singulos</span> <span class='ocrx_word' id='word_1_147' title='bbox 1130 660 1248 703; x_wconf 74' lang='lat' dir='ltr'>Articu-</span> 
     </span>
     <span class='ocr_line' id='line_1_16' title="bbox 184 698 1247 745; baseline -0.012 -4"><span class='ocrx_word' id='word_1_148' title='bbox 184 712 226 742; x_wconf 84' lang='lat' dir='ltr'>los</span> <span class='ocrx_word' id='word_1_149' title='bbox 239 708 436 745; x_wconf 76' lang='lat' dir='ltr'>subsequentes</span> <span class='ocrx_word' id='word_1_150' title='bbox 447 729 456 744; x_wconf 83' lang='lat'>,</span> <span class='ocrx_word' id='word_1_151' title='bbox 471 702 636 734; x_wconf 83' lang='lat' dir='ltr'>earumdem</span> <span class='ocrx_word' id='word_1_152' title='bbox 651 701 901 733; x_wconf 78' lang='lat' dir='ltr'>Commisfionurn</span> <span class='ocrx_word' id='word_1_153' title='bbox 921 707 1022 742; x_wconf 62' lang='lat' dir='ltr'>vigore</span> <span class='ocrx_word' id='word_1_154' title='bbox 1037 699 1072 728; x_wconf 75' lang='grc' dir='ltr'>δε</span> <span class='ocrx_word' id='word_1_155' title='bbox 1093 698 1247 728; x_wconf 59' lang='lat' dir='ltr'>auotorita-</span> 
     </span>
     <span class='ocr_line' id='line_1_17' title="bbox 184 735 1247 785; baseline -0.018 -7"><span class='ocrx_word' id='word_1_156' title='bbox 184 759 212 780; x_wconf 85' lang='lat' dir='ltr'>te</span> <span class='ocrx_word' id='word_1_157' title='bbox 228 770 237 785; x_wconf 87' lang='lat'>,</span> <span class='ocrx_word' id='word_1_158' title='bbox 262 745 458 777; x_wconf 83' lang='lat' dir='ltr'>Convenimus</span> <span class='ocrx_word' id='word_1_159' title='bbox 474 766 484 781; x_wconf 85' lang='lat'>,</span> <span class='ocrx_word' id='word_1_160' title='bbox 505 741 760 773; x_wconf 75' lang='lat' dir='ltr'>Concordavimus</span> <span class='ocrx_word' id='word_1_161' title='bbox 775 762 785 777; x_wconf 88' lang='lat'>,</span> <span class='ocrx_word' id='word_1_162' title='bbox 805 740 1029 775; x_wconf 80' lang='lat' dir='ltr'>Contraximus,</span> <span class='ocrx_word' id='word_1_163' title='bbox 1045 737 1079 768; x_wconf 92' lang='lat'>&amp;</span> <span class='ocrx_word' id='word_1_164' title='bbox 1096 735 1247 766; x_wconf 72' lang='lat' dir='ltr'>Conclusi-</span> 
     </span>
    </p>
   </div>
   <div class='ocr_carea' id='block_1_8' title="bbox 1285 388 2357 774">
    <p class='ocr_par' dir='ltr' id='par_1_8' title="bbox 1285 388 2357 774">
     <span class='ocr_line' id='line_1_18' title="bbox 1318 388 2351 431; baseline 0.003 -12"><span class='ocrx_word' id='word_1_165' title='bbox 1318 389 1374 427; x_wconf 85' lang='lat' dir='ltr'>Et,</span> <span class='ocrx_word' id='word_1_166' title='bbox 1393 389 1413 420; x_wconf 83' lang='lat' dir='ltr'>fi</span> <span class='ocrx_word' id='word_1_167' title='bbox 1429 390 1527 420; x_wconf 87' lang='lat' dir='ltr'>Annui</span> <span class='ocrx_word' id='word_1_168' title='bbox 1543 389 1684 420; x_wconf 83' lang='lat' dir='ltr'>Redditus</span> <span class='ocrx_word' id='word_1_169' title='bbox 1696 389 1841 429; x_wconf 42' lang='lat' dir='ltr'>diciorum</span> <span class='ocrx_word' id='word_1_170' title='bbox 1857 388 2016 428; x_wconf 83' lang='lat' dir='ltr'>Villarum,</span> <span class='ocrx_word' id='word_1_171' title='bbox 2034 389 2265 431; x_wconf 88' lang='lat' dir='ltr'>Dominiorum,</span> <span class='ocrx_word' id='word_1_172' title='bbox 2281 391 2351 423; x_wconf 88' lang='lat' dir='ltr'>Ma-</span> 
     </span>
     <span class='ocr_line' id='line_1_19' title="bbox 1285 427 2355 470; baseline 0.002 -12"><span class='ocrx_word' id='word_1_173' title='bbox 1285 429 1448 466; x_wconf 88' lang='lat' dir='ltr'>neriorum,</span> <span class='ocrx_word' id='word_1_174' title='bbox 1465 429 1641 466; x_wconf 81' lang='lat' dir='ltr'>Terrarum,</span> <span class='ocrx_word' id='word_1_175' title='bbox 1658 429 1692 459; x_wconf 89' lang='lat'>&amp;</span> <span class='ocrx_word' id='word_1_176' title='bbox 1707 427 1883 458; x_wconf 86' lang='lat' dir='ltr'>Praediorum</span> <span class='ocrx_word' id='word_1_177' title='bbox 1901 428 1936 458; x_wconf 89' lang='lat' dir='ltr'>ad</span> <span class='ocrx_word' id='word_1_178' title='bbox 1954 428 2253 462; x_wconf 79' lang='lat' dir='ltr'>minoremsummam</span> <span class='ocrx_word' id='word_1_179' title='bbox 2267 432 2355 470; x_wconf 69' lang='lat' dir='ltr'>quam</span> 
     </span>
     <span class='ocr_line' id='line_1_20' title="bbox 1285 465 2353 507; baseline 0.005 -11"><span class='ocrx_word' id='word_1_180' title='bbox 1285 469 1413 496; x_wconf 83' lang='lat' dir='ltr'>Duarum</span> <span class='ocrx_word' id='word_1_181' title='bbox 1435 466 1558 497; x_wconf 73' lang='lat' dir='ltr'>Mllium</span> <span class='ocrx_word' id='word_1_182' title='bbox 1575 467 1726 497; x_wconf 84' lang='lat' dir='ltr'>Librarum</span> <span class='ocrx_word' id='word_1_183' title='bbox 1747 465 1941 504; x_wconf 79' lang='lat' dir='ltr'>sterlingorum</span> <span class='ocrx_word' id='word_1_184' title='bbox 1954 490 1964 505; x_wconf 96' lang='lat'>,</span> <span class='ocrx_word' id='word_1_185' title='bbox 1979 467 2136 498; x_wconf 84' lang='lat' dir='ltr'>secundum</span> <span class='ocrx_word' id='word_1_186' title='bbox 2150 466 2353 507; x_wconf 86' lang='lat' dir='ltr'>Computatio-</span> 
     </span>
     <span class='ocr_line' id='line_1_21' title="bbox 1285 504 2353 547; baseline 0.002 -13"><span class='ocrx_word' id='word_1_187' title='bbox 1285 514 1356 535; x_wconf 88' lang='lat' dir='ltr'>nem</span> <span class='ocrx_word' id='word_1_188' title='bbox 1379 507 1414 537; x_wconf 68' lang='grc' dir='ltr'>ἃ</span> <span class='ocrx_word' id='word_1_189' title='bbox 1432 505 1671 536; x_wconf 88' lang='lat' dir='ltr'>AEstimationem</span> <span class='ocrx_word' id='word_1_190' title='bbox 1695 515 1760 544; x_wconf 86' lang='lat' dir='ltr'>quae</span> <span class='ocrx_word' id='word_1_191' title='bbox 1783 514 1860 536; x_wconf 90' lang='lat' dir='ltr'>nunc</span> <span class='ocrx_word' id='word_1_192' title='bbox 1884 504 1916 534; x_wconf 85' lang='lat' dir='ltr'>fit</span> <span class='ocrx_word' id='word_1_193' title='bbox 1938 506 1971 536; x_wconf 88' lang='lat'>&amp;</span> <span class='ocrx_word' id='word_1_194' title='bbox 1994 506 2113 536; x_wconf 87' lang='lat' dir='ltr'>habetur</span> <span class='ocrx_word' id='word_1_195' title='bbox 2135 507 2167 536; x_wconf 90' lang='lat' dir='ltr'>in</span> <span class='ocrx_word' id='word_1_196' title='bbox 2183 506 2303 547; x_wconf 83' lang='lat' dir='ltr'>Anglia,</span> <span class='ocrx_word' id='word_1_197' title='bbox 2318 511 2353 540; x_wconf 88' lang='lat'>&amp;</span> 
     </span>
     <span class='ocr_line' id='line_1_22' title="bbox 1286 542 2351 579; baseline 0.006 -8"><span class='ocrx_word' id='word_1_198' title='bbox 1286 552 1352 579; x_wconf 80' lang='lat' dir='ltr'>quae</span> <span class='ocrx_word' id='word_1_199' title='bbox 1372 543 1482 573; x_wconf 84' lang='lat' dir='ltr'>faciunt</span> <span class='ocrx_word' id='word_1_200' title='bbox 1503 546 1537 574; x_wconf 85' lang='lat'>&amp;</span> <span class='ocrx_word' id='word_1_201' title='bbox 1557 544 1736 576; x_wconf 82' lang='lat' dir='ltr'>constituunt</span> <span class='ocrx_word' id='word_1_202' title='bbox 1759 547 1814 573; x_wconf 81' lang='lat' dir='ltr'>Sex</span> <span class='ocrx_word' id='word_1_203' title='bbox 1835 542 1932 573; x_wconf 79' lang='lat' dir='ltr'>Millia</span> <span class='ocrx_word' id='word_1_204' title='bbox 1956 543 2108 574; x_wconf 84' lang='lat' dir='ltr'>Librarum</span> <span class='ocrx_word' id='word_1_205' title='bbox 2127 546 2252 575; x_wconf 71' lang='lat' dir='ltr'>Monetae</span> <span class='ocrx_word' id='word_1_206' title='bbox 2273 555 2351 577; x_wconf 89' lang='lat' dir='ltr'>nunc</span> 
     </span>
     <span class='ocr_line' id='line_1_23' title="bbox 1286 581 2355 624; baseline 0.006 -15"><span class='ocrx_word' id='word_1_207' title='bbox 1286 582 1422 611; x_wconf 85' lang='lat' dir='ltr'>currentis</span> <span class='ocrx_word' id='word_1_208' title='bbox 1431 581 1469 624; x_wconf 34' lang='grc' dir='ltr'>,δε</span> <span class='ocrx_word' id='word_1_209' title='bbox 1485 581 1614 613; x_wconf 85' lang='lat' dir='ltr'>habentis</span> <span class='ocrx_word' id='word_1_210' title='bbox 1626 582 1742 614; x_wconf 88' lang='lat' dir='ltr'>cursum</span> <span class='ocrx_word' id='word_1_211' title='bbox 1756 583 1784 612; x_wconf 89' lang='lat' dir='ltr'>in</span> <span class='ocrx_word' id='word_1_212' title='bbox 1801 582 1898 613; x_wconf 75' lang='lat' dir='ltr'>Scotia</span> <span class='ocrx_word' id='word_1_213' title='bbox 1908 605 1919 620; x_wconf 94' lang='lat'>,</span> <span class='ocrx_word' id='word_1_214' title='bbox 1933 581 2063 613; x_wconf 65' lang='lat' dir='ltr'>deductis</span> <span class='ocrx_word' id='word_1_215' title='bbox 2081 582 2228 614; x_wconf 88' lang='lat' dir='ltr'>Oneribus</span> <span class='ocrx_word' id='word_1_216' title='bbox 2247 583 2281 614; x_wconf 73' lang='grc' dir='ltr'>δε</span> <span class='ocrx_word' id='word_1_217' title='bbox 2295 583 2355 615; x_wconf 83' lang='lat' dir='ltr'>Ex—</span> 
     </span>
     <span class='ocr_line' id='line_1_24' title="bbox 1286 618 2356 660; baseline 0.005 -13"><span class='ocrx_word' id='word_1_218' title='bbox 1286 618 1374 655; x_wconf 83' lang='lat' dir='ltr'>penfis</span> <span class='ocrx_word' id='word_1_219' title='bbox 1389 619 1632 658; x_wconf 81' lang='lat' dir='ltr'>quibuscumque,</span> <span class='ocrx_word' id='word_1_220' title='bbox 1648 620 1675 651; x_wconf 92' lang='lat' dir='ltr'>se</span> <span class='ocrx_word' id='word_1_221' title='bbox 1693 622 1839 652; x_wconf 88' lang='lat' dir='ltr'>annuatim</span> <span class='ocrx_word' id='word_1_222' title='bbox 1854 620 2021 658; x_wconf 74' lang='lat' dir='ltr'>extendant,</span> <span class='ocrx_word' id='word_1_223' title='bbox 2040 621 2118 652; x_wconf 90' lang='lat' dir='ltr'>idem</span> <span class='ocrx_word' id='word_1_224' title='bbox 2131 621 2280 652; x_wconf 84' lang='lat' dir='ltr'>Dominus</span> <span class='ocrx_word' id='word_1_225' title='bbox 2294 621 2356 660; x_wconf 85' lang='lat' dir='ltr'>Ja-</span> 
     </span>
     <span class='ocr_line' id='line_1_25' title="bbox 1285 655 2355 698; baseline 0.006 -13"><span class='ocrx_word' id='word_1_226' title='bbox 1285 655 1360 686; x_wconf 85' lang='lat' dir='ltr'>cobus</span> <span class='ocrx_word' id='word_1_227' title='bbox 1371 660 1433 686; x_wconf 79' lang='lat' dir='ltr'>Rex</span> <span class='ocrx_word' id='word_1_228' title='bbox 1447 660 1585 687; x_wconf 78' lang='lat' dir='ltr'>Scotorum</span> <span class='ocrx_word' id='word_1_229' title='bbox 1598 667 1692 688; x_wconf 92' lang='lat' dir='ltr'>totum</span> <span class='ocrx_word' id='word_1_230' title='bbox 1707 660 1741 690; x_wconf 90' lang='lat'>&amp;</span> <span class='ocrx_word' id='word_1_231' title='bbox 1755 669 1845 690; x_wconf 90' lang='lat' dir='ltr'>omne</span> <span class='ocrx_word' id='word_1_232' title='bbox 1861 659 1932 690; x_wconf 85' lang='lat' dir='ltr'>iilud</span> <span class='ocrx_word' id='word_1_233' title='bbox 1947 682 1956 698; x_wconf 93' lang='lat'>,</span> <span class='ocrx_word' id='word_1_234' title='bbox 1981 660 2060 698; x_wconf 87' lang='lat' dir='ltr'>quod</span> <span class='ocrx_word' id='word_1_235' title='bbox 2076 661 2105 690; x_wconf 91' lang='lat' dir='ltr'>in</span> <span class='ocrx_word' id='word_1_236' title='bbox 2120 670 2154 691; x_wconf 66' lang='lat' dir='ltr'>ea.</span> <span class='ocrx_word' id='word_1_237' title='bbox 2168 659 2254 692; x_wconf 90' lang='lat' dir='ltr'>Parte</span> <span class='ocrx_word' id='word_1_238' title='bbox 2267 659 2355 691; x_wconf 66' lang='lat' dir='ltr'>distae</span> 
     </span>
     <span class='ocr_line' id='line_1_26' title="bbox 1286 694 2356 738; baseline 0.006 -14"><span class='ocrx_word' id='word_1_239' title='bbox 1286 694 1416 738; x_wconf 77' lang='lat' dir='ltr'>Summae</span> <span class='ocrx_word' id='word_1_240' title='bbox 1436 694 1557 727; x_wconf 87' lang='lat' dir='ltr'>defuerit</span> <span class='ocrx_word' id='word_1_241' title='bbox 1571 719 1582 735; x_wconf 87' lang='lat'>,</span> <span class='ocrx_word' id='word_1_242' title='bbox 1606 697 1636 726; x_wconf 82' lang='lat' dir='ltr'>in</span> <span class='ocrx_word' id='word_1_243' title='bbox 1658 696 1716 727; x_wconf 87' lang='lat' dir='ltr'>aliis</span> <span class='ocrx_word' id='word_1_244' title='bbox 1734 696 1816 727; x_wconf 85' lang='lat' dir='ltr'>Villis</span> <span class='ocrx_word' id='word_1_245' title='bbox 1829 720 1840 736; x_wconf 92' lang='lat'>,</span> <span class='ocrx_word' id='word_1_246' title='bbox 1865 697 2014 729; x_wconf 88' lang='lat' dir='ltr'>Dominiis</span> <span class='ocrx_word' id='word_1_247' title='bbox 2029 721 2040 737; x_wconf 90' lang='lat'>,</span> <span class='ocrx_word' id='word_1_248' title='bbox 2067 698 2223 736; x_wconf 77' lang='lat' dir='ltr'>Maneriis,</span> <span class='ocrx_word' id='word_1_249' title='bbox 2238 698 2356 738; x_wconf 86' lang='lat' dir='ltr'>Terris,</span> 
     </span>
     <span class='ocr_line' id='line_1_27' title="bbox 1286 733 2357 774; baseline 0.006 -12"><span class='ocrx_word' id='word_1_250' title='bbox 1286 733 1420 771; x_wconf 73' lang='lat' dir='ltr'>Praedns,</span> <span class='ocrx_word' id='word_1_251' title='bbox 1435 735 1470 765; x_wconf 91' lang='lat'>&amp;</span> <span class='ocrx_word' id='word_1_252' title='bbox 1490 733 1663 765; x_wconf 86' lang='lat' dir='ltr'>Redditibus</span> <span class='ocrx_word' id='word_1_253' title='bbox 1679 757 1689 772; x_wconf 92' lang='lat'>,</span> <span class='ocrx_word' id='word_1_254' title='bbox 1713 735 1743 765; x_wconf 88' lang='lat' dir='ltr'>in</span> <span class='ocrx_word' id='word_1_255' title='bbox 1763 736 1901 774; x_wconf 77' lang='lat' dir='ltr'>aliquibus</span> <span class='ocrx_word' id='word_1_256' title='bbox 1916 736 2005 768; x_wconf 89' lang='lat' dir='ltr'>Locis</span> <span class='ocrx_word' id='word_1_257' title='bbox 2019 739 2086 768; x_wconf 89' lang='lat' dir='ltr'>citra</span> <span class='ocrx_word' id='word_1_258' title='bbox 2105 736 2190 767; x_wconf 88' lang='lat' dir='ltr'>Mare</span> <span class='ocrx_word' id='word_1_259' title='bbox 2205 737 2357 768; x_wconf 89' lang='lat' dir='ltr'>Scoticutn</span> 
     </span>
    </p>
   </div>
   <div class='ocr_carea' id='block_1_9' title="bbox 32 771 2358 862">
    <p class='ocr_par' dir='ltr' id='par_1_9' title="bbox 32 771 2358 862">
     <span class='ocr_line' id='line_1_28' title="bbox 32 771 2358 825; baseline -0.004 -10"><span class='ocrx_word' id='word_1_260' title='bbox 32 789 50 805; x_wconf 74' lang='lat'>⁸</span> <span class='ocrx_word' id='word_1_261' title='bbox 68 787 136 816; x_wconf 68' lang='grc' dir='ltr'>ΧΠ.</span> <span class='ocrx_word' id='word_1_262' title='bbox 182 796 261 823; x_wconf 82' lang='lat' dir='ltr'>mus,</span> <span class='ocrx_word' id='word_1_263' title='bbox 281 794 366 825; x_wconf 82' lang='lat' dir='ltr'>prout</span> <span class='ocrx_word' id='word_1_264' title='bbox 380 793 428 820; x_wconf 86' lang='lat' dir='ltr'>per</span> <span class='ocrx_word' id='word_1_265' title='bbox 443 781 596 812; x_wconf 63' lang='lat' dir='ltr'>Praesentes</span> <span class='ocrx_word' id='word_1_266' title='bbox 609 778 812 810; x_wconf 85' lang='lat' dir='ltr'>Convenimus</span> <span class='ocrx_word' id='word_1_267' title='bbox 822 780 842 797; x_wconf 48' lang='grc' dir='ltr'>*Ρ</span> <span class='ocrx_word' id='word_1_268' title='bbox 852 775 1075 808; x_wconf 80' lang='lat' dir='ltr'>concordamus</span> <span class='ocrx_word' id='word_1_269' title='bbox 1089 798 1099 813; x_wconf 87' lang='lat'>,</span> <span class='ocrx_word' id='word_1_270' title='bbox 1118 774 1245 805; x_wconf 76' lang='lat' dir='ltr'>Conrra-</span> <span class='ocrx_word' id='word_1_271' title='bbox 1287 771 1406 816; x_wconf 69' lang='lat' dir='ltr'>situatis,</span> <span class='ocrx_word' id='word_1_272' title='bbox 1421 772 1456 802; x_wconf 93' lang='lat' dir='ltr'>ad</span> <span class='ocrx_word' id='word_1_273' title='bbox 1476 773 1646 817; x_wconf 55' lang='lat' dir='ltr'>praediclam</span> <span class='ocrx_word' id='word_1_274' title='bbox 1664 773 1815 818; x_wconf 78' lang='lat' dir='ltr'>Summam</span> <span class='ocrx_word' id='word_1_275' title='bbox 1835 776 1962 805; x_wconf 75' lang='lat' dir='ltr'>Duarum</span> <span class='ocrx_word' id='word_1_276' title='bbox 1977 775 2102 806; x_wconf 75' lang='lat' dir='ltr'>Millium</span> <span class='ocrx_word' id='word_1_277' title='bbox 2116 775 2267 807; x_wconf 66' lang='lat' dir='ltr'>Hbraru&#39;m</span> <span class='ocrx_word' id='word_1_278' title='bbox 2280 780 2358 807; x_wconf 83' lang='lat' dir='ltr'>Ster-</span> 
     </span>
     <span class='ocr_line' id='line_1_29' title="bbox 32 809 2354 862; baseline -0.007 -3"><span class='ocrx_word' id='word_1_279' title='bbox 32 835 45 862; x_wconf 90' lang='lat'><strong><em>7</em></strong></span> <span class='ocrx_word' id='word_1_280' title='bbox 51 825 96 852; x_wconf 72' lang='grc'>53-</span> <span class='ocrx_word' id='word_1_281' title='bbox 184 827 279 856; x_wconf 70' lang='lat' dir='ltr'>bimus</span> <span class='ocrx_word' id='word_1_282' title='bbox 290 847 298 861; x_wconf 91' lang='lat'>‚</span> <span class='ocrx_word' id='word_1_283' title='bbox 317 823 350 853; x_wconf 89' lang='lat'>&amp;</span> <span class='ocrx_word' id='word_1_284' title='bbox 365 821 585 852; x_wconf 71' lang='lat' dir='ltr'>Concludtmus·</span> <span class='ocrx_word' id='word_1_285' title='bbox 1286 809 1417 848; x_wconf 79' lang='lat' dir='ltr'>ltngorum</span> <span class='ocrx_word' id='word_1_286' title='bbox 1438 810 1464 841; x_wconf 89' lang='lat' dir='ltr'>se</span> <span class='ocrx_word' id='word_1_287' title='bbox 1485 811 1701 843; x_wconf 77' lang='lat' dir='ltr'>exrendentibus</span> <span class='ocrx_word' id='word_1_288' title='bbox 1715 835 1726 851; x_wconf 85' lang='lat'>,</span> <span class='ocrx_word' id='word_1_289' title='bbox 1744 821 1814 843; x_wconf 83' lang='lat' dir='ltr'>citra</span> <span class='ocrx_word' id='word_1_290' title='bbox 1829 812 2123 851; x_wconf 75' lang='lat' dir='ltr'>Qintumdecimurn</span> <span class='ocrx_word' id='word_1_291' title='bbox 2141 815 2231 859; x_wconf 78' lang='lat' dir='ltr'>Diem</span> <span class='ocrx_word' id='word_1_292' title='bbox 2247 815 2354 854; x_wconf 83' lang='lat' dir='ltr'>praefati</span> 
     </span>
    </p>
   </div>
   <div class='ocr_carea' id='block_1_10' title="bbox 62 3785 1005 3831">
    <p class='ocr_par' dir='ltr' id='par_1_10' title="bbox 62 3785 1005 3831">
     <span class='ocr_line' id='line_1_30' title="bbox 62 3785 1005 3831; baseline 0.006 -18"><span class='ocrx_word' id='word_1_293' title='bbox 62 3797 78 3813; x_wconf 72' lang='grc' dir='ltr'><strong><em>ο</em></strong></span> <span class='ocrx_word' id='word_1_294' title='bbox 96 3796 165 3824; x_wconf 83' lang='lat' dir='ltr'>XII.</span> <span class='ocrx_word' id='word_1_295' title='bbox 208 3785 296 3831; x_wconf 83' lang='lat' dir='ltr'>Diem</span> <span class='ocrx_word' id='word_1_296' title='bbox 309 3787 391 3825; x_wconf 84' lang='lat' dir='ltr'>Julii,</span> <span class='ocrx_word' id='word_1_297' title='bbox 408 3789 456 3826; x_wconf 90' lang='lat' dir='ltr'>qui</span> <span class='ocrx_word' id='word_1_298' title='bbox 470 3788 522 3818; x_wconf 87' lang='lat' dir='ltr'>erit</span> <span class='ocrx_word' id='word_1_299' title='bbox 535 3788 563 3816; x_wconf 91' lang='lat' dir='ltr'>in</span> <span class='ocrx_word' id='word_1_300' title='bbox 575 3788 664 3817; x_wconf 88' lang='lat' dir='ltr'>Anno</span> <span class='ocrx_word' id='word_1_301' title='bbox 679 3789 802 3819; x_wconf 82' lang='lat' dir='ltr'>Domini</span> <span class='ocrx_word' id='word_1_302' title='bbox 817 3789 973 3819; x_wconf 84' lang='lat' dir='ltr'>Millefimo</span> <span class='ocrx_word' id='word_1_303' title='bbox 990 3793 1005 3806; x_wconf 69' lang='lat'>&#39;⁵</span> 
     </span>
    </p>
   </div>
   <div class='ocr_carea' id='block_1_11' title="bbox 180 851 1259 3826">
    <p class='ocr_par' dir='ltr' id='par_1_11' title="bbox 218 851 1248 897">
     <span class='ocr_line' id='line_1_31' title="bbox 218 851 1248 897; baseline -0.013 -3"><span class='ocrx_word' id='word_1_304' title='bbox 218 863 265 893; x_wconf 62' lang='lat' dir='ltr'>lx</span> <span class='ocrx_word' id='word_1_305' title='bbox 277 871 325 892; x_wconf 70' lang='lat' dir='ltr'>PR</span> <span class='ocrx_word' id='word_1_306' title='bbox 337 869 445 897; x_wconf 74' lang='lat' dir='ltr'>mrs,</span> <span class='ocrx_word' id='word_1_307' title='bbox 463 858 532 889; x_wconf 77' lang='lat' dir='ltr'>Nos</span> <span class='ocrx_word' id='word_1_308' title='bbox 545 880 554 894; x_wconf 93' lang='lat'>‚</span> <span class='ocrx_word' id='word_1_309' title='bbox 581 854 792 893; x_wconf 70' lang='lat' dir='ltr'>Commissarii,</span> <span class='ocrx_word' id='word_1_310' title='bbox 813 854 967 891; x_wconf 82' lang='lat' dir='ltr'>Oratores,</span> <span class='ocrx_word' id='word_1_311' title='bbox 987 853 1021 884; x_wconf 76' lang='grc' dir='ltr'>δε</span> <span class='ocrx_word' id='word_1_312' title='bbox 1044 851 1248 895; x_wconf 82' lang='lat' dir='ltr'>Procuratores</span> 
     </span>
    </p>

    <p class='ocr_par' dir='ltr' id='par_1_12' title="bbox 180 889 1251 1242">
     <span class='ocr_line' id='line_1_32' title="bbox 204 889 1250 938; baseline -0.012 -6"><span class='ocrx_word' id='word_1_313' title='bbox 204 901 311 932; x_wconf 66' lang='lat' dir='ltr'>raediffl</span> <span class='ocrx_word' id='word_1_314' title='bbox 325 922 334 938; x_wconf 87' lang='lat'>‚</span> <span class='ocrx_word' id='word_1_315' title='bbox 362 898 585 930; x_wconf 49' lang='lat' dir='ltr'>Auooritatibus</span> <span class='ocrx_word' id='word_1_316' title='bbox 608 894 746 932; x_wconf 66' lang='lat' dir='ltr'>praedie&#39;tis</span> <span class='ocrx_word' id='word_1_317' title='bbox 761 917 771 932; x_wconf 86' lang='lat'>,</span> <span class='ocrx_word' id='word_1_318' title='bbox 787 892 1006 930; x_wconf 73' lang='lat' dir='ltr'>Convenimus,</span> <span class='ocrx_word' id='word_1_319' title='bbox 1025 889 1250 935; x_wconf 74' lang='lat' dir='ltr'>Contralumus,</span> 
     </span>
     <span class='ocr_line' id='line_1_33' title="bbox 181 912 1247 974; baseline -0.013 -3"><span class='ocrx_word' id='word_1_320' title='bbox 181 912 423 974; x_wconf 59' lang='lat' dir='ltr'>{Bomoi-damus,</span> <span class='ocrx_word' id='word_1_321' title='bbox 441 937 474 967; x_wconf 75' lang='grc' dir='ltr'>δε</span> <span class='ocrx_word' id='word_1_322' title='bbox 493 934 704 966; x_wconf 78' lang='lat' dir='ltr'>Concludimus</span> <span class='ocrx_word' id='word_1_323' title='bbox 717 956 727 970; x_wconf 91' lang='lat'>,</span> <span class='ocrx_word' id='word_1_324' title='bbox 753 934 834 971; x_wconf 64' lang='lat' dir='ltr'>quod</span> <span class='ocrx_word' id='word_1_325' title='bbox 854 932 945 962; x_wconf 61' lang='lat' dir='ltr'>dit-Ius</span> <span class='ocrx_word' id='word_1_326' title='bbox 961 930 1109 961; x_wconf 83' lang='lat' dir='ltr'>Dominus</span> <span class='ocrx_word' id='word_1_327' title='bbox 1124 930 1247 968; x_wconf 83' lang='lat' dir='ltr'>Jacobus</span> 
     </span>
     <span class='ocr_line' id='line_1_34' title="bbox 186 968 1250 1013; baseline -0.01 -4"><span class='ocrx_word' id='word_1_328' title='bbox 186 983 323 1009; x_wconf 75' lang='lat' dir='ltr'>Scotorum</span> <span class='ocrx_word' id='word_1_329' title='bbox 342 980 401 1006; x_wconf 79' lang='lat' dir='ltr'>Rex</span> <span class='ocrx_word' id='word_1_330' title='bbox 417 1000 426 1013; x_wconf 83' lang='lat'>,</span> <span class='ocrx_word' id='word_1_331' title='bbox 452 984 501 1013; x_wconf 85' lang='lat' dir='ltr'>per</span> <span class='ocrx_word' id='word_1_332' title='bbox 519 974 556 1004; x_wconf 82' lang='lat' dir='ltr'>Se</span> <span class='ocrx_word' id='word_1_333' title='bbox 573 996 582 1010; x_wconf 88' lang='lat'>‚</span> <span class='ocrx_word' id='word_1_334' title='bbox 608 972 653 1002; x_wconf 83' lang='lat' dir='ltr'>vel</span> <span class='ocrx_word' id='word_1_335' title='bbox 675 982 724 1011; x_wconf 85' lang='lat' dir='ltr'>per</span> <span class='ocrx_word' id='word_1_336' title='bbox 741 972 897 1002; x_wconf 85' lang='lat' dir='ltr'>Oratorem</span> <span class='ocrx_word' id='word_1_337' title='bbox 913 992 923 1007; x_wconf 94' lang='lat'>,</span> <span class='ocrx_word' id='word_1_338' title='bbox 948 968 1188 1012; x_wconf 77' lang='lat' dir='ltr'>Procuratorem,</span> <span class='ocrx_word' id='word_1_339' title='bbox 1204 968 1250 1000; x_wconf 87' lang='lat' dir='ltr'>vel</span> 
     </span>
     <span class='ocr_line' id='line_1_35' title="bbox 185 1007 1250 1048; baseline -0.011 0"><span class='ocrx_word' id='word_1_340' title='bbox 185 1015 420 1048; x_wconf 80' lang='lat' dir='ltr'>Commiffirium</span> <span class='ocrx_word' id='word_1_341' title='bbox 442 1018 522 1043; x_wconf 72' lang='lat' dir='ltr'>suum</span> <span class='ocrx_word' id='word_1_342' title='bbox 542 1011 694 1042; x_wconf 78' lang='lat' dir='ltr'>sufficienti</span> <span class='ocrx_word' id='word_1_343' title='bbox 714 1010 893 1040; x_wconf 58' lang='lat' dir='ltr'>Austoritate</span> <span class='ocrx_word' id='word_1_344' title='bbox 914 1011 942 1038; x_wconf 89' lang='lat' dir='ltr'>in</span> <span class='ocrx_word' id='word_1_345' title='bbox 966 1018 998 1038; x_wconf 91' lang='lat' dir='ltr'>ea</span> <span class='ocrx_word' id='word_1_346' title='bbox 1014 1017 1091 1046; x_wconf 87' lang='lat' dir='ltr'>parte</span> <span class='ocrx_word' id='word_1_347' title='bbox 1107 1007 1250 1045; x_wconf 75' lang='lat' dir='ltr'>fulliturn,</span> 
     </span>
     <span class='ocr_line' id='line_1_36' title="bbox 184 1046 1249 1088; baseline -0.011 -1"><span class='ocrx_word' id='word_1_348' title='bbox 184 1056 404 1087; x_wconf 80' lang='lat' dir='ltr'>Matrimonium</span> <span class='ocrx_word' id='word_1_349' title='bbox 418 1063 465 1088; x_wconf 71' lang='lat' dir='ltr'>per</span> <span class='ocrx_word' id='word_1_350' title='bbox 482 1051 578 1081; x_wconf 78' lang='lat' dir='ltr'>Verba</span> <span class='ocrx_word' id='word_1_351' title='bbox 591 1051 628 1080; x_wconf 91' lang='lat' dir='ltr'>de</span> <span class='ocrx_word' id='word_1_352' title='bbox 647 1049 778 1080; x_wconf 75' lang='lat' dir='ltr'>l&#39;raesenti</span> <span class='ocrx_word' id='word_1_353' title='bbox 787 1073 796 1086; x_wconf 91' lang='lat'>,</span> <span class='ocrx_word' id='word_1_354' title='bbox 813 1058 882 1079; x_wconf 85' lang='lat' dir='ltr'>cum</span> <span class='ocrx_word' id='word_1_355' title='bbox 896 1046 1012 1085; x_wconf 74' lang='lat' dir='ltr'>praefata</span> <span class='ocrx_word' id='word_1_356' title='bbox 1025 1050 1147 1076; x_wconf 76' lang='lat' dir='ltr'>Domina</span> <span class='ocrx_word' id='word_1_357' title='bbox 1161 1048 1249 1076; x_wconf 86' lang='lat' dir='ltr'>Mar-</span> 
     </span>
     <span class='ocr_line' id='line_1_37' title="bbox 180 1084 1249 1132; baseline -0.008 -8"><span class='ocrx_word' id='word_1_358' title='bbox 180 1102 280 1132; x_wconf 82' lang='lat' dir='ltr'>gareta</span> <span class='ocrx_word' id='word_1_359' title='bbox 294 1117 302 1130; x_wconf 89' lang='lat'>,</span> <span class='ocrx_word' id='word_1_360' title='bbox 337 1102 402 1131; x_wconf 65' lang='lat' dir='ltr'>quse</span> <span class='ocrx_word' id='word_1_361' title='bbox 423 1091 643 1122; x_wconf 76' lang='lat' dir='ltr'>Duodecimum</span> <span class='ocrx_word' id='word_1_362' title='bbox 667 1087 772 1118; x_wconf 68' lang='lat' dir='ltr'>AEmtis</span> <span class='ocrx_word' id='word_1_363' title='bbox 792 1088 846 1118; x_wconf 72' lang='lat' dir='ltr'>sua:</span> <span class='ocrx_word' id='word_1_364' title='bbox 865 1087 984 1116; x_wconf 69' lang='lat' dir='ltr'>Annum</span> <span class='ocrx_word' id='word_1_365' title='bbox 1009 1084 1249 1129; x_wconf 35' lang='lat' dir='ltr'>penultimo-Die</span> 
     </span>
     <span class='ocr_line' id='line_1_38' title="bbox 183 1123 1249 1167; baseline -0.01 -3"><span class='ocrx_word' id='word_1_366' title='bbox 183 1132 365 1164; x_wconf 88' lang='lat' dir='ltr'>Novembris</span> <span class='ocrx_word' id='word_1_367' title='bbox 380 1131 484 1161; x_wconf 79' lang='lat' dir='ltr'>ultimo</span> <span class='ocrx_word' id='word_1_368' title='bbox 503 1129 644 1167; x_wconf 74' lang='lat' dir='ltr'>praeterito</span> <span class='ocrx_word' id='word_1_369' title='bbox 658 1127 799 1165; x_wconf 70' lang='lat' dir='ltr'>explevit,</span> <span class='ocrx_word' id='word_1_370' title='bbox 822 1128 893 1157; x_wconf 69' lang='lat' dir='ltr'>citra</span> <span class='ocrx_word' id='word_1_371' title='bbox 907 1125 1025 1156; x_wconf 81' lang='lat' dir='ltr'>Festum</span> <span class='ocrx_word' id='word_1_372' title='bbox 1040 1123 1249 1154; x_wconf 77' lang='lat' dir='ltr'>Purificartonis</span> 
     </span>
     <span class='ocr_line' id='line_1_39' title="bbox 184 1161 1251 1208; baseline -0.008 -5"><span class='ocrx_word' id='word_1_373' title='bbox 184 1171 278 1203; x_wconf 83' lang='lat' dir='ltr'>Beatae</span> <span class='ocrx_word' id='word_1_374' title='bbox 300 1169 403 1201; x_wconf 79' lang='lat' dir='ltr'>Mariae</span> <span class='ocrx_word' id='word_1_375' title='bbox 421 1169 557 1208; x_wconf 72' lang='lat' dir='ltr'>proximo</span> <span class='ocrx_word' id='word_1_376' title='bbox 581 1166 710 1198; x_wconf 83' lang='lat' dir='ltr'>futurum</span> <span class='ocrx_word' id='word_1_377' title='bbox 732 1166 839 1197; x_wconf 75' lang='lat' dir='ltr'>realiter</span> <span class='ocrx_word' id='word_1_378' title='bbox 857 1166 891 1197; x_wconf 84' lang='lat'>&amp;</span> <span class='ocrx_word' id='word_1_379' title='bbox 913 1173 984 1195; x_wconf 86' lang='lat' dir='ltr'>cum</span> <span class='ocrx_word' id='word_1_380' title='bbox 999 1163 1106 1195; x_wconf 53' lang='lat' dir='ltr'>effe-&amp;u</span> <span class='ocrx_word' id='word_1_381' title='bbox 1124 1161 1251 1194; x_wconf 84' lang='lat' dir='ltr'>Contra·</span> 
     </span>
     <span class='ocr_line' id='line_1_40' title="bbox 182 1211 230 1242; baseline -0.042 0"><span class='ocrx_word' id='word_1_382' title='bbox 182 1211 230 1242; x_wconf 87' lang='lat' dir='ltr'>het</span> 
     </span>
    </p>

    <p class='ocr_par' dir='ltr' id='par_1_13' title="bbox 181 1233 1252 1635">
     <span class='ocr_line' id='line_1_41' title="bbox 218 1233 1246 1283; baseline -0.006 -5"><span class='ocrx_word' id='word_1_383' title='bbox 218 1233 255 1280; x_wconf 73' lang='lat' dir='ltr'>E&#39;t</span> <span class='ocrx_word' id='word_1_384' title='bbox 272 1247 493 1279; x_wconf 87' lang='lat' dir='ltr'>Matrimonium</span> <span class='ocrx_word' id='word_1_385' title='bbox 509 1246 546 1277; x_wconf 68' lang='lat' dir='ltr'>sic</span> <span class='ocrx_word' id='word_1_386' title='bbox 562 1244 758 1283; x_wconf 39' lang='lat' dir='ltr'>contractum,</span> <span class='ocrx_word' id='word_1_387' title='bbox 773 1242 1028 1279; x_wconf 65' lang='lat' dir='ltr'>consanguinitatis</span> <span class='ocrx_word' id='word_1_388' title='bbox 1044 1241 1077 1272; x_wconf 90' lang='lat'>&amp;</span> <span class='ocrx_word' id='word_1_389' title='bbox 1091 1240 1246 1273; x_wconf 80' lang='lat' dir='ltr'>Affinitatis</span> 
     </span>
     <span class='ocr_line' id='line_1_42' title="bbox 181 1280 1249 1326; baseline -0.009 -7"><span class='ocrx_word' id='word_1_390' title='bbox 181 1287 342 1325; x_wconf 91' lang='lat' dir='ltr'>Gradibus,</span> <span class='ocrx_word' id='word_1_391' title='bbox 360 1287 461 1325; x_wconf 86' lang='lat' dir='ltr'>quibus</span> <span class='ocrx_word' id='word_1_392' title='bbox 479 1287 591 1324; x_wconf 85' lang='lat' dir='ltr'>Qarto</span> <span class='ocrx_word' id='word_1_393' title='bbox 605 1287 637 1316; x_wconf 72' lang='grc' dir='ltr'>δε</span> <span class='ocrx_word' id='word_1_394' title='bbox 653 1285 768 1322; x_wconf 83' lang='lat' dir='ltr'>Qarto</span> <span class='ocrx_word' id='word_1_395' title='bbox 782 1282 1037 1326; x_wconf 35' lang='lat' dir='ltr'>dicrus&#39;Dominus</span> <span class='ocrx_word' id='word_1_396' title='bbox 1051 1280 1174 1325; x_wconf 80' lang='lat' dir='ltr'>Jacobus</span> <span class='ocrx_word' id='word_1_397' title='bbox 1187 1284 1249 1310; x_wconf 82' lang='lat' dir='ltr'>Sco-</span> 
     </span>
     <span class='ocr_line' id='line_1_43' title="bbox 181 1321 1248 1360; baseline -0.007 -4"><span class='ocrx_word' id='word_1_398' title='bbox 181 1333 271 1356; x_wconf 82' lang='lat' dir='ltr'>torum</span> <span class='ocrx_word' id='word_1_399' title='bbox 282 1328 342 1356; x_wconf 82' lang='lat' dir='ltr'>Rex</span> <span class='ocrx_word' id='word_1_400' title='bbox 353 1327 386 1358; x_wconf 67' lang='grc' dir='ltr'>ἅτ</span> <span class='ocrx_word' id='word_1_401' title='bbox 401 1325 478 1356; x_wconf 64' lang='lat' dir='ltr'>dic&#39;xa</span> <span class='ocrx_word' id='word_1_402' title='bbox 493 1327 612 1354; x_wconf 78' lang='lat' dir='ltr'>Domina</span> <span class='ocrx_word' id='word_1_403' title='bbox 637 1327 805 1360; x_wconf 80' lang='lat' dir='ltr'>Margareta</span> <span class='ocrx_word' id='word_1_404' title='bbox 827 1321 856 1352; x_wconf 91' lang='lat' dir='ltr'>se</span> <span class='ocrx_word' id='word_1_405' title='bbox 875 1330 1000 1351; x_wconf 76' lang='lat' dir='ltr'>mvrcem</span> <span class='ocrx_word' id='word_1_406' title='bbox 1015 1329 1173 1360; x_wconf 80' lang='lat' dir='ltr'>attingunt,</span> <span class='ocrx_word' id='word_1_407' title='bbox 1189 1329 1248 1350; x_wconf 86' lang='lat' dir='ltr'>non</span> 
     </span>
     <span class='ocr_line' id='line_1_44' title="bbox 181 1358 1251 1403; baseline -0.008 -7"><span class='ocrx_word' id='word_1_408' title='bbox 181 1365 377 1402; x_wconf 69' lang='lat' dir='ltr'>obstantibus,</span> <span class='ocrx_word' id='word_1_409' title='bbox 390 1365 470 1403; x_wconf 84' lang='lat' dir='ltr'>juxta</span> <span class='ocrx_word' id='word_1_410' title='bbox 482 1364 651 1401; x_wconf 79' lang='lat' dir='ltr'>Tenorem,</span> <span class='ocrx_word' id='word_1_411' title='bbox 670 1362 806 1392; x_wconf 86' lang='lat' dir='ltr'>Formam</span> <span class='ocrx_word' id='word_1_412' title='bbox 816 1383 826 1398; x_wconf 91' lang='lat'>,</span> <span class='ocrx_word' id='word_1_413' title='bbox 844 1361 877 1392; x_wconf 91' lang='lat'>&amp;</span> <span class='ocrx_word' id='word_1_414' title='bbox 892 1359 1043 1402; x_wconf 66' lang='lat' dir='ltr'>Effesturn</span> <span class='ocrx_word' id='word_1_415' title='bbox 1057 1358 1251 1396; x_wconf 86' lang='lat' dir='ltr'>Dispensatio-</span> 
     </span>
     <span class='ocr_line' id='line_1_45' title="bbox 183 1397 1251 1442; baseline -0.009 -7"><span class='ocrx_word' id='word_1_416' title='bbox 183 1405 228 1434; x_wconf 84' lang='lat' dir='ltr'>nis</span> <span class='ocrx_word' id='word_1_417' title='bbox 243 1403 434 1442; x_wconf 82' lang='lat' dir='ltr'>Apostolicae,</span> <span class='ocrx_word' id='word_1_418' title='bbox 452 1412 503 1440; x_wconf 89' lang='lat' dir='ltr'>per</span> <span class='ocrx_word' id='word_1_419' title='bbox 522 1401 634 1432; x_wconf 87' lang='lat' dir='ltr'>Bullam</span> <span class='ocrx_word' id='word_1_420' title='bbox 651 1400 774 1439; x_wconf 87' lang='lat' dir='ltr'>ejusdem</span> <span class='ocrx_word' id='word_1_421' title='bbox 795 1401 824 1429; x_wconf 90' lang='lat' dir='ltr'>in</span> <span class='ocrx_word' id='word_1_422' title='bbox 845 1399 898 1429; x_wconf 85' lang='lat' dir='ltr'>hac</span> <span class='ocrx_word' id='word_1_423' title='bbox 919 1397 1000 1428; x_wconf 87' lang='lat' dir='ltr'>Parte</span> <span class='ocrx_word' id='word_1_424' title='bbox 1015 1405 1171 1441; x_wconf 73' lang='lat' dir='ltr'>impetratae</span> <span class='ocrx_word' id='word_1_425' title='bbox 1189 1406 1251 1434; x_wconf 85' lang='lat' dir='ltr'>per-</span> 
     </span>
     <span class='ocr_line' id='line_1_46' title="bbox 183 1435 1251 1479; baseline -0.006 -7"><span class='ocrx_word' id='word_1_426' title='bbox 183 1442 252 1474; x_wconf 85' lang='lat' dir='ltr'>inde</span> <span class='ocrx_word' id='word_1_427' title='bbox 269 1442 381 1479; x_wconf 85' lang='lat' dir='ltr'>valeat,</span> <span class='ocrx_word' id='word_1_428' title='bbox 407 1452 440 1472; x_wconf 87' lang='lat' dir='ltr'>ac</span> <span class='ocrx_word' id='word_1_429' title='bbox 457 1441 477 1471; x_wconf 77' lang='lat' dir='ltr'>si</span> <span class='ocrx_word' id='word_1_430' title='bbox 500 1440 661 1477; x_wconf 83' lang='lat' dir='ltr'>hujusmodi</span> <span class='ocrx_word' id='word_1_431' title='bbox 681 1438 896 1476; x_wconf 81' lang='lat' dir='ltr'>Impedimento</span> <span class='ocrx_word' id='word_1_432' title='bbox 919 1446 978 1467; x_wconf 86' lang='lat' dir='ltr'>non</span> <span class='ocrx_word' id='word_1_433' title='bbox 995 1435 1101 1479; x_wconf 80' lang='lat' dir='ltr'>essent,</span> <span class='ocrx_word' id='word_1_434' title='bbox 1120 1445 1155 1466; x_wconf 81' lang='lat' dir='ltr'>ita</span> <span class='ocrx_word' id='word_1_435' title='bbox 1169 1435 1251 1474; x_wconf 76' lang='lat' dir='ltr'>quod</span> 
     </span>
     <span class='ocr_line' id='line_1_47' title="bbox 182 1474 1252 1515; baseline -0.007 -3"><span class='ocrx_word' id='word_1_436' title='bbox 182 1481 262 1512; x_wconf 72' lang='lat' dir='ltr'>nullo</span> <span class='ocrx_word' id='word_1_437' title='bbox 279 1481 369 1511; x_wconf 81' lang='lat' dir='ltr'>modo</span> <span class='ocrx_word' id='word_1_438' title='bbox 383 1479 480 1511; x_wconf 82' lang='lat' dir='ltr'>licebit</span> <span class='ocrx_word' id='word_1_439' title='bbox 489 1479 570 1510; x_wconf 66' lang='lat' dir='ltr'>dicto</span> <span class='ocrx_word' id='word_1_440' title='bbox 589 1479 725 1509; x_wconf 89' lang='lat' dir='ltr'>Domino</span> <span class='ocrx_word' id='word_1_441' title='bbox 742 1476 848 1515; x_wconf 82' lang='lat' dir='ltr'>Jacobo</span> <span class='ocrx_word' id='word_1_442' title='bbox 868 1479 933 1514; x_wconf 73' lang='lat' dir='ltr'>Regi</span> <span class='ocrx_word' id='word_1_443' title='bbox 955 1481 1009 1505; x_wconf 75' lang='lat' dir='ltr'>nec</span> <span class='ocrx_word' id='word_1_444' title='bbox 1025 1474 1112 1505; x_wconf 65' lang='lat' dir='ltr'>dictae</span> <span class='ocrx_word' id='word_1_445' title='bbox 1126 1478 1252 1504; x_wconf 66' lang='lat' dir='ltr'>Dominae</span> 
     </span>
     <span class='ocr_line' id='line_1_48' title="bbox 184 1512 1250 1558; baseline -0.006 -10"><span class='ocrx_word' id='word_1_446' title='bbox 184 1522 374 1558; x_wconf 76' lang='lat' dir='ltr'>Margaretae,</span> <span class='ocrx_word' id='word_1_447' title='bbox 389 1521 496 1548; x_wconf 84' lang='lat' dir='ltr'>ratione</span> <span class='ocrx_word' id='word_1_448' title='bbox 515 1517 770 1556; x_wconf 81' lang='lat' dir='ltr'>Consanguinitatis</span> <span class='ocrx_word' id='word_1_449' title='bbox 793 1516 827 1547; x_wconf 87' lang='lat'>&amp;</span> <span class='ocrx_word' id='word_1_450' title='bbox 848 1513 1001 1545; x_wconf 81' lang='lat' dir='ltr'>Affinitatis</span> <span class='ocrx_word' id='word_1_451' title='bbox 1022 1512 1221 1557; x_wconf 61' lang='lat' dir='ltr'>praedi-starum</span> <span class='ocrx_word' id='word_1_452' title='bbox 1240 1536 1250 1551; x_wconf 81' lang='lat'>,</span> 
     </span>
     <span class='ocr_line' id='line_1_49' title="bbox 183 1551 1251 1598; baseline -0.007 -9"><span class='ocrx_word' id='word_1_453' title='bbox 183 1558 219 1588; x_wconf 91' lang='lat' dir='ltr'>ad</span> <span class='ocrx_word' id='word_1_454' title='bbox 236 1557 451 1598; x_wconf 81' lang='lat' dir='ltr'>impediendum</span> <span class='ocrx_word' id='word_1_455' title='bbox 467 1557 514 1588; x_wconf 84' lang='lat' dir='ltr'>vel</span> <span class='ocrx_word' id='word_1_456' title='bbox 525 1555 737 1586; x_wconf 74' lang='lat' dir='ltr'>dissolvendum</span> <span class='ocrx_word' id='word_1_457' title='bbox 747 1553 970 1595; x_wconf 72' lang='lat' dir='ltr'>Matrimonium</span> <span class='ocrx_word' id='word_1_458' title='bbox 987 1551 1158 1590; x_wconf 73' lang='lat' dir='ltr'>praediCtum</span> <span class='ocrx_word' id='word_1_459' title='bbox 1169 1561 1251 1591; x_wconf 82' lang='lat' dir='ltr'>quic-</span> 
     </span>
     <span class='ocr_line' id='line_1_50' title="bbox 183 1591 1150 1635; baseline -0.007 -9"><span class='ocrx_word' id='word_1_460' title='bbox 183 1607 271 1635; x_wconf 84' lang='lat' dir='ltr'>quam</span> <span class='ocrx_word' id='word_1_461' title='bbox 284 1607 336 1635; x_wconf 85' lang='lat' dir='ltr'>per</span> <span class='ocrx_word' id='word_1_462' title='bbox 351 1597 428 1626; x_wconf 88' lang='lat' dir='ltr'>viam</span> <span class='ocrx_word' id='word_1_463' title='bbox 439 1595 514 1634; x_wconf 85' lang='lat' dir='ltr'>Juris</span> <span class='ocrx_word' id='word_1_464' title='bbox 528 1595 576 1625; x_wconf 88' lang='lat' dir='ltr'>vel</span> <span class='ocrx_word' id='word_1_465' title='bbox 588 1594 664 1623; x_wconf 67' lang='lat' dir='ltr'>Fasti</span> <span class='ocrx_word' id='word_1_466' title='bbox 679 1594 795 1623; x_wconf 76' lang='lat' dir='ltr'>obicere</span> <span class='ocrx_word' id='word_1_467' title='bbox 811 1592 858 1621; x_wconf 85' lang='lat' dir='ltr'>vel</span> <span class='ocrx_word' id='word_1_468' title='bbox 870 1592 950 1622; x_wconf 78' lang='lat' dir='ltr'>obici</span> <span class='ocrx_word' id='word_1_469' title='bbox 967 1591 1068 1621; x_wconf 85' lang='lat' dir='ltr'>facere.</span> <span class='ocrx_word' id='word_1_470' title='bbox 1144 1629 1150 1633; x_wconf 33' lang='grc' dir='ltr'>Π</span> 
     </span>
    </p>

    <p class='ocr_par' dir='ltr' id='par_1_14' title="bbox 181 1628 1254 1897">
     <span class='ocr_line' id='line_1_51' title="bbox 219 1628 1251 1673; baseline -0.008 -7"><span class='ocrx_word' id='word_1_471' title='bbox 219 1635 264 1666; x_wconf 90' lang='grc' dir='ltr'>ΙΤ</span> <span class='ocrx_word' id='word_1_472' title='bbox 277 1644 331 1666; x_wconf 76' lang='grc' dir='ltr'>ΕΜ</span> <span class='ocrx_word' id='word_1_473' title='bbox 346 1658 356 1672; x_wconf 86' lang='lat'>,</span> <span class='ocrx_word' id='word_1_474' title='bbox 377 1633 457 1673; x_wconf 83' lang='lat' dir='ltr'>quod</span> <span class='ocrx_word' id='word_1_475' title='bbox 478 1633 569 1663; x_wconf 54' lang='lat' dir='ltr'>dietus</span> <span class='ocrx_word' id='word_1_476' title='bbox 593 1631 792 1662; x_wconf 85' lang='lat' dir='ltr'>Illustriffimus</span> <span class='ocrx_word' id='word_1_477' title='bbox 808 1634 868 1660; x_wconf 79' lang='lat' dir='ltr'>Rex</span> <span class='ocrx_word' id='word_1_478' title='bbox 881 1628 1012 1667; x_wconf 76' lang='lat' dir='ltr'>Angliae,</span> <span class='ocrx_word' id='word_1_479' title='bbox 1030 1628 1110 1659; x_wconf 88' lang='lat' dir='ltr'>Pater</span> <span class='ocrx_word' id='word_1_480' title='bbox 1125 1629 1251 1669; x_wconf 64' lang='lat' dir='ltr'>ejusdem</span> 
     </span>
     <span class='ocr_line' id='line_1_52' title="bbox 181 1666 1252 1712; baseline -0.007 -8"><span class='ocrx_word' id='word_1_481' title='bbox 181 1672 326 1712; x_wconf 85' lang='lat' dir='ltr'>Principis</span> <span class='ocrx_word' id='word_1_482' title='bbox 339 1676 463 1703; x_wconf 81' lang='lat' dir='ltr'>Dominae</span> <span class='ocrx_word' id='word_1_483' title='bbox 479 1674 667 1709; x_wconf 76' lang='lat' dir='ltr'>Margaretae,</span> <span class='ocrx_word' id='word_1_484' title='bbox 686 1679 754 1701; x_wconf 88' lang='lat' dir='ltr'>cum</span> <span class='ocrx_word' id='word_1_485' title='bbox 771 1668 877 1698; x_wconf 53' lang='lat' dir='ltr'>effectu</span> <span class='ocrx_word' id='word_1_486' title='bbox 891 1668 975 1698; x_wconf 84' lang='lat' dir='ltr'>faciet</span> <span class='ocrx_word' id='word_1_487' title='bbox 1002 1666 1085 1711; x_wconf 78' lang='lat' dir='ltr'>quod</span> <span class='ocrx_word' id='word_1_488' title='bbox 1100 1667 1174 1711; x_wconf 72' lang='lat' dir='ltr'>dicta</span> <span class='ocrx_word' id='word_1_489' title='bbox 1190 1671 1252 1711; x_wconf 83' lang='lat' dir='ltr'>Do-</span> 
     </span>
     <span class='ocr_line' id='line_1_53' title="bbox 184 1705 1252 1750; baseline -0.006 -9"><span class='ocrx_word' id='word_1_490' title='bbox 184 1715 260 1743; x_wconf 80' lang='lat' dir='ltr'>mina</span> <span class='ocrx_word' id='word_1_491' title='bbox 281 1715 447 1750; x_wconf 71' lang='lat' dir='ltr'>Margareta</span> <span class='ocrx_word' id='word_1_492' title='bbox 471 1710 538 1741; x_wconf 85' lang='lat' dir='ltr'>Filia</span> <span class='ocrx_word' id='word_1_493' title='bbox 558 1710 602 1740; x_wconf 86' lang='lat' dir='ltr'>sua</span> <span class='ocrx_word' id='word_1_494' title='bbox 618 1733 627 1745; x_wconf 93' lang='lat'>‚</span> <span class='ocrx_word' id='word_1_495' title='bbox 655 1710 723 1740; x_wconf 87' lang='lat' dir='ltr'>citra</span> <span class='ocrx_word' id='word_1_496' title='bbox 747 1707 857 1738; x_wconf 56' lang='lat' dir='ltr'>dit-“tum</span> <span class='ocrx_word' id='word_1_497' title='bbox 879 1705 1228 1749; x_wconf 34' lang='lat' dir='ltr'>Festum-Purificatioms</span> <span class='ocrx_word' id='word_1_498' title='bbox 1243 1727 1252 1744; x_wconf 82' lang='lat'>,</span> 
     </span>
     <span class='ocr_line' id='line_1_54' title="bbox 185 1745 1251 1787; baseline -0.006 -6"><span class='ocrx_word' id='word_1_499' title='bbox 185 1760 255 1781; x_wconf 83' lang='lat' dir='ltr'>cum</span> <span class='ocrx_word' id='word_1_500' title='bbox 277 1751 355 1781; x_wconf 64' lang='lat' dir='ltr'>disto</span> <span class='ocrx_word' id='word_1_501' title='bbox 382 1750 516 1780; x_wconf 87' lang='lat' dir='ltr'>Domino</span> <span class='ocrx_word' id='word_1_502' title='bbox 538 1748 644 1787; x_wconf 82' lang='lat' dir='ltr'>Jacobo</span> <span class='ocrx_word' id='word_1_503' title='bbox 664 1750 800 1776; x_wconf 86' lang='lat' dir='ltr'>Scotorum</span> <span class='ocrx_word' id='word_1_504' title='bbox 822 1747 909 1783; x_wconf 83' lang='lat' dir='ltr'>Rege,</span> <span class='ocrx_word' id='word_1_505' title='bbox 927 1753 975 1774; x_wconf 92' lang='lat' dir='ltr'>aut</span> <span class='ocrx_word' id='word_1_506' title='bbox 988 1753 1046 1782; x_wconf 78' lang='lat' dir='ltr'>ejus</span> <span class='ocrx_word' id='word_1_507' title='bbox 1061 1754 1089 1774; x_wconf 81' lang='lat' dir='ltr'>in</span> <span class='ocrx_word' id='word_1_508' title='bbox 1106 1745 1158 1774; x_wconf 81' lang='lat' dir='ltr'>hac</span> <span class='ocrx_word' id='word_1_509' title='bbox 1175 1754 1251 1783; x_wconf 80' lang='lat' dir='ltr'>parte</span> 
     </span>
     <span class='ocr_line' id='line_1_55' title="bbox 185 1782 1249 1827; baseline -0.005 -8"><span class='ocrx_word' id='word_1_510' title='bbox 185 1788 326 1827; x_wconf 86' lang='lat' dir='ltr'>Oratore,</span> <span class='ocrx_word' id='word_1_511' title='bbox 342 1788 528 1819; x_wconf 86' lang='lat' dir='ltr'>Procuratore</span> <span class='ocrx_word' id='word_1_512' title='bbox 544 1810 553 1825; x_wconf 85' lang='lat'>,</span> <span class='ocrx_word' id='word_1_513' title='bbox 576 1786 622 1817; x_wconf 87' lang='lat' dir='ltr'>vel</span> <span class='ocrx_word' id='word_1_514' title='bbox 641 1784 847 1816; x_wconf 72' lang='lat' dir='ltr'>Commisl&#39;ario</span> <span class='ocrx_word' id='word_1_515' title='bbox 864 1808 873 1822; x_wconf 88' lang='lat'>,</span> <span class='ocrx_word' id='word_1_516' title='bbox 900 1791 930 1814; x_wconf 89' lang='lat' dir='ltr'>ut</span> <span class='ocrx_word' id='word_1_517' title='bbox 952 1782 1118 1821; x_wconf 72' lang='lat' dir='ltr'>praefertur,</span> <span class='ocrx_word' id='word_1_518' title='bbox 1137 1783 1171 1812; x_wconf 86' lang='lat' dir='ltr'>ad</span> <span class='ocrx_word' id='word_1_519' title='bbox 1189 1784 1249 1814; x_wconf 89' lang='lat' dir='ltr'>hoc</span> 
     </span>
     <span class='ocr_line' id='line_1_56' title="bbox 184 1821 1254 1864; baseline -0.005 -7"><span class='ocrx_word' id='word_1_520' title='bbox 184 1827 363 1858; x_wconf 58' lang='lat' dir='ltr'>aut-storiam</span> <span class='ocrx_word' id='word_1_521' title='bbox 377 1826 560 1864; x_wconf 88' lang='lat' dir='ltr'>sufficienter,</span> <span class='ocrx_word' id='word_1_522' title='bbox 579 1825 797 1855; x_wconf 86' lang='lat' dir='ltr'>Matrimonium</span> <span class='ocrx_word' id='word_1_523' title='bbox 812 1832 863 1862; x_wconf 88' lang='lat' dir='ltr'>per</span> <span class='ocrx_word' id='word_1_524' title='bbox 879 1822 973 1854; x_wconf 87' lang='lat' dir='ltr'>Verba</span> <span class='ocrx_word' id='word_1_525' title='bbox 986 1821 1022 1852; x_wconf 88' lang='lat' dir='ltr'>de</span> <span class='ocrx_word' id='word_1_526' title='bbox 1036 1821 1170 1854; x_wconf 87' lang='lat' dir='ltr'>Praesenti</span> <span class='ocrx_word' id='word_1_527' title='bbox 1180 1832 1254 1853; x_wconf 90' lang='lat' dir='ltr'>con-</span> 
     </span>
     <span class='ocr_line' id='line_1_57' title="bbox 187 1863 665 1897; baseline -0.006 0"><span class='ocrx_word' id='word_1_528' title='bbox 187 1866 277 1897; x_wconf 87' lang='lat' dir='ltr'>trahet</span> <span class='ocrx_word' id='word_1_529' title='bbox 293 1866 400 1897; x_wconf 83' lang='lat' dir='ltr'>realiter</span> <span class='ocrx_word' id='word_1_530' title='bbox 414 1867 448 1897; x_wconf 89' lang='lat'>&amp;</span> <span class='ocrx_word' id='word_1_531' title='bbox 462 1874 533 1895; x_wconf 86' lang='lat' dir='ltr'>curn</span> <span class='ocrx_word' id='word_1_532' title='bbox 547 1863 665 1895; x_wconf 58' lang='lat' dir='ltr'>effectu.</span> 
     </span>
    </p>

    <p class='ocr_par' dir='ltr' id='par_1_15' title="bbox 182 1899 1255 2482">
     <span class='ocr_line' id='line_1_58' title="bbox 221 1899 1248 1943; baseline -0.007 -8"><span class='ocrx_word' id='word_1_533' title='bbox 221 1903 236 1934; x_wconf 93' lang='grc' dir='ltr'>Ι</span> <span class='ocrx_word' id='word_1_534' title='bbox 246 1913 269 1934; x_wconf 83' lang='grc' dir='ltr'>τ</span> <span class='ocrx_word' id='word_1_535' title='bbox 279 1914 295 1935; x_wconf 77' lang='grc' dir='ltr'>Ε</span> <span class='ocrx_word' id='word_1_536' title='bbox 305 1913 332 1935; x_wconf 79' lang='lat' dir='ltr'><strong>M</strong></span> <span class='ocrx_word' id='word_1_537' title='bbox 342 1928 352 1943; x_wconf 92' lang='lat'>,</span> <span class='ocrx_word' id='word_1_538' title='bbox 369 1905 434 1935; x_wconf 89' lang='lat' dir='ltr'>licet</span> <span class='ocrx_word' id='word_1_539' title='bbox 449 1905 523 1934; x_wconf 89' lang='lat' dir='ltr'>inter</span> <span class='ocrx_word' id='word_1_540' title='bbox 539 1903 649 1933; x_wconf 65' lang='lat' dir='ltr'>distum</span> <span class='ocrx_word' id='word_1_541' title='bbox 667 1901 833 1932; x_wconf 88' lang='lat' dir='ltr'>Dominum</span> <span class='ocrx_word' id='word_1_542' title='bbox 847 1899 984 1938; x_wconf 84' lang='lat' dir='ltr'>Jacobum</span> <span class='ocrx_word' id='word_1_543' title='bbox 1001 1902 1137 1931; x_wconf 83' lang='lat' dir='ltr'>Scotorum</span> <span class='ocrx_word' id='word_1_544' title='bbox 1153 1902 1248 1938; x_wconf 75' lang='lat' dir='ltr'>Regem</span> 
     </span>
     <span class='ocr_line' id='line_1_59' title="bbox 184 1938 1252 1982; baseline -0.003 -10"><span class='ocrx_word' id='word_1_545' title='bbox 184 1942 218 1972; x_wconf 70' lang='grc' dir='ltr'>ὅτ</span> <span class='ocrx_word' id='word_1_546' title='bbox 239 1943 344 1974; x_wconf 62' lang='lat' dir='ltr'>dietam</span> <span class='ocrx_word' id='word_1_547' title='bbox 366 1945 514 1973; x_wconf 79' lang='lat' dir='ltr'>Dominam</span> <span class='ocrx_word' id='word_1_548' title='bbox 538 1945 731 1978; x_wconf 72' lang='lat' dir='ltr'>Margaretam</span> <span class='ocrx_word' id='word_1_549' title='bbox 753 1939 977 1982; x_wconf 74' lang='lat' dir='ltr'>Matrimonium</span> <span class='ocrx_word' id='word_1_550' title='bbox 993 1962 1003 1978; x_wconf 91' lang='lat'>,</span> <span class='ocrx_word' id='word_1_551' title='bbox 1027 1949 1076 1978; x_wconf 85' lang='lat' dir='ltr'>per</span> <span class='ocrx_word' id='word_1_552' title='bbox 1095 1939 1191 1969; x_wconf 81' lang='lat' dir='ltr'>Verba</span> <span class='ocrx_word' id='word_1_553' title='bbox 1214 1938 1252 1969; x_wconf 88' lang='lat' dir='ltr'>de</span> 
     </span>
     <span class='ocr_line' id='line_1_60' title="bbox 183 1979 1252 2021; baseline -0.004 -9"><span class='ocrx_word' id='word_1_554' title='bbox 183 1981 331 2021; x_wconf 64' lang='lat' dir='ltr'>Praesenti,</span> <span class='ocrx_word' id='word_1_555' title='bbox 345 1982 414 2012; x_wconf 90' lang='lat' dir='ltr'>citra</span> <span class='ocrx_word' id='word_1_556' title='bbox 427 1981 541 2012; x_wconf 70' lang='lat' dir='ltr'>dietum</span> <span class='ocrx_word' id='word_1_557' title='bbox 557 1980 673 2011; x_wconf 84' lang='lat' dir='ltr'>Festum</span> <span class='ocrx_word' id='word_1_558' title='bbox 687 1979 911 2016; x_wconf 78' lang='lat' dir='ltr'>Purincationis,</span> <span class='ocrx_word' id='word_1_559' title='bbox 920 1987 951 2009; x_wconf 94' lang='lat' dir='ltr'>ut</span> <span class='ocrx_word' id='word_1_560' title='bbox 968 1979 1165 2016; x_wconf 78' lang='lat' dir='ltr'>praemittitur,</span> <span class='ocrx_word' id='word_1_561' title='bbox 1179 1987 1252 2008; x_wconf 89' lang='lat' dir='ltr'>con-</span> 
     </span>
     <span class='ocr_line' id='line_1_61' title="bbox 183 2016 1249 2059; baseline -0.005 -8"><span class='ocrx_word' id='word_1_562' title='bbox 183 2020 308 2051; x_wconf 86' lang='lat' dir='ltr'>trahatur</span> <span class='ocrx_word' id='word_1_563' title='bbox 321 2044 330 2059; x_wconf 91' lang='lat'>,</span> <span class='ocrx_word' id='word_1_564' title='bbox 356 2020 442 2050; x_wconf 87' lang='lat' dir='ltr'>iidem</span> <span class='ocrx_word' id='word_1_565' title='bbox 460 2029 553 2050; x_wconf 80' lang='lat' dir='ltr'>tamen</span> <span class='ocrx_word' id='word_1_566' title='bbox 576 2017 773 2049; x_wconf 81' lang='lat' dir='ltr'>Commiffarii</span> <span class='ocrx_word' id='word_1_567' title='bbox 786 2041 796 2054; x_wconf 95' lang='lat'>,</span> <span class='ocrx_word' id='word_1_568' title='bbox 821 2016 957 2048; x_wconf 84' lang='lat' dir='ltr'>Oratores</span> <span class='ocrx_word' id='word_1_569' title='bbox 969 2041 979 2053; x_wconf 84' lang='lat'>,</span> <span class='ocrx_word' id='word_1_570' title='bbox 998 2018 1032 2049; x_wconf 88' lang='lat'>&amp;</span> <span class='ocrx_word' id='word_1_571' title='bbox 1046 2017 1249 2048; x_wconf 86' lang='lat' dir='ltr'>Procuratores</span> 
     </span>
     <span class='ocr_line' id='line_1_62' title="bbox 183 2055 1252 2095; baseline -0.004 -7"><span class='ocrx_word' id='word_1_572' title='bbox 183 2057 319 2089; x_wconf 71' lang='lat' dir='ltr'>Praediffi</span> <span class='ocrx_word' id='word_1_573' title='bbox 334 2058 460 2088; x_wconf 85' lang='lat' dir='ltr'>Domini</span> <span class='ocrx_word' id='word_1_574' title='bbox 473 2057 574 2095; x_wconf 82' lang='lat' dir='ltr'>Jacobi</span> <span class='ocrx_word' id='word_1_575' title='bbox 588 2061 663 2095; x_wconf 66' lang='lat' dir='ltr'>Regis</span> <span class='ocrx_word' id='word_1_576' title='bbox 675 2060 809 2086; x_wconf 81' lang='lat' dir='ltr'>Scotorum</span> <span class='ocrx_word' id='word_1_577' title='bbox 822 2065 892 2085; x_wconf 88' lang='lat' dir='ltr'>cum</span> <span class='ocrx_word' id='word_1_578' title='bbox 907 2056 1024 2093; x_wconf 80' lang='lat' dir='ltr'>praefato</span> <span class='ocrx_word' id='word_1_579' title='bbox 1040 2055 1174 2085; x_wconf 87' lang='lat' dir='ltr'>Domino</span> <span class='ocrx_word' id='word_1_580' title='bbox 1182 2058 1252 2093; x_wconf 81' lang='lat' dir='ltr'>Rege</span> 
     </span>
     <span class='ocr_line' id='line_1_63' title="bbox 187 2093 1252 2135; baseline -0.004 -7"><span class='ocrx_word' id='word_1_581' title='bbox 187 2096 301 2135; x_wconf 64' lang='lat' dir='ltr'>Anglia²</span> <span class='ocrx_word' id='word_1_582' title='bbox 333 2097 367 2127; x_wconf 72' lang='grc' dir='ltr'>δε</span> <span class='ocrx_word' id='word_1_583' title='bbox 395 2097 452 2135; x_wconf 80' lang='lat' dir='ltr'>ejus</span> <span class='ocrx_word' id='word_1_584' title='bbox 481 2096 689 2126; x_wconf 74' lang='lat' dir='ltr'>Commnsariis</span> <span class='ocrx_word' id='word_1_585' title='bbox 712 2117 722 2132; x_wconf 93' lang='lat'>,</span> <span class='ocrx_word' id='word_1_586' title='bbox 754 2095 925 2125; x_wconf 74' lang='lat' dir='ltr'>Oratoribus</span> <span class='ocrx_word' id='word_1_587' title='bbox 946 2118 956 2132; x_wconf 86' lang='lat'>‚</span> <span class='ocrx_word' id='word_1_588' title='bbox 992 2096 1026 2126; x_wconf 91' lang='lat'>&amp;</span> <span class='ocrx_word' id='word_1_589' title='bbox 1058 2093 1252 2125; x_wconf 82' lang='lat' dir='ltr'>Procuratori-</span> 
     </span>
     <span class='ocr_line' id='line_1_64' title="bbox 191 2133 1254 2173; baseline -0.003 -7"><span class='ocrx_word' id='word_1_590' title='bbox 191 2136 245 2166; x_wconf 90' lang='lat' dir='ltr'>bus</span> <span class='ocrx_word' id='word_1_591' title='bbox 282 2135 421 2172; x_wconf 73' lang='lat' dir='ltr'>praedic‘tis</span> <span class='ocrx_word' id='word_1_592' title='bbox 434 2158 444 2173; x_wconf 88' lang='lat'>‚</span> <span class='ocrx_word' id='word_1_593' title='bbox 473 2136 574 2165; x_wconf 73' lang='lat' dir='ltr'>virtute</span> <span class='ocrx_word' id='word_1_594' title='bbox 607 2133 856 2165; x_wconf 71' lang='lat' dir='ltr'>Commiffionum</span> <span class='ocrx_word' id='word_1_595' title='bbox 887 2133 998 2163; x_wconf 88' lang='lat' dir='ltr'>suarum</span> <span class='ocrx_word' id='word_1_596' title='bbox 1023 2133 1220 2171; x_wconf 60' lang='lat' dir='ltr'>predictarum</span> <span class='ocrx_word' id='word_1_597' title='bbox 1243 2155 1254 2171; x_wconf 91' lang='lat'>,</span> 
     </span>
     <span class='ocr_line' id='line_1_65' title="bbox 188 2170 1254 2211; baseline -0.006 -6"><span class='ocrx_word' id='word_1_598' title='bbox 188 2173 364 2205; x_wconf 85' lang='lat' dir='ltr'>contrahunt</span> <span class='ocrx_word' id='word_1_599' title='bbox 397 2175 431 2205; x_wconf 70' lang='grc' dir='ltr'>δε</span> <span class='ocrx_word' id='word_1_600' title='bbox 458 2175 633 2204; x_wconf 82' lang='lat' dir='ltr'>conveniunt</span> <span class='ocrx_word' id='word_1_601' title='bbox 654 2196 663 2211; x_wconf 82' lang='lat'>,</span> <span class='ocrx_word' id='word_1_602' title='bbox 697 2172 849 2210; x_wconf 85' lang='lat' dir='ltr'>eidemque</span> <span class='ocrx_word' id='word_1_603' title='bbox 878 2174 944 2210; x_wconf 71' lang='lat' dir='ltr'>Regi</span> <span class='ocrx_word' id='word_1_604' title='bbox 966 2172 1079 2209; x_wconf 75' lang='lat' dir='ltr'>Angliae</span> <span class='ocrx_word' id='word_1_605' title='bbox 1103 2172 1136 2203; x_wconf 63' lang='grc' dir='ltr'>ἃ</span> <span class='ocrx_word' id='word_1_606' title='bbox 1158 2170 1254 2202; x_wconf 85' lang='lat' dir='ltr'>Com·</span> 
     </span>
     <span class='ocr_line' id='line_1_66' title="bbox 188 2209 1254 2251; baseline -0.002 -9"><span class='ocrx_word' id='word_1_607' title='bbox 188 2212 317 2243; x_wconf 72' lang='lat' dir='ltr'>miffariis</span> <span class='ocrx_word' id='word_1_608' title='bbox 339 2236 350 2251; x_wconf 79' lang='lat'>,</span> <span class='ocrx_word' id='word_1_609' title='bbox 377 2211 546 2242; x_wconf 86' lang='lat' dir='ltr'>Oratoribus</span> <span class='ocrx_word' id='word_1_610' title='bbox 562 2237 571 2250; x_wconf 81' lang='lat'>,</span> <span class='ocrx_word' id='word_1_611' title='bbox 604 2213 637 2242; x_wconf 91' lang='lat'>&amp;</span> <span class='ocrx_word' id='word_1_612' title='bbox 671 2211 904 2241; x_wconf 88' lang='lat' dir='ltr'>Procuratoribus</span> <span class='ocrx_word' id='word_1_613' title='bbox 936 2210 988 2240; x_wconf 85' lang='lat' dir='ltr'>suis</span> <span class='ocrx_word' id='word_1_614' title='bbox 1023 2209 1167 2249; x_wconf 75' lang='lat' dir='ltr'>praedic‘tis</span> <span class='ocrx_word' id='word_1_615' title='bbox 1205 2220 1254 2248; x_wconf 86' lang='lat' dir='ltr'>per</span> 
     </span>
     <span class='ocr_line' id='line_1_67' title="bbox 187 2249 1254 2289; baseline -0.002 -8"><span class='ocrx_word' id='word_1_616' title='bbox 187 2251 336 2288; x_wconf 65' lang='lat' dir='ltr'>praesentes</span> <span class='ocrx_word' id='word_1_617' title='bbox 359 2252 529 2288; x_wconf 83' lang='lat' dir='ltr'>promittunt</span> <span class='ocrx_word' id='word_1_618' title='bbox 546 2274 556 2289; x_wconf 82' lang='lat'>,</span> <span class='ocrx_word' id='word_1_619' title='bbox 583 2249 662 2288; x_wconf 82' lang='lat' dir='ltr'>quod</span> <span class='ocrx_word' id='word_1_620' title='bbox 686 2250 763 2279; x_wconf 88' lang='lat' dir='ltr'>idem</span> <span class='ocrx_word' id='word_1_621' title='bbox 781 2249 929 2280; x_wconf 78' lang='lat' dir='ltr'>Dominus</span> <span class='ocrx_word' id='word_1_622' title='bbox 942 2249 1065 2287; x_wconf 85' lang='lat' dir='ltr'>Jacobus</span> <span class='ocrx_word' id='word_1_623' title='bbox 1081 2252 1142 2278; x_wconf 87' lang='lat' dir='ltr'>Rex</span> <span class='ocrx_word' id='word_1_624' title='bbox 1162 2252 1254 2279; x_wconf 87' lang='lat' dir='ltr'>Scoto-</span> 
     </span>
     <span class='ocr_line' id='line_1_68' title="bbox 182 2287 1247 2326; baseline 0.001 -9"><span class='ocrx_word' id='word_1_625' title='bbox 182 2300 241 2319; x_wconf 83' lang='lat' dir='ltr'>rum</span> <span class='ocrx_word' id='word_1_626' title='bbox 259 2290 366 2322; x_wconf 57' lang='lat' dir='ltr'>distam</span> <span class='ocrx_word' id='word_1_627' title='bbox 383 2293 530 2319; x_wconf 77' lang='lat' dir='ltr'>Dominam</span> <span class='ocrx_word' id='word_1_628' title='bbox 545 2292 734 2326; x_wconf 56' lang='lat' dir='ltr'>blargxretaw</span> <span class='ocrx_word' id='word_1_629' title='bbox 749 2313 757 2324; x_wconf 71' lang='grc'>,</span> <span class='ocrx_word' id='word_1_630' title='bbox 776 2290 844 2318; x_wconf 81' lang='lat' dir='ltr'>citra</span> <span class='ocrx_word' id='word_1_631' title='bbox 865 2289 990 2326; x_wconf 78' lang='lat' dir='ltr'>primum</span> <span class='ocrx_word' id='word_1_632' title='bbox 1010 2287 1100 2318; x_wconf 81' lang='lat' dir='ltr'>Diem</span> <span class='ocrx_word' id='word_1_633' title='bbox 1116 2287 1247 2325; x_wconf 77' lang='lat' dir='ltr'>Septem-</span> 
     </span>
     <span class='ocr_line' id='line_1_69' title="bbox 185 2326 1253 2366; baseline -0.002 -8"><span class='ocrx_word' id='word_1_634' title='bbox 185 2329 263 2366; x_wconf 74' lang='lat' dir='ltr'>bris,</span> <span class='ocrx_word' id='word_1_635' title='bbox 282 2330 329 2366; x_wconf 89' lang='lat' dir='ltr'>qui</span> <span class='ocrx_word' id='word_1_636' title='bbox 343 2329 394 2358; x_wconf 87' lang='lat' dir='ltr'>erit</span> <span class='ocrx_word' id='word_1_637' title='bbox 407 2329 435 2358; x_wconf 89' lang='lat' dir='ltr'>in</span> <span class='ocrx_word' id='word_1_638' title='bbox 454 2329 541 2358; x_wconf 86' lang='lat' dir='ltr'>Anno</span> <span class='ocrx_word' id='word_1_639' title='bbox 557 2327 681 2358; x_wconf 79' lang='lat' dir='ltr'>Domini</span> <span class='ocrx_word' id='word_1_640' title='bbox 700 2327 872 2364; x_wconf 73' lang='lat' dir='ltr'>Milleiimo,</span> <span class='ocrx_word' id='word_1_641' title='bbox 892 2326 1132 2366; x_wconf 82' lang='lat' dir='ltr'>Qingentefimo</span> <span class='ocrx_word' id='word_1_642' title='bbox 1150 2327 1253 2364; x_wconf 85' lang='lat' dir='ltr'>tertio,</span> 
     </span>
     <span class='ocr_line' id='line_1_70' title="bbox 186 2363 1253 2402; baseline -0.003 -5"><span class='ocrx_word' id='word_1_643' title='bbox 186 2377 225 2397; x_wconf 78' lang='lat' dir='ltr'>ex</span> <span class='ocrx_word' id='word_1_644' title='bbox 239 2367 317 2398; x_wconf 83' lang='lat' dir='ltr'>causa</span> <span class='ocrx_word' id='word_1_645' title='bbox 333 2366 570 2397; x_wconf 83' lang='lat' dir='ltr'>Solennizationis</span> <span class='ocrx_word' id='word_1_646' title='bbox 584 2375 632 2397; x_wconf 90' lang='lat' dir='ltr'>aut</span> <span class='ocrx_word' id='word_1_647' title='bbox 646 2365 911 2395; x_wconf 81' lang='lat' dir='ltr'>Consummationis</span> <span class='ocrx_word' id='word_1_648' title='bbox 926 2365 1055 2402; x_wconf 74' lang='lat' dir='ltr'>praediffi</span> <span class='ocrx_word' id='word_1_649' title='bbox 1071 2363 1253 2395; x_wconf 86' lang='lat' dir='ltr'>Matrimonii</span> 
     </span>
     <span class='ocr_line' id='line_1_71' title="bbox 186 2403 1255 2450; baseline -0.001 -15"><span class='ocrx_word' id='word_1_650' title='bbox 186 2405 233 2435; x_wconf 90' lang='lat' dir='ltr'>vel</span> <span class='ocrx_word' id='word_1_651' title='bbox 247 2405 298 2436; x_wconf 72' lang='lat' dir='ltr'>alia</span> <span class='ocrx_word' id='word_1_652' title='bbox 315 2403 612 2450; x_wconf 66' lang='lat' dir='ltr'>Causaquacunque,</span> <span class='ocrx_word' id='word_1_653' title='bbox 629 2405 708 2435; x_wconf 87' lang='lat' dir='ltr'>nullo</span> <span class='ocrx_word' id='word_1_654' title='bbox 729 2404 820 2435; x_wconf 90' lang='lat' dir='ltr'>modo</span> <span class='ocrx_word' id='word_1_655' title='bbox 841 2404 892 2434; x_wconf 88' lang='lat' dir='ltr'>fibi</span> <span class='ocrx_word' id='word_1_656' title='bbox 907 2403 976 2434; x_wconf 88' lang='lat' dir='ltr'>tradi</span> <span class='ocrx_word' id='word_1_657' title='bbox 987 2426 997 2442; x_wconf 94' lang='lat'>,</span> <span class='ocrx_word' id='word_1_658' title='bbox 1011 2403 1068 2434; x_wconf 89' lang='lat' dir='ltr'>dari</span> <span class='ocrx_word' id='word_1_659' title='bbox 1081 2412 1128 2434; x_wconf 91' lang='lat' dir='ltr'>aut</span> <span class='ocrx_word' id='word_1_660' title='bbox 1144 2404 1255 2435; x_wconf 87' lang='lat' dir='ltr'>liberari</span> 
     </span>
     <span class='ocr_line' id='line_1_72' title="bbox 187 2452 478 2482; baseline 0.003 -9"><span class='ocrx_word' id='word_1_661' title='bbox 187 2453 265 2482; x_wconf 74' lang='lat' dir='ltr'>petet</span> <span class='ocrx_word' id='word_1_662' title='bbox 278 2452 325 2474; x_wconf 87' lang='lat' dir='ltr'>aut</span> <span class='ocrx_word' id='word_1_663' title='bbox 339 2454 478 2482; x_wconf 82' lang='lat' dir='ltr'>requiret,</span> 
     </span>
    </p>

    <p class='ocr_par' dir='ltr' id='par_1_16' title="bbox 185 2481 1255 2937">
     <span class='ocr_line' id='line_1_73' title="bbox 224 2481 1255 2521; baseline -0.002 -8"><span class='ocrx_word' id='word_1_664' title='bbox 224 2483 355 2514; x_wconf 84' lang='lat' dir='ltr'>Necnon</span> <span class='ocrx_word' id='word_1_665' title='bbox 371 2484 451 2521; x_wconf 80' lang='lat' dir='ltr'>quod</span> <span class='ocrx_word' id='word_1_666' title='bbox 467 2483 544 2513; x_wconf 91' lang='lat' dir='ltr'>idem</span> <span class='ocrx_word' id='word_1_667' title='bbox 562 2482 709 2513; x_wconf 81' lang='lat' dir='ltr'>Dominus</span> <span class='ocrx_word' id='word_1_668' title='bbox 727 2481 848 2520; x_wconf 75' lang='lat' dir='ltr'>Jacobus</span> <span class='ocrx_word' id='word_1_669' title='bbox 865 2483 925 2511; x_wconf 73' lang='lat' dir='ltr'>Rex</span> <span class='ocrx_word' id='word_1_670' title='bbox 941 2484 1078 2511; x_wconf 83' lang='lat' dir='ltr'>Scotorum</span> <span class='ocrx_word' id='word_1_671' title='bbox 1094 2503 1105 2520; x_wconf 89' lang='lat'>,</span> <span class='ocrx_word' id='word_1_672' title='bbox 1131 2491 1181 2519; x_wconf 84' lang='lat' dir='ltr'>per</span> <span class='ocrx_word' id='word_1_673' title='bbox 1203 2481 1255 2511; x_wconf 82' lang='lat' dir='ltr'>Li·</span> 
     </span>
     <span class='ocr_line' id='line_1_74' title="bbox 185 2520 1253 2561; baseline -0.001 -10"><span class='ocrx_word' id='word_1_674' title='bbox 185 2528 258 2551; x_wconf 86' lang='lat' dir='ltr'>teras</span> <span class='ocrx_word' id='word_1_675' title='bbox 271 2522 328 2552; x_wconf 87' lang='lat' dir='ltr'>suas</span> <span class='ocrx_word' id='word_1_676' title='bbox 341 2521 486 2561; x_wconf 81' lang='lat' dir='ltr'>Parentes,</span> <span class='ocrx_word' id='word_1_677' title='bbox 502 2521 621 2559; x_wconf 81' lang='lat' dir='ltr'>Magno</span> <span class='ocrx_word' id='word_1_678' title='bbox 636 2521 736 2558; x_wconf 88' lang='lat' dir='ltr'>Sigillo</span> <span class='ocrx_word' id='word_1_679' title='bbox 749 2522 798 2552; x_wconf 84' lang='lat' dir='ltr'>suo</span> <span class='ocrx_word' id='word_1_680' title='bbox 820 2521 854 2551; x_wconf 74' lang='grc' dir='ltr'>δε</span> <span class='ocrx_word' id='word_1_681' title='bbox 872 2520 965 2550; x_wconf 81' lang='lat' dir='ltr'>Manu</span> <span class='ocrx_word' id='word_1_682' title='bbox 984 2520 1030 2550; x_wconf 67' lang='lat' dir='ltr'>sua</span> <span class='ocrx_word' id='word_1_683' title='bbox 1046 2520 1163 2558; x_wconf 75' lang='lat' dir='ltr'>propria</span> <span class='ocrx_word' id='word_1_684' title='bbox 1181 2520 1253 2560; x_wconf 80' lang='lat' dir='ltr'>sigil-</span> 
     </span>
     <span class='ocr_line' id='line_1_75' title="bbox 186 2558 1251 2599; baseline 0 -10"><span class='ocrx_word' id='word_1_685' title='bbox 186 2559 269 2596; x_wconf 89' lang='lat' dir='ltr'>latas,</span> <span class='ocrx_word' id='word_1_686' title='bbox 284 2560 397 2597; x_wconf 74' lang='lat' dir='ltr'>signatas</span> <span class='ocrx_word' id='word_1_687' title='bbox 411 2561 444 2592; x_wconf 76' lang='grc' dir='ltr'>δε</span> <span class='ocrx_word' id='word_1_688' title='bbox 460 2562 579 2590; x_wconf 82' lang='lat' dir='ltr'>munitas</span> <span class='ocrx_word' id='word_1_689' title='bbox 590 2583 599 2598; x_wconf 89' lang='lat'>,</span> <span class='ocrx_word' id='word_1_690' title='bbox 621 2562 655 2592; x_wconf 73' lang='grc' dir='ltr'>δε</span> <span class='ocrx_word' id='word_1_691' title='bbox 666 2560 783 2599; x_wconf 58' lang='lat' dir='ltr'>prefato</span> <span class='ocrx_word' id='word_1_692' title='bbox 797 2558 933 2589; x_wconf 84' lang='lat' dir='ltr'>Domino</span> <span class='ocrx_word' id='word_1_693' title='bbox 953 2561 1018 2597; x_wconf 80' lang='lat' dir='ltr'>Regi</span> <span class='ocrx_word' id='word_1_694' title='bbox 1031 2559 1146 2596; x_wconf 78' lang='lat' dir='ltr'>Angliae</span> <span class='ocrx_word' id='word_1_695' title='bbox 1157 2560 1251 2596; x_wconf 87' lang='lat' dir='ltr'>ejusve</span> 
     </span>
     <span class='ocr_line' id='line_1_76' title="bbox 185 2596 1252 2637; baseline -0.001 -10"><span class='ocrx_word' id='word_1_696' title='bbox 185 2596 416 2636; x_wconf 74' lang='lat' dir='ltr'>commissario,</span> <span class='ocrx_word' id='word_1_697' title='bbox 433 2598 629 2637; x_wconf 84' lang='lat' dir='ltr'>Procuratori,</span> <span class='ocrx_word' id='word_1_698' title='bbox 643 2599 689 2629; x_wconf 90' lang='lat' dir='ltr'>vel</span> <span class='ocrx_word' id='word_1_699' title='bbox 710 2598 858 2637; x_wconf 85' lang='lat' dir='ltr'>Deputato</span> <span class='ocrx_word' id='word_1_700' title='bbox 871 2620 881 2635; x_wconf 91' lang='lat'>,</span> <span class='ocrx_word' id='word_1_701' title='bbox 906 2598 999 2635; x_wconf 85' lang='lat' dir='ltr'>ejusve</span> <span class='ocrx_word' id='word_1_702' title='bbox 1021 2596 1252 2635; x_wconf 84' lang='lat' dir='ltr'>Commissariis,</span> 
     </span>
     <span class='ocr_line' id='line_1_77' title="bbox 187 2635 1250 2675; baseline -0.001 -9"><span class='ocrx_word' id='word_1_703' title='bbox 187 2635 440 2672; x_wconf 85' lang='lat' dir='ltr'>Procuratoribus,</span> <span class='ocrx_word' id='word_1_704' title='bbox 457 2637 502 2665; x_wconf 87' lang='lat' dir='ltr'>vel</span> <span class='ocrx_word' id='word_1_705' title='bbox 520 2636 666 2674; x_wconf 78' lang='lat' dir='ltr'>Deputatis</span> <span class='ocrx_word' id='word_1_706' title='bbox 681 2660 691 2675; x_wconf 95' lang='lat'>,</span> <span class='ocrx_word' id='word_1_707' title='bbox 717 2637 746 2666; x_wconf 91' lang='lat' dir='ltr'>in</span> <span class='ocrx_word' id='word_1_708' title='bbox 765 2647 797 2666; x_wconf 72' lang='lat' dir='ltr'>ea</span> <span class='ocrx_word' id='word_1_709' title='bbox 811 2645 888 2674; x_wconf 84' lang='lat' dir='ltr'>parte</span> <span class='ocrx_word' id='word_1_710' title='bbox 901 2635 1072 2667; x_wconf 79' lang='lat' dir='ltr'>sufficienter</span> <span class='ocrx_word' id='word_1_711' title='bbox 1090 2637 1250 2667; x_wconf 62' lang='lat' dir='ltr'>auiloriza-</span> 
     </span>
     <span class='ocr_line' id='line_1_78' title="bbox 188 2673 1251 2713; baseline -0.001 -8"><span class='ocrx_word' id='word_1_712' title='bbox 188 2675 239 2712; x_wconf 82' lang='lat' dir='ltr'>tis,</span> <span class='ocrx_word' id='word_1_713' title='bbox 257 2675 325 2705; x_wconf 85' lang='lat' dir='ltr'>citra</span> <span class='ocrx_word' id='word_1_714' title='bbox 339 2675 460 2711; x_wconf 72' lang='lat' dir='ltr'>primum</span> <span class='ocrx_word' id='word_1_715' title='bbox 474 2673 564 2703; x_wconf 84' lang='lat' dir='ltr'>Diem</span> <span class='ocrx_word' id='word_1_716' title='bbox 582 2675 683 2710; x_wconf 82' lang='lat' dir='ltr'>Aprilis</span> <span class='ocrx_word' id='word_1_717' title='bbox 693 2676 825 2710; x_wconf 76' lang='lat' dir='ltr'>proximo</span> <span class='ocrx_word' id='word_1_718' title='bbox 839 2675 964 2704; x_wconf 85' lang='lat' dir='ltr'>futurum</span> <span class='ocrx_word' id='word_1_719' title='bbox 978 2674 1044 2713; x_wconf 91' lang='lat' dir='ltr'>post</span> <span class='ocrx_word' id='word_1_720' title='bbox 1051 2674 1156 2705; x_wconf 88' lang='lat' dir='ltr'>Datam</span> <span class='ocrx_word' id='word_1_721' title='bbox 1173 2674 1251 2704; x_wconf 64' lang='lat' dir='ltr'>Pne-</span> 
     </span>
     <span class='ocr_line' id='line_1_79' title="bbox 187 2711 1247 2749; baseline -0.001 -7"><span class='ocrx_word' id='word_1_722' title='bbox 187 2712 308 2743; x_wconf 87' lang='lat' dir='ltr'>sentium</span> <span class='ocrx_word' id='word_1_723' title='bbox 324 2711 468 2743; x_wconf 81' lang='lat' dir='ltr'>tradendas</span> <span class='ocrx_word' id='word_1_724' title='bbox 487 2712 521 2742; x_wconf 71' lang='grc' dir='ltr'>ὅτ</span> <span class='ocrx_word' id='word_1_725' title='bbox 535 2711 723 2741; x_wconf 85' lang='lat' dir='ltr'>deliberandas</span> <span class='ocrx_word' id='word_1_726' title='bbox 739 2734 749 2749; x_wconf 87' lang='lat'>,</span> <span class='ocrx_word' id='word_1_727' title='bbox 775 2712 891 2748; x_wconf 68' lang='lat' dir='ltr'>pnefato</span> <span class='ocrx_word' id='word_1_728' title='bbox 908 2711 1041 2741; x_wconf 91' lang='lat' dir='ltr'>Domino</span> <span class='ocrx_word' id='word_1_729' title='bbox 1057 2714 1122 2749; x_wconf 79' lang='lat' dir='ltr'>Regi</span> <span class='ocrx_word' id='word_1_730' title='bbox 1135 2712 1247 2749; x_wconf 73' lang='lat' dir='ltr'>Angliae</span> 
     </span>
     <span class='ocr_line' id='line_1_80' title="bbox 189 2749 1251 2789; baseline -0.004 -8"><span class='ocrx_word' id='word_1_731' title='bbox 189 2752 338 2789; x_wconf 80' lang='lat' dir='ltr'>promittet</span> <span class='ocrx_word' id='word_1_732' title='bbox 351 2749 431 2789; x_wconf 81' lang='lat' dir='ltr'>quod</span> <span class='ocrx_word' id='word_1_733' title='bbox 445 2749 501 2786; x_wconf 88' lang='lat' dir='ltr'>ipse</span> <span class='ocrx_word' id='word_1_734' title='bbox 516 2749 606 2779; x_wconf 64' lang='lat' dir='ltr'>distus</span> <span class='ocrx_word' id='word_1_735' title='bbox 614 2749 736 2788; x_wconf 70' lang='lat' dir='ltr'>Jacobus</span> <span class='ocrx_word' id='word_1_736' title='bbox 750 2752 809 2778; x_wconf 84' lang='lat' dir='ltr'>Rex</span> <span class='ocrx_word' id='word_1_737' title='bbox 817 2752 950 2778; x_wconf 83' lang='lat' dir='ltr'>Scotorum</span> <span class='ocrx_word' id='word_1_738' title='bbox 963 2749 1068 2779; x_wconf 58' lang='lat' dir='ltr'>dictam</span> <span class='ocrx_word' id='word_1_739' title='bbox 1077 2771 1088 2786; x_wconf 92' lang='lat'>,</span> <span class='ocrx_word' id='word_1_740' title='bbox 1105 2753 1251 2779; x_wconf 67' lang='lat' dir='ltr'>Dominam</span> 
     </span>
     <span class='ocr_line' id='line_1_81' title="bbox 188 2787 1250 2827; baseline -0.001 -9"><span class='ocrx_word' id='word_1_741' title='bbox 188 2792 383 2827; x_wconf 66' lang='lat' dir='ltr'>lnargaretam</span> <span class='ocrx_word' id='word_1_742' title='bbox 397 2812 406 2826; x_wconf 86' lang='lat'>,</span> <span class='ocrx_word' id='word_1_743' title='bbox 441 2789 509 2819; x_wconf 82' lang='lat' dir='ltr'>citra</span> <span class='ocrx_word' id='word_1_744' title='bbox 531 2788 659 2818; x_wconf 86' lang='lat' dir='ltr'>Primum</span> <span class='ocrx_word' id='word_1_745' title='bbox 682 2789 774 2817; x_wconf 86' lang='lat' dir='ltr'>Diem</span> <span class='ocrx_word' id='word_1_746' title='bbox 791 2787 964 2824; x_wconf 84' lang='lat' dir='ltr'>Septembris</span> <span class='ocrx_word' id='word_1_747' title='bbox 991 2787 1161 2824; x_wconf 65' lang='lat' dir='ltr'>praedictum</span> <span class='ocrx_word' id='word_1_748' title='bbox 1176 2811 1186 2824; x_wconf 94' lang='lat'>,</span> <span class='ocrx_word' id='word_1_749' title='bbox 1216 2797 1250 2817; x_wconf 81' lang='lat' dir='ltr'>ex</span> 
     </span>
     <span class='ocr_line' id='line_1_82' title="bbox 186 2825 1249 2862; baseline -0.003 -3"><span class='ocrx_word' id='word_1_750' title='bbox 186 2829 266 2859; x_wconf 84' lang='lat' dir='ltr'>causa</span> <span class='ocrx_word' id='word_1_751' title='bbox 280 2827 516 2858; x_wconf 73' lang='lat' dir='ltr'>Solennizationis</span> <span class='ocrx_word' id='word_1_752' title='bbox 528 2836 575 2857; x_wconf 84' lang='lat' dir='ltr'>aut</span> <span class='ocrx_word' id='word_1_753' title='bbox 587 2825 850 2856; x_wconf 86' lang='lat' dir='ltr'>Consummationis</span> <span class='ocrx_word' id='word_1_754' title='bbox 868 2825 1047 2856; x_wconf 60' lang='lat' dir='ltr'>tN&#39;latrimonii</span> <span class='ocrx_word' id='word_1_755' title='bbox 1063 2826 1189 2862; x_wconf 52' lang='lat' dir='ltr'>praedicati</span> <span class='ocrx_word' id='word_1_756' title='bbox 1204 2827 1249 2856; x_wconf 87' lang='lat' dir='ltr'>vel</span> 
     </span>
     <span class='ocr_line' id='line_1_83' title="bbox 187 2864 1254 2906; baseline -0.002 -9"><span class='ocrx_word' id='word_1_757' title='bbox 187 2867 241 2897; x_wconf 72' lang='lat' dir='ltr'>alia</span> <span class='ocrx_word' id='word_1_758' title='bbox 253 2866 346 2898; x_wconf 65' lang='lat' dir='ltr'>Causa</span> <span class='ocrx_word' id='word_1_759' title='bbox 362 2874 531 2906; x_wconf 85' lang='lat' dir='ltr'>quacunque</span> <span class='ocrx_word' id='word_1_760' title='bbox 540 2888 551 2904; x_wconf 94' lang='lat'>,</span> <span class='ocrx_word' id='word_1_761' title='bbox 561 2865 639 2895; x_wconf 79' lang='lat' dir='ltr'>nullo</span> <span class='ocrx_word' id='word_1_762' title='bbox 657 2864 746 2895; x_wconf 69' lang='lat' dir='ltr'>modo</span> <span class='ocrx_word' id='word_1_763' title='bbox 759 2864 848 2902; x_wconf 82' lang='lat' dir='ltr'>tradi,</span> <span class='ocrx_word' id='word_1_764' title='bbox 859 2864 917 2894; x_wconf 88' lang='lat' dir='ltr'>dari</span> <span class='ocrx_word' id='word_1_765' title='bbox 931 2873 977 2895; x_wconf 84' lang='lat' dir='ltr'>aut</span> <span class='ocrx_word' id='word_1_766' title='bbox 992 2865 1100 2895; x_wconf 85' lang='lat' dir='ltr'>liberari</span> <span class='ocrx_word' id='word_1_767' title='bbox 1116 2874 1191 2902; x_wconf 85' lang='lat' dir='ltr'>petet</span> <span class='ocrx_word' id='word_1_768' title='bbox 1206 2874 1254 2895; x_wconf 87' lang='lat' dir='ltr'>aut</span> 
     </span>
     <span class='ocr_line' id='line_1_84' title="bbox 187 2914 319 2937; baseline 0.015 -2"><span class='ocrx_word' id='word_1_769' title='bbox 187 2915 218 2936; x_wconf 87' lang='lat' dir='ltr'>re</span> <span class='ocrx_word' id='word_1_770' title='bbox 241 2914 319 2937; x_wconf 80' lang='lat' dir='ltr'>uiret.</span> 
     </span>
    </p>

    <p class='ocr_par' dir='ltr' id='par_1_17' title="bbox 189 2915 1255 3481">
     <span class='ocr_line' id='line_1_85' title="bbox 221 2915 1252 2983; baseline -0.004 -8"><span class='ocrx_word' id='word_1_771' title='bbox 221 2915 317 2975; x_wconf 56' lang='lat' dir='ltr'>(irem</span> <span class='ocrx_word' id='word_1_772' title='bbox 328 2967 338 2983; x_wconf 92' lang='lat'>,</span> <span class='ocrx_word' id='word_1_773' title='bbox 355 2944 436 2975; x_wconf 72' lang='lat' dir='ltr'>dic‘to</span> <span class='ocrx_word' id='word_1_774' title='bbox 451 2943 639 2975; x_wconf 85' lang='lat' dir='ltr'>Matrirnonio</span> <span class='ocrx_word' id='word_1_775' title='bbox 651 2945 721 2974; x_wconf 86' lang='lat' dir='ltr'>inter</span> <span class='ocrx_word' id='word_1_776' title='bbox 737 2943 888 2982; x_wconf 64' lang='lat' dir='ltr'>praefatum</span> <span class='ocrx_word' id='word_1_777' title='bbox 905 2941 1072 2973; x_wconf 86' lang='lat' dir='ltr'>Dominum</span> <span class='ocrx_word' id='word_1_778' title='bbox 1089 2944 1252 2980; x_wconf 80' lang='lat' dir='ltr'>RegemSco-</span> 
     </span>
     <span class='ocr_line' id='line_1_86' title="bbox 190 2980 1251 3021; baseline -0.002 -9"><span class='ocrx_word' id='word_1_779' title='bbox 190 2990 278 3012; x_wconf 80' lang='lat' dir='ltr'>torum</span> <span class='ocrx_word' id='word_1_780' title='bbox 293 2985 326 3015; x_wconf 90' lang='lat'>&amp;</span> <span class='ocrx_word' id='word_1_781' title='bbox 342 2991 528 3013; x_wconf 85' lang='lat' dir='ltr'>memoratam</span> <span class='ocrx_word' id='word_1_782' title='bbox 543 2987 689 3013; x_wconf 78' lang='lat' dir='ltr'>Dominam</span> <span class='ocrx_word' id='word_1_783' title='bbox 701 2986 912 3021; x_wconf 70' lang='lat' dir='ltr'>Margaretam,</span> <span class='ocrx_word' id='word_1_784' title='bbox 931 2983 998 3012; x_wconf 86' lang='lat' dir='ltr'>citra</span> <span class='ocrx_word' id='word_1_785' title='bbox 1011 2982 1122 3011; x_wconf 74' lang='lat' dir='ltr'>dit‘tum</span> <span class='ocrx_word' id='word_1_786' title='bbox 1138 2980 1251 3011; x_wconf 83' lang='lat' dir='ltr'>Festum</span> 
     </span>
     <span class='ocr_line' id='line_1_87' title="bbox 190 3019 1252 3059; baseline -0.001 -9"><span class='ocrx_word' id='word_1_787' title='bbox 190 3020 397 3052; x_wconf 70' lang='lat' dir='ltr'>purificationi&lt;</span> <span class='ocrx_word' id='word_1_788' title='bbox 408 3044 416 3057; x_wconf 84' lang='lat'><strong>‚</strong></span> <span class='ocrx_word' id='word_1_789' title='bbox 435 3031 482 3058; x_wconf 84' lang='lat' dir='ltr'>per</span> <span class='ocrx_word' id='word_1_790' title='bbox 498 3022 591 3052; x_wconf 82' lang='lat' dir='ltr'>Verba</span> <span class='ocrx_word' id='word_1_791' title='bbox 602 3023 638 3052; x_wconf 91' lang='lat' dir='ltr'>de</span> <span class='ocrx_word' id='word_1_792' title='bbox 655 3022 803 3059; x_wconf 72' lang='lat' dir='ltr'>Praesemi,</span> <span class='ocrx_word' id='word_1_793' title='bbox 823 3030 853 3051; x_wconf 90' lang='lat' dir='ltr'>ut</span> <span class='ocrx_word' id='word_1_794' title='bbox 871 3021 1066 3058; x_wconf 79' lang='lat' dir='ltr'>praemittitur,</span> <span class='ocrx_word' id='word_1_795' title='bbox 1085 3019 1252 3057; x_wconf 63' lang='lat' dir='ltr'>contracto,</span> 
     </span>
     <span class='ocr_line' id='line_1_88' title="bbox 189 3059 1252 3097; baseline -0.003 -8"><span class='ocrx_word' id='word_1_796' title='bbox 189 3060 342 3096; x_wconf 66' lang='lat' dir='ltr'>praedi&amp;us</span> <span class='ocrx_word' id='word_1_797' title='bbox 369 3059 518 3090; x_wconf 83' lang='lat' dir='ltr'>Dominus</span> <span class='ocrx_word' id='word_1_798' title='bbox 540 3063 601 3090; x_wconf 77' lang='lat' dir='ltr'>Rex</span> <span class='ocrx_word' id='word_1_799' title='bbox 623 3059 736 3097; x_wconf 78' lang='lat' dir='ltr'>Angliae</span> <span class='ocrx_word' id='word_1_800' title='bbox 761 3060 870 3090; x_wconf 65' lang='lat' dir='ltr'>dic‘lam</span> <span class='ocrx_word' id='word_1_801' title='bbox 889 3061 1037 3089; x_wconf 84' lang='lat' dir='ltr'>Dominam</span> <span class='ocrx_word' id='word_1_802' title='bbox 1060 3061 1252 3095; x_wconf 80' lang='lat' dir='ltr'>Margaretam</span> 
     </span>
     <span class='ocr_line' id='line_1_89' title="bbox 191 3097 1252 3137; baseline -0.001 -10"><span class='ocrx_word' id='word_1_803' title='bbox 191 3098 291 3127; x_wconf 82' lang='lat' dir='ltr'>Filiam</span> <span class='ocrx_word' id='word_1_804' title='bbox 307 3098 384 3129; x_wconf 75' lang='lat' dir='ltr'>suam</span> <span class='ocrx_word' id='word_1_805' title='bbox 393 3122 402 3137; x_wconf 92' lang='lat'>,</span> <span class='ocrx_word' id='word_1_806' title='bbox 421 3100 489 3129; x_wconf 79' lang='lat' dir='ltr'>citra</span> <span class='ocrx_word' id='word_1_807' title='bbox 500 3098 629 3128; x_wconf 87' lang='lat' dir='ltr'>Primum</span> <span class='ocrx_word' id='word_1_808' title='bbox 638 3099 729 3128; x_wconf 81' lang='lat' dir='ltr'>Diem</span> <span class='ocrx_word' id='word_1_809' title='bbox 742 3097 811 3128; x_wconf 68' lang='lat' dir='ltr'>disti</span> <span class='ocrx_word' id='word_1_810' title='bbox 823 3098 929 3128; x_wconf 78' lang='lat' dir='ltr'>Mensis</span> <span class='ocrx_word' id='word_1_811' title='bbox 945 3097 1118 3134; x_wconf 88' lang='lat' dir='ltr'>Septembris</span> <span class='ocrx_word' id='word_1_812' title='bbox 1127 3119 1136 3132; x_wconf 85' lang='lat'><strong>‚</strong></span> <span class='ocrx_word' id='word_1_813' title='bbox 1146 3097 1252 3134; x_wconf 86' lang='lat' dir='ltr'>Sump-</span> 
     </span>
     <span class='ocr_line' id='line_1_90' title="bbox 191 3134 1252 3175; baseline 0 -10"><span class='ocrx_word' id='word_1_814' title='bbox 191 3137 267 3167; x_wconf 73' lang='lat' dir='ltr'>tibus</span> <span class='ocrx_word' id='word_1_815' title='bbox 281 3138 313 3168; x_wconf 71' lang='grc' dir='ltr'>δ(</span> <span class='ocrx_word' id='word_1_816' title='bbox 329 3137 460 3175; x_wconf 77' lang='lat' dir='ltr'>Expensis</span> <span class='ocrx_word' id='word_1_817' title='bbox 475 3137 544 3175; x_wconf 88' lang='lat' dir='ltr'>suis,</span> <span class='ocrx_word' id='word_1_818' title='bbox 561 3146 637 3167; x_wconf 78' lang='lat' dir='ltr'>extra</span> <span class='ocrx_word' id='word_1_819' title='bbox 653 3136 786 3174; x_wconf 79' lang='lat' dir='ltr'>Regnum</span> <span class='ocrx_word' id='word_1_820' title='bbox 799 3137 878 3167; x_wconf 90' lang='lat' dir='ltr'>suum</span> <span class='ocrx_word' id='word_1_821' title='bbox 895 3135 929 3166; x_wconf 88' lang='lat' dir='ltr'>ad</span> <span class='ocrx_word' id='word_1_822' title='bbox 939 3136 1059 3166; x_wconf 84' lang='lat' dir='ltr'>Limites</span> <span class='ocrx_word' id='word_1_823' title='bbox 1074 3134 1252 3173; x_wconf 83' lang='lat' dir='ltr'>RegniSco-</span> 
     </span>
     <span class='ocr_line' id='line_1_91' title="bbox 192 3173 1253 3214; baseline 0 -9"><span class='ocrx_word' id='word_1_824' title='bbox 192 3176 239 3205; x_wconf 66' lang='lat' dir='ltr'>tire</span> <span class='ocrx_word' id='word_1_825' title='bbox 253 3175 419 3206; x_wconf 75' lang='lat' dir='ltr'>transmittet</span> <span class='ocrx_word' id='word_1_826' title='bbox 433 3176 479 3205; x_wconf 85' lang='lat' dir='ltr'>seu</span> <span class='ocrx_word' id='word_1_827' title='bbox 495 3176 644 3205; x_wconf 69' lang='lat' dir='ltr'>transmitti</span> <span class='ocrx_word' id='word_1_828' title='bbox 659 3175 743 3205; x_wconf 85' lang='lat' dir='ltr'>faciet</span> <span class='ocrx_word' id='word_1_829' title='bbox 760 3198 769 3213; x_wconf 83' lang='lat'>‚</span> <span class='ocrx_word' id='word_1_830' title='bbox 794 3176 827 3205; x_wconf 66' lang='grc' dir='ltr'>ὅ(</span> <span class='ocrx_word' id='word_1_831' title='bbox 842 3175 915 3214; x_wconf 83' lang='lat' dir='ltr'>apud</span> <span class='ocrx_word' id='word_1_832' title='bbox 928 3173 1086 3205; x_wconf 84' lang='lat' dir='ltr'>Ecclefiarn</span> <span class='ocrx_word' id='word_1_833' title='bbox 1101 3174 1253 3211; x_wconf 78' lang='lat' dir='ltr'>vulgariter</span> 
     </span>
     <span class='ocr_line' id='line_1_92' title="bbox 192 3212 1252 3251; baseline 0 -9"><span class='ocrx_word' id='word_1_834' title='bbox 192 3222 323 3244; x_wconf 85' lang='lat' dir='ltr'>vocatam</span> <span class='ocrx_word' id='word_1_835' title='bbox 356 3214 551 3244; x_wconf 88' lang='lat' dir='ltr'>Lambertone</span> <span class='ocrx_word' id='word_1_836' title='bbox 573 3213 648 3244; x_wconf 86' lang='lat' dir='ltr'>Kirk</span> <span class='ocrx_word' id='word_1_837' title='bbox 664 3237 673 3250; x_wconf 82' lang='lat'>,</span> <span class='ocrx_word' id='word_1_838' title='bbox 705 3213 748 3243; x_wconf 86' lang='lat' dir='ltr'>vel</span> <span class='ocrx_word' id='word_1_839' title='bbox 770 3212 894 3251; x_wconf 78' lang='lat' dir='ltr'>aliquem</span> <span class='ocrx_word' id='word_1_840' title='bbox 917 3213 1005 3243; x_wconf 85' lang='lat' dir='ltr'>alium</span> <span class='ocrx_word' id='word_1_841' title='bbox 1023 3212 1140 3242; x_wconf 81' lang='lat' dir='ltr'>Locum</span> <span class='ocrx_word' id='word_1_842' title='bbox 1165 3223 1252 3250; x_wconf 87' lang='lat' dir='ltr'>prope</span> 
     </span>
     <span class='ocr_line' id='line_1_93' title="bbox 193 3249 1253 3290; baseline 0.001 -11"><span class='ocrx_word' id='word_1_843' title='bbox 193 3252 306 3281; x_wconf 82' lang='lat' dir='ltr'>eosdem</span> <span class='ocrx_word' id='word_1_844' title='bbox 323 3253 458 3290; x_wconf 80' lang='lat' dir='ltr'>Limites,</span> <span class='ocrx_word' id='word_1_845' title='bbox 475 3252 593 3290; x_wconf 74' lang='lat' dir='ltr'>praefato</span> <span class='ocrx_word' id='word_1_846' title='bbox 608 3252 739 3282; x_wconf 78' lang='lat' dir='ltr'>Domino</span> <span class='ocrx_word' id='word_1_847' title='bbox 756 3254 820 3288; x_wconf 71' lang='lat' dir='ltr'>Regi</span> <span class='ocrx_word' id='word_1_848' title='bbox 833 3256 985 3289; x_wconf 62' lang='lat' dir='ltr'>Scotvrum,</span> <span class='ocrx_word' id='word_1_849' title='bbox 996 3251 1088 3283; x_wconf 77' lang='lat' dir='ltr'>eiusve</span> <span class='ocrx_word' id='word_1_850' title='bbox 1102 3249 1253 3281; x_wconf 87' lang='lat' dir='ltr'>Commis-</span> 
     </span>
     <span class='ocr_line' id='line_1_94' title="bbox 195 3288 1251 3329; baseline 0.003 -12"><span class='ocrx_word' id='word_1_851' title='bbox 195 3288 281 3326; x_wconf 74' lang='lat' dir='ltr'>sario,</span> <span class='ocrx_word' id='word_1_852' title='bbox 300 3290 499 3328; x_wconf 82' lang='lat' dir='ltr'>Procuratori,</span> <span class='ocrx_word' id='word_1_853' title='bbox 517 3291 561 3321; x_wconf 90' lang='lat' dir='ltr'>vel</span> <span class='ocrx_word' id='word_1_854' title='bbox 578 3291 740 3328; x_wconf 83' lang='lat' dir='ltr'>DeputatO,</span> <span class='ocrx_word' id='word_1_855' title='bbox 760 3289 988 3326; x_wconf 77' lang='lat' dir='ltr'>Commiiiariis,</span> <span class='ocrx_word' id='word_1_856' title='bbox 1005 3289 1251 3329; x_wconf 72' lang='lat' dir='ltr'>procuratoribus,</span> 
     </span>
     <span class='ocr_line' id='line_1_95' title="bbox 197 3327 1253 3369; baseline 0.002 -13"><span class='ocrx_word' id='word_1_857' title='bbox 197 3328 243 3356; x_wconf 84' lang='lat' dir='ltr'>vel</span> <span class='ocrx_word' id='word_1_858' title='bbox 259 3327 420 3366; x_wconf 77' lang='lat' dir='ltr'>Denutatis,</span> <span class='ocrx_word' id='word_1_859' title='bbox 439 3331 468 3359; x_wconf 87' lang='lat' dir='ltr'>in</span> <span class='ocrx_word' id='word_1_860' title='bbox 484 3339 515 3359; x_wconf 83' lang='lat' dir='ltr'>ea</span> <span class='ocrx_word' id='word_1_861' title='bbox 529 3339 605 3367; x_wconf 85' lang='lat' dir='ltr'>parte</span> <span class='ocrx_word' id='word_1_862' title='bbox 618 3329 787 3359; x_wconf 79' lang='lat' dir='ltr'>sufficienter</span> <span class='ocrx_word' id='word_1_863' title='bbox 800 3338 849 3365; x_wconf 87' lang='lat' dir='ltr'>per</span> <span class='ocrx_word' id='word_1_864' title='bbox 868 3328 971 3358; x_wconf 85' lang='lat' dir='ltr'>Litcras</span> <span class='ocrx_word' id='word_1_865' title='bbox 988 3328 1113 3365; x_wconf 54' lang='lat' dir='ltr'>predi-sti</span> <span class='ocrx_word' id='word_1_866' title='bbox 1129 3327 1253 3369; x_wconf 82' lang='lat' dir='ltr'>Domini</span> 
     </span>
     <span class='ocr_line' id='line_1_96' title="bbox 197 3366 1251 3404; baseline 0.002 -10"><span class='ocrx_word' id='word_1_867' title='bbox 197 3366 290 3401; x_wconf 68' lang='lat' dir='ltr'>Jacobi</span> <span class='ocrx_word' id='word_1_868' title='bbox 303 3370 379 3404; x_wconf 77' lang='lat' dir='ltr'>Regis</span> <span class='ocrx_word' id='word_1_869' title='bbox 397 3372 530 3398; x_wconf 76' lang='lat' dir='ltr'>Scotorum</span> <span class='ocrx_word' id='word_1_870' title='bbox 543 3368 727 3402; x_wconf 64' lang='lat' dir='ltr'>auctorisatis,</span> <span class='ocrx_word' id='word_1_871' title='bbox 747 3376 800 3403; x_wconf 89' lang='lat' dir='ltr'>pro</span> <span class='ocrx_word' id='word_1_872' title='bbox 819 3366 1012 3397; x_wconf 76' lang='lat' dir='ltr'>Matrimonio</span> <span class='ocrx_word' id='word_1_873' title='bbox 1027 3367 1097 3395; x_wconf 89' lang='lat' dir='ltr'>inter</span> <span class='ocrx_word' id='word_1_874' title='bbox 1113 3368 1202 3402; x_wconf 81' lang='lat' dir='ltr'>ipsum</span> <span class='ocrx_word' id='word_1_875' title='bbox 1218 3367 1251 3396; x_wconf 75' lang='grc' dir='ltr'>δε</span> 
     </span>
     <span class='ocr_line' id='line_1_97' title="bbox 196 3402 1255 3442; baseline 0.002 -10"><span class='ocrx_word' id='word_1_876' title='bbox 196 3402 303 3432; x_wconf 66' lang='grc' dir='ltr'>ὢὲὶαῐῃ</span> <span class='ocrx_word' id='word_1_877' title='bbox 327 3408 472 3436; x_wconf 72' lang='lat' dir='ltr'>Dominam</span> <span class='ocrx_word' id='word_1_878' title='bbox 492 3408 683 3442; x_wconf 63' lang='lat' dir='ltr'>Margaretam</span> <span class='ocrx_word' id='word_1_879' title='bbox 703 3405 772 3435; x_wconf 92' lang='lat' dir='ltr'>Deo</span> <span class='ocrx_word' id='word_1_880' title='bbox 795 3404 879 3434; x_wconf 87' lang='lat' dir='ltr'>Duce</span> <span class='ocrx_word' id='word_1_881' title='bbox 897 3404 1108 3434; x_wconf 83' lang='lat' dir='ltr'>Solennizando</span> <span class='ocrx_word' id='word_1_882' title='bbox 1123 3405 1156 3435; x_wconf 87' lang='lat'>&amp;</span> <span class='ocrx_word' id='word_1_883' title='bbox 1171 3403 1255 3434; x_wconf 86' lang='lat' dir='ltr'>Con-</span> 
     </span>
     <span class='ocr_line' id='line_1_98' title="bbox 198 3440 1178 3481; baseline 0.001 -10"><span class='ocrx_word' id='word_1_884' title='bbox 198 3440 384 3480; x_wconf 84' lang='lat' dir='ltr'>summando,</span> <span class='ocrx_word' id='word_1_885' title='bbox 398 3444 485 3474; x_wconf 64' lang='lat' dir='ltr'>tradet</span> <span class='ocrx_word' id='word_1_886' title='bbox 502 3445 534 3474; x_wconf 75' lang='grc' dir='ltr'>δε</span> <span class='ocrx_word' id='word_1_887' title='bbox 551 3445 730 3481; x_wconf 74' lang='lat' dir='ltr'>deliberabit,</span> <span class='ocrx_word' id='word_1_888' title='bbox 751 3443 856 3473; x_wconf 77' lang='lat' dir='ltr'>tradive</span> <span class='ocrx_word' id='word_1_889' title='bbox 871 3444 904 3473; x_wconf 67' lang='grc' dir='ltr'>ὃς</span> <span class='ocrx_word' id='word_1_890' title='bbox 918 3443 1063 3472; x_wconf 85' lang='lat' dir='ltr'>deliberari</span> <span class='ocrx_word' id='word_1_891' title='bbox 1079 3443 1178 3480; x_wconf 83' lang='lat' dir='ltr'>faciet,</span> 
     </span>
    </p>

    <p class='ocr_par' dir='ltr' id='par_1_18' title="bbox 197 3478 1259 3741">
     <span class='ocr_line' id='line_1_99' title="bbox 242 3478 1255 3520; baseline 0.001 -12"><span class='ocrx_word' id='word_1_892' title='bbox 242 3478 358 3517; x_wconf 86' lang='lat' dir='ltr'>Ipseque</span> <span class='ocrx_word' id='word_1_893' title='bbox 376 3481 519 3512; x_wconf 83' lang='lat' dir='ltr'>Dominus</span> <span class='ocrx_word' id='word_1_894' title='bbox 534 3482 655 3520; x_wconf 80' lang='lat' dir='ltr'>Jacobus</span> <span class='ocrx_word' id='word_1_895' title='bbox 669 3485 728 3512; x_wconf 86' lang='lat' dir='ltr'>Rex</span> <span class='ocrx_word' id='word_1_896' title='bbox 741 3485 876 3511; x_wconf 57' lang='lat' dir='ltr'>Scotorum</span> <span class='ocrx_word' id='word_1_897' title='bbox 887 3481 1004 3510; x_wconf 61' lang='lat' dir='ltr'>eandem</span> <span class='ocrx_word' id='word_1_898' title='bbox 1018 3483 1164 3510; x_wconf 85' lang='lat' dir='ltr'>Dominam</span> <span class='ocrx_word' id='word_1_899' title='bbox 1172 3482 1255 3509; x_wconf 81' lang='lat' dir='ltr'>Mar-</span> 
     </span>
     <span class='ocr_line' id='line_1_100' title="bbox 197 3518 1254 3559; baseline 0.002 -13"><span class='ocrx_word' id='word_1_900' title='bbox 197 3526 341 3556; x_wconf 73' lang='lat' dir='ltr'>garetam,</span> <span class='ocrx_word' id='word_1_901' title='bbox 359 3520 428 3550; x_wconf 65' lang='lat' dir='ltr'>insta</span> <span class='ocrx_word' id='word_1_902' title='bbox 442 3522 618 3559; x_wconf 67' lang='lat' dir='ltr'>Quindecim</span> <span class='ocrx_word' id='word_1_903' title='bbox 633 3521 718 3558; x_wconf 71' lang='lat' dir='ltr'>Dies,</span> <span class='ocrx_word' id='word_1_904' title='bbox 739 3521 826 3552; x_wconf 62' lang='lat' dir='ltr'>dietae</span> <span class='ocrx_word' id='word_1_905' title='bbox 840 3519 1093 3550; x_wconf 85' lang='lat' dir='ltr'>Transmiffionem</span> <span class='ocrx_word' id='word_1_906' title='bbox 1110 3543 1119 3556; x_wconf 82' lang='grc'><em>,</em></span> <span class='ocrx_word' id='word_1_907' title='bbox 1138 3518 1254 3549; x_wconf 88' lang='lat' dir='ltr'>Tradu-</span> 
     </span>
     <span class='ocr_line' id='line_1_101' title="bbox 200 3557 1255 3596; baseline 0.002 -11"><span class='ocrx_word' id='word_1_908' title='bbox 200 3557 348 3593; x_wconf 70' lang='lat' dir='ltr'>ctionem,</span> <span class='ocrx_word' id='word_1_909' title='bbox 367 3558 399 3587; x_wconf 89' lang='lat'>&amp;</span> <span class='ocrx_word' id='word_1_910' title='bbox 415 3558 654 3589; x_wconf 83' lang='lat' dir='ltr'>Deliberationem</span> <span class='ocrx_word' id='word_1_911' title='bbox 672 3560 805 3596; x_wconf 79' lang='lat' dir='ltr'>proximo</span> <span class='ocrx_word' id='word_1_912' title='bbox 827 3559 860 3589; x_wconf 73' lang='grc' dir='ltr'>δε</span> <span class='ocrx_word' id='word_1_913' title='bbox 871 3558 1036 3588; x_wconf 76' lang='lat' dir='ltr'>immediate</span> <span class='ocrx_word' id='word_1_914' title='bbox 1051 3557 1206 3594; x_wconf 67' lang='lat' dir='ltr'>sequentes,</span> <span class='ocrx_word' id='word_1_915' title='bbox 1225 3558 1255 3587; x_wconf 89' lang='lat' dir='ltr'>in</span> 
     </span>
     <span class='ocr_line' id='line_1_102' title="bbox 203 3594 1256 3633; baseline 0.002 -9"><span class='ocrx_word' id='word_1_916' title='bbox 203 3594 287 3625; x_wconf 76' lang='lat' dir='ltr'>facie</span> <span class='ocrx_word' id='word_1_917' title='bbox 301 3594 453 3633; x_wconf 83' lang='lat' dir='ltr'>Ecclefiae,</span> <span class='ocrx_word' id='word_1_918' title='bbox 470 3597 624 3627; x_wconf 77' lang='lat' dir='ltr'>secundum</span> <span class='ocrx_word' id='word_1_919' title='bbox 638 3598 793 3627; x_wconf 79' lang='lat' dir='ltr'>Sacrorum</span> <span class='ocrx_word' id='word_1_920' title='bbox 802 3596 960 3627; x_wconf 88' lang='lat' dir='ltr'>Canonum</span> <span class='ocrx_word' id='word_1_921' title='bbox 976 3595 1256 3633; x_wconf 77' lang='lat' dir='ltr'>dispofitionem,so-</span> 
     </span>
     <span class='ocr_line' id='line_1_103' title="bbox 201 3633 1259 3672; baseline 0.003 -10"><span class='ocrx_word' id='word_1_922' title='bbox 201 3633 323 3663; x_wconf 88' lang='lat' dir='ltr'>lenniter</span> <span class='ocrx_word' id='word_1_923' title='bbox 346 3633 523 3672; x_wconf 89' lang='lat' dir='ltr'>Disponsabit</span> <span class='ocrx_word' id='word_1_924' title='bbox 541 3636 574 3665; x_wconf 70' lang='grc' dir='ltr'>δε</span> <span class='ocrx_word' id='word_1_925' title='bbox 591 3637 621 3664; x_wconf 91' lang='lat' dir='ltr'>in</span> <span class='ocrx_word' id='word_1_926' title='bbox 645 3635 781 3665; x_wconf 83' lang='lat' dir='ltr'>Uxorem</span> <span class='ocrx_word' id='word_1_927' title='bbox 803 3636 951 3672; x_wconf 84' lang='lat' dir='ltr'>Accipiet,</span> <span class='ocrx_word' id='word_1_928' title='bbox 969 3635 1110 3672; x_wconf 83' lang='lat' dir='ltr'>ipsamque</span> <span class='ocrx_word' id='word_1_929' title='bbox 1125 3633 1259 3671; x_wconf 86' lang='lat' dir='ltr'>deinceps</span> 
     </span>
     <span class='ocr_line' id='line_1_104' title="bbox 203 3671 1257 3741; baseline 0.001 -40"><span class='ocrx_word' id='word_1_930' title='bbox 203 3671 486 3741; x_wconf 49' lang='lat' dir='ltr'>tgacnqugnamborem</span> <span class='ocrx_word' id='word_1_931' title='bbox 499 3673 575 3703; x_wconf 85' lang='lat' dir='ltr'>suam</span> <span class='ocrx_word' id='word_1_932' title='bbox 593 3674 759 3712; x_wconf 82' lang='lat' dir='ltr'>legittimam</span> <span class='ocrx_word' id='word_1_933' title='bbox 777 3676 805 3704; x_wconf 93' lang='lat' dir='ltr'>in</span> <span class='ocrx_word' id='word_1_934' title='bbox 818 3674 955 3704; x_wconf 89' lang='lat' dir='ltr'>omnibus</span> <span class='ocrx_word' id='word_1_935' title='bbox 969 3673 1093 3711; x_wconf 86' lang='lat' dir='ltr'>tenebit,</span> <span class='ocrx_word' id='word_1_936' title='bbox 1110 3674 1257 3711; x_wconf 87' lang='lat' dir='ltr'>reputabit,</span> 
     </span>
    </p>

    <p class='ocr_par' dir='ltr' id='par_1_19' title="bbox 253 3719 380 3740">
     <span class='ocr_line' id='line_1_105' title="bbox 253 3719 380 3740; baseline 0.008 -1"><span class='ocrx_word' id='word_1_937' title='bbox 253 3719 291 3740; x_wconf 89' lang='lat' dir='ltr'>tra</span> <span class='ocrx_word' id='word_1_938' title='bbox 360 3720 380 3740; x_wconf 89' lang='lat' dir='ltr'>lt</span> 
     </span>
    </p>

    <p class='ocr_par' dir='ltr' id='par_1_20' title="bbox 242 3747 1259 3825">
     <span class='ocr_line' id='line_1_106' title="bbox 242 3747 1259 3825; baseline 0.002 -48"><span class='ocrx_word' id='word_1_939' title='bbox 242 3747 288 3777; x_wconf 86' lang='grc' dir='ltr'>Ιτ</span> <span class='ocrx_word' id='word_1_940' title='bbox 298 3758 316 3778; x_wconf 81' lang='lat' dir='ltr'>E</span> <span class='ocrx_word' id='word_1_941' title='bbox 326 3758 353 3779; x_wconf 79' lang='lat' dir='ltr'>M</span> <span class='ocrx_word' id='word_1_942' title='bbox 363 3772 374 3787; x_wconf 92' lang='lat'>,</span> <span class='ocrx_word' id='word_1_943' title='bbox 388 3749 464 3779; x_wconf 90' lang='lat' dir='ltr'>idern</span> <span class='ocrx_word' id='word_1_944' title='bbox 485 3748 630 3779; x_wconf 82' lang='lat' dir='ltr'>Dominus</span> <span class='ocrx_word' id='word_1_945' title='bbox 647 3751 766 3789; x_wconf 84' lang='lat' dir='ltr'>Jacobus</span> <span class='ocrx_word' id='word_1_946' title='bbox 786 3754 922 3780; x_wconf 84' lang='lat' dir='ltr'>Scotorum</span> <span class='ocrx_word' id='word_1_947' title='bbox 946 3753 1007 3781; x_wconf 81' lang='lat' dir='ltr'>Rex</span> <span class='ocrx_word' id='word_1_948' title='bbox 1014 3750 1112 3825; x_wconf 62' lang='grc' dir='ltr'>,ἑίςῑα</span> <span class='ocrx_word' id='word_1_949' title='bbox 1125 3748 1259 3817; x_wconf 72' lang='lat' dir='ltr'>Primfium</span> 
     </span>
    </p>

    <p class='ocr_par' dir='ltr' id='par_1_21' title="bbox 1057 3796 1259 3826">
     <span class='ocr_line' id='line_1_107' title="bbox 1057 3796 1259 3826; baseline 0.01 -9"><span class='ocrx_word' id='word_1_950' title='bbox 1057 3796 1185 3826; x_wconf 85' lang='lat' dir='ltr'>uingente</span> <span class='ocrx_word' id='word_1_951' title='bbox 1207 3798 1259 3819; x_wconf 90' lang='lat' dir='ltr'>mo</span> 
     </span>
    </p>
   </div>
   <div class='ocr_carea' id='block_1_12' title="bbox 1285 847 2371 2208">
    <p class='ocr_par' dir='ltr' id='par_1_22' title="bbox 1287 847 2357 928">
     <span class='ocr_line' id='line_1_108' title="bbox 1288 847 2357 892; baseline 0.007 -15"><span class='ocrx_word' id='word_1_952' title='bbox 1288 847 1398 892; x_wconf 73' lang='lat' dir='ltr'>Mensis</span> <span class='ocrx_word' id='word_1_953' title='bbox 1409 848 1497 888; x_wconf 78' lang='lat' dir='ltr'>julii,</span> <span class='ocrx_word' id='word_1_954' title='bbox 1512 851 1594 881; x_wconf 68' lang='lat' dir='ltr'>dicto</span> <span class='ocrx_word' id='word_1_955' title='bbox 1609 851 1698 882; x_wconf 90' lang='lat' dir='ltr'>Anno</span> <span class='ocrx_word' id='word_1_956' title='bbox 1716 851 1872 882; x_wconf 83' lang='lat' dir='ltr'>Millelitno</span> <span class='ocrx_word' id='word_1_957' title='bbox 1890 852 2128 892; x_wconf 67' lang='lat' dir='ltr'>Quingeutefimo</span> <span class='ocrx_word' id='word_1_958' title='bbox 2149 854 2274 892; x_wconf 84' lang='lat' dir='ltr'>Tertio,</span> <span class='ocrx_word' id='word_1_959' title='bbox 2292 854 2357 892; x_wconf 85' lang='lat' dir='ltr'>sup-</span> 
     </span>
     <span class='ocr_line' id='line_1_109' title="bbox 1287 887 1687 928; baseline 0.01 -12"><span class='ocrx_word' id='word_1_960' title='bbox 1287 887 1356 917; x_wconf 83' lang='lat' dir='ltr'>leblt</span> <span class='ocrx_word' id='word_1_961' title='bbox 1374 888 1408 918; x_wconf 90' lang='lat'>&amp;</span> <span class='ocrx_word' id='word_1_962' title='bbox 1425 889 1530 919; x_wconf 81' lang='lat' dir='ltr'>realiter</span> <span class='ocrx_word' id='word_1_963' title='bbox 1546 889 1687 928; x_wconf 82' lang='lat' dir='ltr'>perficiet,</span> 
     </span>
    </p>

    <p class='ocr_par' dir='ltr' id='par_1_23' title="bbox 1287 925 2359 1198">
     <span class='ocr_line' id='line_1_110' title="bbox 1326 925 2355 969; baseline 0.007 -14"><span class='ocrx_word' id='word_1_964' title='bbox 1326 925 1365 956; x_wconf 88' lang='lat' dir='ltr'>Et</span> <span class='ocrx_word' id='word_1_965' title='bbox 1379 925 1437 964; x_wconf 86' lang='lat' dir='ltr'>ipsa</span> <span class='ocrx_word' id='word_1_966' title='bbox 1452 926 1538 958; x_wconf 86' lang='lat' dir='ltr'>Villas</span> <span class='ocrx_word' id='word_1_967' title='bbox 1549 952 1559 967; x_wconf 81' lang='lat'>‚</span> <span class='ocrx_word' id='word_1_968' title='bbox 1574 927 1736 966; x_wconf 84' lang='lat' dir='ltr'>Dominia,</span> <span class='ocrx_word' id='word_1_969' title='bbox 1754 928 1886 958; x_wconf 80' lang='lat' dir='ltr'>Maneria</span> <span class='ocrx_word' id='word_1_970' title='bbox 1898 951 1909 966; x_wconf 92' lang='lat'>,</span> <span class='ocrx_word' id='word_1_971' title='bbox 1933 929 2036 960; x_wconf 88' lang='lat' dir='ltr'>Terras</span> <span class='ocrx_word' id='word_1_972' title='bbox 2047 952 2057 967; x_wconf 89' lang='lat'>,</span> <span class='ocrx_word' id='word_1_973' title='bbox 2075 929 2204 969; x_wconf 81' lang='lat' dir='ltr'>Praedia,</span> <span class='ocrx_word' id='word_1_974' title='bbox 2222 931 2255 963; x_wconf 88' lang='lat'>&amp;</span> <span class='ocrx_word' id='word_1_975' title='bbox 2271 929 2355 962; x_wconf 83' lang='lat' dir='ltr'>Red-</span> 
     </span>
     <span class='ocr_line' id='line_1_111' title="bbox 1287 963 2357 1007; baseline 0.006 -13"><span class='ocrx_word' id='word_1_976' title='bbox 1287 963 1379 1003; x_wconf 90' lang='lat' dir='ltr'>ditus,</span> <span class='ocrx_word' id='word_1_977' title='bbox 1395 975 1460 1003; x_wconf 86' lang='lat' dir='ltr'>quae</span> <span class='ocrx_word' id='word_1_978' title='bbox 1477 966 1513 996; x_wconf 89' lang='lat' dir='ltr'>ad</span> <span class='ocrx_word' id='word_1_979' title='bbox 1527 966 1689 1005; x_wconf 75' lang='lat' dir='ltr'>hujusmodi</span> <span class='ocrx_word' id='word_1_980' title='bbox 1709 967 1950 1005; x_wconf 89' lang='lat' dir='ltr'>Supplementum</span> <span class='ocrx_word' id='word_1_981' title='bbox 1966 992 1975 1006; x_wconf 90' lang='lat'>,</span> <span class='ocrx_word' id='word_1_982' title='bbox 2000 977 2032 998; x_wconf 92' lang='lat' dir='ltr'>ut</span> <span class='ocrx_word' id='word_1_983' title='bbox 2053 969 2223 1006; x_wconf 68' lang='lat' dir='ltr'>praedistum</span> <span class='ocrx_word' id='word_1_984' title='bbox 2239 969 2296 1007; x_wconf 86' lang='lat' dir='ltr'>est,</span> <span class='ocrx_word' id='word_1_985' title='bbox 2314 981 2357 1000; x_wconf 86' lang='lat' dir='ltr'>as-</span> 
     </span>
     <span class='ocr_line' id='line_1_112' title="bbox 1288 1004 2357 1049; baseline 0.006 -15"><span class='ocrx_word' id='word_1_986' title='bbox 1288 1004 1422 1043; x_wconf 80' lang='lat' dir='ltr'>fignabit,</span> <span class='ocrx_word' id='word_1_987' title='bbox 1441 1005 1512 1035; x_wconf 88' lang='lat' dir='ltr'>citra</span> <span class='ocrx_word' id='word_1_988' title='bbox 1528 1005 1652 1035; x_wconf 90' lang='lat' dir='ltr'>eundem</span> <span class='ocrx_word' id='word_1_989' title='bbox 1669 1005 1966 1049; x_wconf 65' lang='lat' dir='ltr'>Qiiqtumdecimum</span> <span class='ocrx_word' id='word_1_990' title='bbox 1992 1005 2085 1036; x_wconf 76' lang='lat' dir='ltr'>Diem</span> <span class='ocrx_word' id='word_1_991' title='bbox 2099 1006 2168 1046; x_wconf 85' lang='lat' dir='ltr'>Julii</span> <span class='ocrx_word' id='word_1_992' title='bbox 2186 1007 2357 1048; x_wconf 60' lang='lat' dir='ltr'>supradicti,</span> 
     </span>
     <span class='ocr_line' id='line_1_113' title="bbox 1287 1042 2358 1084; baseline 0.006 -12"><span class='ocrx_word' id='word_1_993' title='bbox 1287 1042 1376 1072; x_wconf 87' lang='lat' dir='ltr'>Anno</span> <span class='ocrx_word' id='word_1_994' title='bbox 1392 1042 1517 1073; x_wconf 88' lang='lat' dir='ltr'>Domini</span> <span class='ocrx_word' id='word_1_995' title='bbox 1532 1043 1695 1074; x_wconf 81' lang='lat' dir='ltr'>Millesirno</span> <span class='ocrx_word' id='word_1_996' title='bbox 1711 1044 1954 1084; x_wconf 73' lang='lat' dir='ltr'>Quingentesirno</span> <span class='ocrx_word' id='word_1_997' title='bbox 1971 1044 2077 1075; x_wconf 88' lang='lat' dir='ltr'>Tertio</span> <span class='ocrx_word' id='word_1_998' title='bbox 2091 1067 2102 1082; x_wconf 88' lang='lat'>‚</span> <span class='ocrx_word' id='word_1_999' title='bbox 2125 1045 2211 1077; x_wconf 71' lang='lat' dir='ltr'>dietae</span> <span class='ocrx_word' id='word_1_1000' title='bbox 2227 1050 2358 1078; x_wconf 69' lang='lat' dir='ltr'>Dominae</span> 
     </span>
     <span class='ocr_line' id='line_1_114' title="bbox 1287 1081 2358 1124; baseline 0.001 -14"><span class='ocrx_word' id='word_1_1001' title='bbox 1287 1084 1460 1119; x_wconf 73' lang='lat' dir='ltr'>Margaretae</span> <span class='ocrx_word' id='word_1_1002' title='bbox 1487 1081 1522 1112; x_wconf 89' lang='lat' dir='ltr'>ad</span> <span class='ocrx_word' id='word_1_1003' title='bbox 1545 1082 1720 1113; x_wconf 83' lang='lat' dir='ltr'>Terminum</span> <span class='ocrx_word' id='word_1_1004' title='bbox 1745 1083 1817 1114; x_wconf 82' lang='lat' dir='ltr'>Vitae</span> <span class='ocrx_word' id='word_1_1005' title='bbox 1839 1083 1895 1113; x_wconf 75' lang='lat' dir='ltr'>suae</span> <span class='ocrx_word' id='word_1_1006' title='bbox 1906 1105 1916 1120; x_wconf 94' lang='lat'>,</span> <span class='ocrx_word' id='word_1_1007' title='bbox 1934 1084 1964 1115; x_wconf 84' lang='lat' dir='ltr'>in</span> <span class='ocrx_word' id='word_1_1008' title='bbox 1981 1083 2069 1114; x_wconf 83' lang='lat' dir='ltr'>Locis</span> <span class='ocrx_word' id='word_1_1009' title='bbox 2084 1083 2245 1124; x_wconf 79' lang='lat' dir='ltr'>praediCtis,</span> <span class='ocrx_word' id='word_1_1010' title='bbox 2261 1087 2358 1118; x_wconf 77' lang='lat' dir='ltr'>effica-</span> 
     </span>
     <span class='ocr_line' id='line_1_115' title="bbox 1287 1119 2359 1189; baseline 0.005 -38"><span class='ocrx_word' id='word_1_1011' title='bbox 1287 1121 1411 1189; x_wconf 48' lang='lat' dir='ltr'>cioinbus</span> <span class='ocrx_word' id='word_1_1012' title='bbox 1434 1119 1497 1151; x_wconf 87' lang='lat' dir='ltr'>Viis</span> <span class='ocrx_word' id='word_1_1013' title='bbox 1518 1122 1553 1153; x_wconf 63' lang='grc' dir='ltr'>ὃς</span> <span class='ocrx_word' id='word_1_1014' title='bbox 1576 1120 1683 1152; x_wconf 85' lang='lat' dir='ltr'>Mediis</span> <span class='ocrx_word' id='word_1_1015' title='bbox 1704 1122 1809 1160; x_wconf 85' lang='lat' dir='ltr'>quibus</span> <span class='ocrx_word' id='word_1_1016' title='bbox 1823 1121 1858 1153; x_wconf 86' lang='lat' dir='ltr'>de</span> <span class='ocrx_word' id='word_1_1017' title='bbox 1871 1122 1937 1160; x_wconf 89' lang='lat' dir='ltr'>jure</span> <span class='ocrx_word' id='word_1_1018' title='bbox 1951 1121 2011 1152; x_wconf 84' lang='lat' dir='ltr'>fieri</span> <span class='ocrx_word' id='word_1_1019' title='bbox 2029 1121 2130 1162; x_wconf 85' lang='lat' dir='ltr'>poffit,</span> <span class='ocrx_word' id='word_1_1020' title='bbox 2144 1122 2269 1156; x_wconf 84' lang='lat' dir='ltr'>dabit&amp;</span> <span class='ocrx_word' id='word_1_1021' title='bbox 2284 1135 2359 1158; x_wconf 88' lang='lat' dir='ltr'>con-</span> 
     </span>
     <span class='ocr_line' id='line_1_116' title="bbox 1287 1169 1386 1198; baseline 0 -8"><span class='ocrx_word' id='word_1_1022' title='bbox 1287 1169 1322 1190; x_wconf 90' lang='lat' dir='ltr'>ce</span> <span class='ocrx_word' id='word_1_1023' title='bbox 1343 1169 1386 1198; x_wconf 85' lang='lat' dir='ltr'>et,</span> 
     </span>
    </p>

    <p class='ocr_par' dir='ltr' id='par_1_24' title="bbox 1287 1197 2360 1433">
     <span class='ocr_line' id='line_1_117' title="bbox 1324 1197 2357 1240; baseline 0.005 -12"><span class='ocrx_word' id='word_1_1024' title='bbox 1324 1198 1474 1238; x_wconf 77' lang='lat' dir='ltr'>ipsamque</span> <span class='ocrx_word' id='word_1_1025' title='bbox 1490 1202 1639 1230; x_wconf 74' lang='lat' dir='ltr'>Dominam</span> <span class='ocrx_word' id='word_1_1026' title='bbox 1654 1202 1848 1238; x_wconf 73' lang='lat' dir='ltr'>margaretam</span> <span class='ocrx_word' id='word_1_1027' title='bbox 1871 1199 1915 1230; x_wconf 90' lang='lat' dir='ltr'>vel</span> <span class='ocrx_word' id='word_1_1028' title='bbox 1935 1199 1992 1238; x_wconf 80' lang='lat' dir='ltr'>ejus</span> <span class='ocrx_word' id='word_1_1029' title='bbox 2009 1197 2266 1240; x_wconf 81' lang='lat' dir='ltr'>Commiffarium,</span> <span class='ocrx_word' id='word_1_1030' title='bbox 2282 1200 2357 1234; x_wconf 50' lang='lat' dir='ltr'>Pro*</span> 
     </span>
     <span class='ocr_line' id='line_1_118' title="bbox 1287 1237 2359 1278; baseline 0.004 -10"><span class='ocrx_word' id='word_1_1031' title='bbox 1287 1247 1450 1270; x_wconf 86' lang='lat' dir='ltr'>curatorem</span> <span class='ocrx_word' id='word_1_1032' title='bbox 1467 1263 1475 1276; x_wconf 84' lang='lat'><strong>‚</strong></span> <span class='ocrx_word' id='word_1_1033' title='bbox 1505 1239 1550 1269; x_wconf 88' lang='lat' dir='ltr'>vel</span> <span class='ocrx_word' id='word_1_1034' title='bbox 1576 1238 1757 1276; x_wconf 86' lang='lat' dir='ltr'>Deputatutn</span> <span class='ocrx_word' id='word_1_1035' title='bbox 1773 1262 1783 1278; x_wconf 93' lang='lat'>,</span> <span class='ocrx_word' id='word_1_1036' title='bbox 1809 1237 2028 1270; x_wconf 74' lang='lat' dir='ltr'>Commissarios</span> <span class='ocrx_word' id='word_1_1037' title='bbox 2043 1261 2053 1276; x_wconf 87' lang='lat'><em>‚</em></span> <span class='ocrx_word' id='word_1_1038' title='bbox 2079 1237 2294 1278; x_wconf 75' lang='lat' dir='ltr'>Procuratores,</span> <span class='ocrx_word' id='word_1_1039' title='bbox 2311 1241 2359 1272; x_wconf 89' lang='lat' dir='ltr'>vel</span> 
     </span>
     <span class='ocr_line' id='line_1_119' title="bbox 1289 1276 2358 1316; baseline 0.004 -9"><span class='ocrx_word' id='word_1_1040' title='bbox 1289 1276 1467 1315; x_wconf 80' lang='lat' dir='ltr'>Deputatos,</span> <span class='ocrx_word' id='word_1_1041' title='bbox 1485 1288 1537 1315; x_wconf 84' lang='lat' dir='ltr'>pro</span> <span class='ocrx_word' id='word_1_1042' title='bbox 1552 1277 1714 1316; x_wconf 85' lang='lat' dir='ltr'>hujusmodi</span> <span class='ocrx_word' id='word_1_1043' title='bbox 1738 1276 1914 1308; x_wconf 76' lang='lat' dir='ltr'>possessione</span> <span class='ocrx_word' id='word_1_1044' title='bbox 1934 1276 2112 1315; x_wconf 85' lang='lat' dir='ltr'>adipiscenda</span> <span class='ocrx_word' id='word_1_1045' title='bbox 2125 1278 2296 1311; x_wconf 87' lang='lat' dir='ltr'>destinatum</span> <span class='ocrx_word' id='word_1_1046' title='bbox 2310 1278 2358 1310; x_wconf 79' lang='lat' dir='ltr'>vel</span> 
     </span>
     <span class='ocr_line' id='line_1_120' title="bbox 1287 1315 2360 1357; baseline 0.005 -12"><span class='ocrx_word' id='word_1_1047' title='bbox 1287 1315 1441 1346; x_wconf 73' lang='lat' dir='ltr'>destinatos</span> <span class='ocrx_word' id='word_1_1048' title='bbox 1454 1339 1464 1354; x_wconf 87' lang='lat'>,</span> <span class='ocrx_word' id='word_1_1049' title='bbox 1489 1317 1558 1346; x_wconf 84' lang='lat' dir='ltr'>citra</span> <span class='ocrx_word' id='word_1_1050' title='bbox 1575 1317 1701 1347; x_wconf 86' lang='lat' dir='ltr'>eundem</span> <span class='ocrx_word' id='word_1_1051' title='bbox 1726 1316 2021 1355; x_wconf 77' lang='lat' dir='ltr'>Quintumdecimum</span> <span class='ocrx_word' id='word_1_1052' title='bbox 2044 1315 2138 1347; x_wconf 88' lang='lat' dir='ltr'>Diem</span> <span class='ocrx_word' id='word_1_1053' title='bbox 2150 1316 2284 1357; x_wconf 82' lang='lat' dir='ltr'>Julii,·in</span> <span class='ocrx_word' id='word_1_1054' title='bbox 2299 1327 2360 1350; x_wconf 87' lang='lat' dir='ltr'>rea-</span> 
     </span>
     <span class='ocr_line' id='line_1_121' title="bbox 1287 1353 2356 1395; baseline 0.005 -11"><span class='ocrx_word' id='word_1_1055' title='bbox 1287 1354 1363 1395; x_wconf 74' lang='lat' dir='ltr'>lem,</span> <span class='ocrx_word' id='word_1_1056' title='bbox 1382 1354 1578 1393; x_wconf 78' lang='lat' dir='ltr'>corporalem,</span> <span class='ocrx_word' id='word_1_1057' title='bbox 1598 1355 1730 1393; x_wconf 77' lang='lat' dir='ltr'>plenam,</span> <span class='ocrx_word' id='word_1_1058' title='bbox 1748 1359 1783 1386; x_wconf 71' lang='grc' dir='ltr'>δε</span> <span class='ocrx_word' id='word_1_1059' title='bbox 1799 1355 1947 1394; x_wconf 70' lang='lat' dir='ltr'>pacificam</span> <span class='ocrx_word' id='word_1_1060' title='bbox 1963 1353 2169 1386; x_wconf 87' lang='lat' dir='ltr'>Posseffionem</span> <span class='ocrx_word' id='word_1_1061' title='bbox 2185 1357 2356 1389; x_wconf 88' lang='lat' dir='ltr'>eorumdem</span> 
     </span>
     <span class='ocr_line' id='line_1_122' title="bbox 1288 1392 2192 1433; baseline 0.003 -11"><span class='ocrx_word' id='word_1_1062' title='bbox 1288 1392 1473 1424; x_wconf 58' lang='lat' dir='ltr'>effectualiter</span> <span class='ocrx_word' id='word_1_1063' title='bbox 1489 1395 1581 1424; x_wconf 85' lang='lat' dir='ltr'>mittet</span> <span class='ocrx_word' id='word_1_1064' title='bbox 1596 1395 1630 1425; x_wconf 91' lang='lat'>&amp;</span> <span class='ocrx_word' id='word_1_1065' title='bbox 1648 1393 1782 1433; x_wconf 88' lang='lat' dir='ltr'>inducet,</span> <span class='ocrx_word' id='word_1_1066' title='bbox 1801 1395 1914 1425; x_wconf 87' lang='lat' dir='ltr'>mittive</span> <span class='ocrx_word' id='word_1_1067' title='bbox 1929 1394 1963 1426; x_wconf 71' lang='grc' dir='ltr'>ὃ(</span> <span class='ocrx_word' id='word_1_1068' title='bbox 1979 1394 2076 1424; x_wconf 91' lang='lat' dir='ltr'>induci</span> <span class='ocrx_word' id='word_1_1069' title='bbox 2089 1393 2173 1426; x_wconf 76' lang='lat' dir='ltr'>faciet</span> <span class='ocrx_word' id='word_1_1070' title='bbox 2185 1420 2192 1428; x_wconf 85' lang='lat'>.</span> 
     </span>
    </p>

    <p class='ocr_par' dir='ltr' id='par_1_25' title="bbox 1287 1426 2371 1733">
     <span class='ocr_line' id='line_1_123' title="bbox 1327 1426 2371 1471; baseline 0.006 -10"><span class='ocrx_word' id='word_1_1071' title='bbox 1327 1432 1373 1462; x_wconf 71' lang='lat' dir='ltr'>At:</span> <span class='ocrx_word' id='word_1_1072' title='bbox 1390 1434 1476 1463; x_wconf 90' lang='lat' dir='ltr'>etiam</span> <span class='ocrx_word' id='word_1_1073' title='bbox 1491 1432 1571 1470; x_wconf 70' lang='lat' dir='ltr'>quod</span> <span class='ocrx_word' id='word_1_1074' title='bbox 1589 1432 1664 1463; x_wconf 72' lang='lat' dir='ltr'>dicta</span> <span class='ocrx_word' id='word_1_1075' title='bbox 1679 1435 1800 1462; x_wconf 78' lang='lat' dir='ltr'>Domina</span> <span class='ocrx_word' id='word_1_1076' title='bbox 1814 1435 1979 1471; x_wconf 70' lang='lat' dir='ltr'>Margaret‘a</span> <span class='ocrx_word' id='word_1_1077' title='bbox 1993 1433 2092 1462; x_wconf 90' lang='lat' dir='ltr'>omnia</span> <span class='ocrx_word' id='word_1_1078' title='bbox 2109 1434 2142 1464; x_wconf 90' lang='lat'>&amp;</span> <span class='ocrx_word' id='word_1_1079' title='bbox 2159 1433 2266 1471; x_wconf 81' lang='lat' dir='ltr'>sing-ula</span> <span class='ocrx_word' id='word_1_1080' title='bbox 2281 1426 2371 1467; x_wconf 65' lang='lat' dir='ltr'>Prae-⁹</span> 
     </span>
     <span class='ocr_line' id='line_1_124' title="bbox 1289 1469 2361 1511; baseline 0.006 -11"><span class='ocrx_word' id='word_1_1081' title='bbox 1289 1470 1369 1501; x_wconf 77' lang='lat' dir='ltr'>miffa</span> <span class='ocrx_word' id='word_1_1082' title='bbox 1385 1495 1394 1507; x_wconf 81' lang='lat'>,</span> <span class='ocrx_word' id='word_1_1083' title='bbox 1418 1471 1468 1501; x_wconf 81' lang='lat' dir='ltr'>sibi</span> <span class='ocrx_word' id='word_1_1084' title='bbox 1487 1472 1515 1500; x_wconf 90' lang='lat' dir='ltr'>in</span> <span class='ocrx_word' id='word_1_1085' title='bbox 1533 1470 1732 1502; x_wconf 90' lang='lat' dir='ltr'>Donationem</span> <span class='ocrx_word' id='word_1_1086' title='bbox 1753 1481 1868 1509; x_wconf 88' lang='lat' dir='ltr'>propter</span> <span class='ocrx_word' id='word_1_1087' title='bbox 1891 1472 2016 1508; x_wconf 83' lang='lat' dir='ltr'>Nuptias</span> <span class='ocrx_word' id='word_1_1088' title='bbox 2035 1469 2148 1502; x_wconf 83' lang='lat' dir='ltr'>Collata</span> <span class='ocrx_word' id='word_1_1089' title='bbox 2160 1496 2172 1511; x_wconf 90' lang='lat'>,</span> <span class='ocrx_word' id='word_1_1090' title='bbox 2195 1473 2253 1504; x_wconf 82' lang='lat' dir='ltr'>fine</span> <span class='ocrx_word' id='word_1_1091' title='bbox 2272 1474 2361 1506; x_wconf 90' lang='lat' dir='ltr'>dimi-</span> 
     </span>
     <span class='ocr_line' id='line_1_125' title="bbox 1289 1509 2358 1554; baseline 0.006 -15"><span class='ocrx_word' id='word_1_1092' title='bbox 1289 1512 1407 1540; x_wconf 80' lang='lat' dir='ltr'>nutione</span> <span class='ocrx_word' id='word_1_1093' title='bbox 1423 1519 1470 1540; x_wconf 90' lang='lat' dir='ltr'>aut</span> <span class='ocrx_word' id='word_1_1094' title='bbox 1487 1511 1670 1541; x_wconf 85' lang='lat' dir='ltr'>revocatione</span> <span class='ocrx_word' id='word_1_1095' title='bbox 1683 1533 1692 1548; x_wconf 93' lang='lat'>,</span> <span class='ocrx_word' id='word_1_1096' title='bbox 1719 1510 1898 1541; x_wconf 74' lang='lat' dir='ltr'>AuCtoritate</span> <span class='ocrx_word' id='word_1_1097' title='bbox 1920 1509 2099 1540; x_wconf 78' lang='lat' dir='ltr'>Parliamenri</span> <span class='ocrx_word' id='word_1_1098' title='bbox 2117 1511 2214 1551; x_wconf 79' lang='lat' dir='ltr'>Regni</span> <span class='ocrx_word' id='word_1_1099' title='bbox 2232 1512 2358 1554; x_wconf 84' lang='lat' dir='ltr'>Scoriae,</span> 
     </span>
     <span class='ocr_line' id='line_1_126' title="bbox 1288 1547 2358 1590; baseline 0.005 -12"><span class='ocrx_word' id='word_1_1100' title='bbox 1288 1549 1335 1590; x_wconf 78' lang='lat' dir='ltr'>vel</span> <span class='ocrx_word' id='word_1_1101' title='bbox 1348 1548 1404 1578; x_wconf 88' lang='lat' dir='ltr'>alio</span> <span class='ocrx_word' id='word_1_1102' title='bbox 1421 1548 1527 1586; x_wconf 87' lang='lat' dir='ltr'>modo,</span> <span class='ocrx_word' id='word_1_1103' title='bbox 1547 1558 1594 1579; x_wconf 86' lang='lat' dir='ltr'>aut</span> <span class='ocrx_word' id='word_1_1104' title='bbox 1611 1550 1712 1587; x_wconf 82' lang='lat' dir='ltr'>quovis</span> <span class='ocrx_word' id='word_1_1105' title='bbox 1731 1549 1849 1586; x_wconf 80' lang='lat' dir='ltr'>quaesito</span> <span class='ocrx_word' id='word_1_1106' title='bbox 1868 1548 1988 1587; x_wconf 87' lang='lat' dir='ltr'>colore,</span> <span class='ocrx_word' id='word_1_1107' title='bbox 2005 1547 2155 1588; x_wconf 84' lang='lat' dir='ltr'>faciendis,</span> <span class='ocrx_word' id='word_1_1108' title='bbox 2174 1551 2234 1581; x_wconf 69' lang='lat' dir='ltr'>‘tam</span> <span class='ocrx_word' id='word_1_1109' title='bbox 2247 1552 2276 1582; x_wconf 92' lang='lat' dir='ltr'>in</span> <span class='ocrx_word' id='word_1_1110' title='bbox 2292 1551 2358 1584; x_wconf 82' lang='lat' dir='ltr'>Vita</span> 
     </span>
     <span class='ocr_line' id='line_1_127' title="bbox 1287 1586 2357 1630; baseline 0.006 -14"><span class='ocrx_word' id='word_1_1111' title='bbox 1287 1587 1369 1624; x_wconf 73' lang='lat' dir='ltr'>ipilus</span> <span class='ocrx_word' id='word_1_1112' title='bbox 1387 1586 1513 1617; x_wconf 86' lang='lat' dir='ltr'>Domini</span> <span class='ocrx_word' id='word_1_1113' title='bbox 1530 1586 1633 1625; x_wconf 82' lang='lat' dir='ltr'>Jacohi</span> <span class='ocrx_word' id='word_1_1114' title='bbox 1646 1590 1726 1625; x_wconf 81' lang='lat' dir='ltr'>Regis</span> <span class='ocrx_word' id='word_1_1115' title='bbox 1741 1590 1876 1617; x_wconf 83' lang='lat' dir='ltr'>Scotorum</span> <span class='ocrx_word' id='word_1_1116' title='bbox 1891 1589 1979 1624; x_wconf 65' lang='lat' dir='ltr'>quam</span> <span class='ocrx_word' id='word_1_1117' title='bbox 1998 1587 2063 1625; x_wconf 85' lang='lat' dir='ltr'>post</span> <span class='ocrx_word' id='word_1_1118' title='bbox 2073 1586 2206 1619; x_wconf 90' lang='lat' dir='ltr'>Mortem</span> <span class='ocrx_word' id='word_1_1119' title='bbox 2220 1589 2357 1630; x_wconf 73' lang='lat' dir='ltr'>ejusdem,</span> 
     </span>
     <span class='ocr_line' id='line_1_128' title="bbox 1287 1625 2360 1668; baseline 0.005 -13"><span class='ocrx_word' id='word_1_1120' title='bbox 1287 1627 1405 1656; x_wconf 72' lang='lat' dir='ltr'>durante</span> <span class='ocrx_word' id='word_1_1121' title='bbox 1420 1625 1487 1656; x_wconf 74' lang='lat' dir='ltr'>Vita</span> <span class='ocrx_word' id='word_1_1122' title='bbox 1506 1626 1627 1663; x_wconf 88' lang='lat' dir='ltr'>ejusdem</span> <span class='ocrx_word' id='word_1_1123' title='bbox 1645 1627 1771 1656; x_wconf 81' lang='lat' dir='ltr'>Dominae</span> <span class='ocrx_word' id='word_1_1124' title='bbox 1790 1628 1963 1664; x_wconf 73' lang='lat' dir='ltr'>Margaretae</span> <span class='ocrx_word' id='word_1_1125' title='bbox 1981 1627 2117 1665; x_wconf 84' lang='lat' dir='ltr'>naturali,</span> <span class='ocrx_word' id='word_1_1126' title='bbox 2135 1627 2192 1658; x_wconf 85' lang='lat' dir='ltr'>sine</span> <span class='ocrx_word' id='word_1_1127' title='bbox 2208 1627 2360 1668; x_wconf 77' lang='lat' dir='ltr'>Expulfio-</span> 
     </span>
     <span class='ocr_line' id='line_1_129' title="bbox 1288 1663 2360 1733; baseline 0.007 -41"><span class='ocrx_word' id='word_1_1128' title='bbox 1288 1663 1570 1733; x_wconf 24' lang='lat' dir='ltr'>15egtlntenruptione</span> <span class='ocrx_word' id='word_1_1129' title='bbox 1583 1688 1595 1705; x_wconf 91' lang='lat'>,</span> <span class='ocrx_word' id='word_1_1130' title='bbox 1620 1663 1862 1696; x_wconf 71' lang='lat' dir='ltr'>Contradifflonc</span> <span class='ocrx_word' id='word_1_1131' title='bbox 1881 1670 2052 1703; x_wconf 76' lang='lat' dir='ltr'>quacunque</span> <span class='ocrx_word' id='word_1_1132' title='bbox 2067 1688 2077 1702; x_wconf 88' lang='lat'><strong><em>‚</em></strong></span> <span class='ocrx_word' id='word_1_1133' title='bbox 2100 1666 2207 1698; x_wconf 85' lang='lat' dir='ltr'>tenebit</span> <span class='ocrx_word' id='word_1_1134' title='bbox 2223 1667 2257 1698; x_wconf 70' lang='grc' dir='ltr'>δε</span> <span class='ocrx_word' id='word_1_1135' title='bbox 2272 1668 2360 1706; x_wconf 80' lang='lat' dir='ltr'>poffi-</span> 
     </span>
    </p>

    <p class='ocr_par' dir='ltr' id='par_1_26' title="bbox 1311 1712 1383 1741">
     <span class='ocr_line' id='line_1_130' title="bbox 1311 1712 1383 1741; baseline 0.014 -8"><span class='ocrx_word' id='word_1_1136' title='bbox 1311 1713 1324 1733; x_wconf 81' lang='lat' dir='ltr'>e</span> <span class='ocrx_word' id='word_1_1137' title='bbox 1348 1712 1383 1741; x_wconf 61' lang='grc' dir='ltr'>ιτς</span> 
     </span>
    </p>

    <p class='ocr_par' dir='ltr' id='par_1_27' title="bbox 1289 1740 2362 1974">
     <span class='ocr_line' id='line_1_131' title="bbox 1327 1740 2360 1780; baseline 0.003 -8"><span class='ocrx_word' id='word_1_1138' title='bbox 1327 1741 1449 1772; x_wconf 90' lang='lat' dir='ltr'>Proviso</span> <span class='ocrx_word' id='word_1_1139' title='bbox 1467 1742 1550 1780; x_wconf 75' lang='lat' dir='ltr'>quod</span> <span class='ocrx_word' id='word_1_1140' title='bbox 1568 1741 1660 1772; x_wconf 68' lang='lat' dir='ltr'>dietus</span> <span class='ocrx_word' id='word_1_1141' title='bbox 1679 1740 1828 1771; x_wconf 76' lang='lat' dir='ltr'>Dominus</span> <span class='ocrx_word' id='word_1_1142' title='bbox 1871 1741 1967 1771; x_wconf 76' lang='lat' dir='ltr'>acobus</span> <span class='ocrx_word' id='word_1_1143' title='bbox 1983 1743 2043 1770; x_wconf 79' lang='lat' dir='ltr'>Rex</span> <span class='ocrx_word' id='word_1_1144' title='bbox 2060 1744 2196 1772; x_wconf 75' lang='lat' dir='ltr'>Scotorum</span> <span class='ocrx_word' id='word_1_1145' title='bbox 2209 1753 2312 1775; x_wconf 83' lang='lat' dir='ltr'>omnes</span> <span class='ocrx_word' id='word_1_1146' title='bbox 2325 1745 2360 1777; x_wconf 88' lang='lat'>&amp;</span> 
     </span>
     <span class='ocr_line' id='line_1_132' title="bbox 1289 1780 2362 1824; baseline 0.004 -13"><span class='ocrx_word' id='word_1_1147' title='bbox 1289 1781 1414 1818; x_wconf 82' lang='lat' dir='ltr'>fingulos</span> <span class='ocrx_word' id='word_1_1148' title='bbox 1433 1780 1572 1811; x_wconf 83' lang='lat' dir='ltr'>Redditus</span> <span class='ocrx_word' id='word_1_1149' title='bbox 1588 1803 1598 1818; x_wconf 96' lang='lat'>,</span> <span class='ocrx_word' id='word_1_1150' title='bbox 1624 1780 1743 1810; x_wconf 62' lang='lat' dir='ltr'>fruetus</span> <span class='ocrx_word' id='word_1_1151' title='bbox 1758 1802 1769 1818; x_wconf 95' lang='lat'>,</span> <span class='ocrx_word' id='word_1_1152' title='bbox 1790 1781 1824 1810; x_wconf 66' lang='grc' dir='ltr'>ὅτ.</span> <span class='ocrx_word' id='word_1_1153' title='bbox 1869 1788 2005 1810; x_wconf 84' lang='lat' dir='ltr'>roventus</span> <span class='ocrx_word' id='word_1_1154' title='bbox 2017 1801 2028 1816; x_wconf 92' lang='lat'>,</span> <span class='ocrx_word' id='word_1_1155' title='bbox 2053 1788 2088 1809; x_wconf 83' lang='lat' dir='ltr'>ex</span> <span class='ocrx_word' id='word_1_1156' title='bbox 2103 1781 2244 1818; x_wconf 73' lang='lat' dir='ltr'>praedistis</span> <span class='ocrx_word' id='word_1_1157' title='bbox 2262 1783 2362 1824; x_wconf 88' lang='lat' dir='ltr'>Villis,</span> 
     </span>
     <span class='ocr_line' id='line_1_133' title="bbox 1290 1817 2361 1858; baseline 0.003 -8"><span class='ocrx_word' id='word_1_1158' title='bbox 1290 1819 1457 1857; x_wconf 89' lang='lat' dir='ltr'>Dominiis,</span> <span class='ocrx_word' id='word_1_1159' title='bbox 1476 1818 1632 1858; x_wconf 76' lang='lat' dir='ltr'>Maneriis,</span> <span class='ocrx_word' id='word_1_1160' title='bbox 1649 1819 1766 1857; x_wconf 88' lang='lat' dir='ltr'>Terris,</span> <span class='ocrx_word' id='word_1_1161' title='bbox 1783 1818 1918 1855; x_wconf 77' lang='lat' dir='ltr'>Praediis,</span> <span class='ocrx_word' id='word_1_1162' title='bbox 1937 1818 1970 1848; x_wconf 76' lang='grc' dir='ltr'>δε</span> <span class='ocrx_word' id='word_1_1163' title='bbox 1989 1817 2160 1850; x_wconf 84' lang='lat' dir='ltr'>Redditibus</span> <span class='ocrx_word' id='word_1_1164' title='bbox 2173 1841 2183 1858; x_wconf 92' lang='lat'>,</span> <span class='ocrx_word' id='word_1_1165' title='bbox 2201 1830 2236 1851; x_wconf 79' lang='lat' dir='ltr'>ex</span> <span class='ocrx_word' id='word_1_1166' title='bbox 2255 1820 2361 1854; x_wconf 89' lang='lat' dir='ltr'>Dona-</span> 
     </span>
     <span class='ocr_line' id='line_1_134' title="bbox 1290 1857 2362 1896; baseline 0.003 -7"><span class='ocrx_word' id='word_1_1167' title='bbox 1290 1860 1368 1889; x_wconf 87' lang='lat' dir='ltr'>tione</span> <span class='ocrx_word' id='word_1_1168' title='bbox 1394 1868 1509 1896; x_wconf 85' lang='lat' dir='ltr'>propter</span> <span class='ocrx_word' id='word_1_1169' title='bbox 1534 1858 1661 1896; x_wconf 80' lang='lat' dir='ltr'>Nuptias</span> <span class='ocrx_word' id='word_1_1170' title='bbox 1686 1857 1778 1888; x_wconf 83' lang='lat' dir='ltr'>eidem</span> <span class='ocrx_word' id='word_1_1171' title='bbox 1800 1859 1926 1886; x_wconf 77' lang='lat' dir='ltr'>Dominae</span> <span class='ocrx_word' id='word_1_1172' title='bbox 1945 1858 2116 1894; x_wconf 77' lang='lat' dir='ltr'>Margaretae</span> <span class='ocrx_word' id='word_1_1173' title='bbox 2162 1866 2193 1888; x_wconf 92' lang='lat' dir='ltr'>ut</span> <span class='ocrx_word' id='word_1_1174' title='bbox 2212 1861 2362 1896; x_wconf 75' lang='lat' dir='ltr'>praemitti·</span> 
     </span>
     <span class='ocr_line' id='line_1_135' title="bbox 1290 1895 2362 1936; baseline 0.004 -9"><span class='ocrx_word' id='word_1_1175' title='bbox 1290 1906 1353 1934; x_wconf 89' lang='lat' dir='ltr'>tur,</span> <span class='ocrx_word' id='word_1_1176' title='bbox 1370 1897 1467 1928; x_wconf 83' lang='lat' dir='ltr'>dandis</span> <span class='ocrx_word' id='word_1_1177' title='bbox 1484 1897 1517 1928; x_wconf 90' lang='lat'>&amp;</span> <span class='ocrx_word' id='word_1_1178' title='bbox 1535 1895 1700 1936; x_wconf 75' lang='lat' dir='ltr'>assignandis</span> <span class='ocrx_word' id='word_1_1179' title='bbox 1715 1919 1726 1934; x_wconf 90' lang='lat'>,</span> <span class='ocrx_word' id='word_1_1180' title='bbox 1750 1897 1950 1935; x_wconf 73' lang='lat' dir='ltr'>provenientes</span> <span class='ocrx_word' id='word_1_1181' title='bbox 1963 1917 1974 1933; x_wconf 90' lang='lat'>‚</span> <span class='ocrx_word' id='word_1_1182' title='bbox 1991 1896 2110 1927; x_wconf 83' lang='lat' dir='ltr'>durante</span> <span class='ocrx_word' id='word_1_1183' title='bbox 2157 1895 2197 1927; x_wconf 74' lang='lat' dir='ltr'>ita</span> <span class='ocrx_word' id='word_1_1184' title='bbox 2215 1897 2262 1928; x_wconf 71' lang='lat' dir='ltr'>sua</span> <span class='ocrx_word' id='word_1_1185' title='bbox 2280 1908 2362 1931; x_wconf 88' lang='lat' dir='ltr'>natu-</span> 
     </span>
     <span class='ocr_line' id='line_1_136' title="bbox 1291 1936 1721 1974; baseline -0.007 -7"><span class='ocrx_word' id='word_1_1186' title='bbox 1291 1937 1361 1974; x_wconf 88' lang='lat' dir='ltr'>rali,</span> <span class='ocrx_word' id='word_1_1187' title='bbox 1379 1937 1516 1974; x_wconf 88' lang='lat' dir='ltr'>percipiet</span> <span class='ocrx_word' id='word_1_1188' title='bbox 1535 1937 1569 1968; x_wconf 69' lang='grc' dir='ltr'>δ(</span> <span class='ocrx_word' id='word_1_1189' title='bbox 1587 1936 1721 1973; x_wconf 81' lang='lat' dir='ltr'>habebit,</span> 
     </span>
    </p>

    <p class='ocr_par' dir='ltr' id='par_1_28' title="bbox 1285 1971 2360 2208">
     <span class='ocr_line' id='line_1_137' title="bbox 1327 1971 2360 2014; baseline 0.004 -9"><span class='ocrx_word' id='word_1_1190' title='bbox 1327 1975 1476 2014; x_wconf 82' lang='lat' dir='ltr'>Qodque</span> <span class='ocrx_word' id='word_1_1191' title='bbox 1495 1975 1572 2005; x_wconf 85' lang='lat' dir='ltr'>idem</span> <span class='ocrx_word' id='word_1_1192' title='bbox 1589 1973 1738 2005; x_wconf 86' lang='lat' dir='ltr'>Dominus</span> <span class='ocrx_word' id='word_1_1193' title='bbox 1755 1971 1878 2011; x_wconf 80' lang='lat' dir='ltr'>Jacobus</span> <span class='ocrx_word' id='word_1_1194' title='bbox 1894 1975 2030 2003; x_wconf 86' lang='lat' dir='ltr'>Scotorum</span> <span class='ocrx_word' id='word_1_1195' title='bbox 2046 1975 2107 2003; x_wconf 78' lang='lat' dir='ltr'>Rex</span> <span class='ocrx_word' id='word_1_1196' title='bbox 2127 1996 2137 2012; x_wconf 94' lang='lat'>,</span> <span class='ocrx_word' id='word_1_1197' title='bbox 2156 1972 2272 2007; x_wconf 80' lang='lat' dir='ltr'>durante</span> <span class='ocrx_word' id='word_1_1198' title='bbox 2291 1974 2360 2009; x_wconf 65' lang='lat' dir='ltr'>Vita</span> 
     </span>
     <span class='ocr_line' id='line_1_138' title="bbox 1289 2011 2357 2052; baseline 0.002 -10"><span class='ocrx_word' id='word_1_1199' title='bbox 1289 2012 1338 2044; x_wconf 72' lang='lat' dir='ltr'>sua</span> <span class='ocrx_word' id='word_1_1200' title='bbox 1356 2015 1493 2052; x_wconf 82' lang='lat' dir='ltr'>naturali,</span> <span class='ocrx_word' id='word_1_1201' title='bbox 1511 2013 1675 2051; x_wconf 86' lang='lat' dir='ltr'>Sumptibus</span> <span class='ocrx_word' id='word_1_1202' title='bbox 1694 2013 1728 2044; x_wconf 75' lang='grc' dir='ltr'>δε</span> <span class='ocrx_word' id='word_1_1203' title='bbox 1743 2011 1879 2049; x_wconf 79' lang='lat' dir='ltr'>Expenlis</span> <span class='ocrx_word' id='word_1_1204' title='bbox 1897 2011 1968 2050; x_wconf 86' lang='lat' dir='ltr'>suis,</span> <span class='ocrx_word' id='word_1_1205' title='bbox 1986 2011 2112 2050; x_wconf 86' lang='lat' dir='ltr'>praefatae</span> <span class='ocrx_word' id='word_1_1206' title='bbox 2130 2015 2255 2043; x_wconf 78' lang='lat' dir='ltr'>Dominae</span> <span class='ocrx_word' id='word_1_1207' title='bbox 2273 2018 2357 2044; x_wconf 82' lang='lat' dir='ltr'>Mar-</span> 
     </span>
     <span class='ocr_line' id='line_1_139' title="bbox 1285 2049 2357 2090; baseline 0.002 -8"><span class='ocrx_word' id='word_1_1208' title='bbox 1285 2059 1390 2089; x_wconf 85' lang='lat' dir='ltr'>garetae</span> <span class='ocrx_word' id='word_1_1209' title='bbox 1405 2055 1502 2083; x_wconf 87' lang='lat' dir='ltr'>omnia</span> <span class='ocrx_word' id='word_1_1210' title='bbox 1519 2053 1553 2084; x_wconf 68' lang='grc' dir='ltr'>ὃς</span> <span class='ocrx_word' id='word_1_1211' title='bbox 1573 2052 1593 2083; x_wconf 75' lang='lat' dir='ltr'>si</span> <span class='ocrx_word' id='word_1_1212' title='bbox 1634 2052 1694 2090; x_wconf 85' lang='lat' dir='ltr'>ula,</span> <span class='ocrx_word' id='word_1_1213' title='bbox 1712 2060 1777 2090; x_wconf 85' lang='lat' dir='ltr'>quae</span> <span class='ocrx_word' id='word_1_1214' title='bbox 1797 2051 1832 2081; x_wconf 91' lang='lat' dir='ltr'>ad</span> <span class='ocrx_word' id='word_1_1215' title='bbox 1852 2050 2028 2089; x_wconf 83' lang='lat' dir='ltr'>Apparatum</span> <span class='ocrx_word' id='word_1_1216' title='bbox 2047 2049 2190 2089; x_wconf 83' lang='lat' dir='ltr'>Corporis</span> <span class='ocrx_word' id='word_1_1217' title='bbox 2207 2052 2247 2083; x_wconf 87' lang='lat' dir='ltr'>sui</span> <span class='ocrx_word' id='word_1_1218' title='bbox 2261 2077 2270 2090; x_wconf 84' lang='lat'><strong>‚</strong></span> <span class='ocrx_word' id='word_1_1219' title='bbox 2297 2054 2357 2084; x_wconf 83' lang='lat' dir='ltr'>Or-</span> 
     </span>
     <span class='ocr_line' id='line_1_140' title="bbox 1289 2088 2357 2131; baseline 0.002 -11"><span class='ocrx_word' id='word_1_1220' title='bbox 1289 2100 1387 2122; x_wconf 85' lang='lat' dir='ltr'>natum</span> <span class='ocrx_word' id='word_1_1221' title='bbox 1408 2091 1581 2122; x_wconf 88' lang='lat' dir='ltr'>Domorum</span> <span class='ocrx_word' id='word_1_1222' title='bbox 1611 2100 1728 2128; x_wconf 88' lang='lat' dir='ltr'>uarum,</span> <span class='ocrx_word' id='word_1_1223' title='bbox 1744 2088 1903 2128; x_wconf 64' lang='lat' dir='ltr'>vecturas,</span> <span class='ocrx_word' id='word_1_1224' title='bbox 1923 2088 2089 2128; x_wconf 78' lang='lat' dir='ltr'>Equitatus,</span> <span class='ocrx_word' id='word_1_1225' title='bbox 2105 2091 2336 2128; x_wconf 65' lang='lat' dir='ltr'>Suppelleetilem</span> <span class='ocrx_word' id='word_1_1226' title='bbox 2346 2115 2357 2131; x_wconf 92' lang='lat'>,</span> 
     </span>
     <span class='ocr_line' id='line_1_141' title="bbox 1288 2127 2359 2169; baseline 0.002 -9"><span class='ocrx_word' id='word_1_1227' title='bbox 1288 2129 1429 2161; x_wconf 84' lang='lat' dir='ltr'>Utenfilia</span> <span class='ocrx_word' id='word_1_1228' title='bbox 1440 2154 1449 2169; x_wconf 95' lang='lat'>,</span> <span class='ocrx_word' id='word_1_1229' title='bbox 1467 2129 1609 2168; x_wconf 71' lang='lat' dir='ltr'>Victum,</span> <span class='ocrx_word' id='word_1_1230' title='bbox 1629 2131 1663 2161; x_wconf 88' lang='lat'>&amp;</span> <span class='ocrx_word' id='word_1_1231' title='bbox 1681 2127 1824 2161; x_wconf 86' lang='lat' dir='ltr'>Vestitum</span> <span class='ocrx_word' id='word_1_1232' title='bbox 1842 2127 1906 2167; x_wconf 87' lang='lat' dir='ltr'>sua,</span> <span class='ocrx_word' id='word_1_1233' title='bbox 1923 2139 1956 2159; x_wconf 88' lang='lat' dir='ltr'>ac</span> <span class='ocrx_word' id='word_1_1234' title='bbox 1975 2128 2052 2159; x_wconf 86' lang='lat' dir='ltr'>Rem</span> <span class='ocrx_word' id='word_1_1235' title='bbox 2068 2129 2235 2160; x_wconf 83' lang='lat' dir='ltr'>familiarem</span> <span class='ocrx_word' id='word_1_1236' title='bbox 2254 2130 2288 2161; x_wconf 90' lang='lat'>&amp;</span> <span class='ocrx_word' id='word_1_1237' title='bbox 2305 2131 2359 2162; x_wconf 89' lang='lat' dir='ltr'>do-</span> 
     </span>
     <span class='ocr_line' id='line_1_142' title="bbox 1288 2166 2358 2208; baseline 0.003 -10"><span class='ocrx_word' id='word_1_1238' title='bbox 1288 2168 1437 2200; x_wconf 80' lang='lat' dir='ltr'>mesticam</span> <span class='ocrx_word' id='word_1_1239' title='bbox 1453 2192 1463 2208; x_wconf 82' lang='lat'>,</span> <span class='ocrx_word' id='word_1_1240' title='bbox 1481 2170 1514 2200; x_wconf 74' lang='grc' dir='ltr'>δε</span> <span class='ocrx_word' id='word_1_1241' title='bbox 1533 2170 1595 2200; x_wconf 70' lang='lat' dir='ltr'>alias</span> <span class='ocrx_word' id='word_1_1242' title='bbox 1616 2167 1673 2198; x_wconf 80' lang='lat' dir='ltr'>Res</span> <span class='ocrx_word' id='word_1_1243' title='bbox 1692 2167 1903 2207; x_wconf 82' lang='lat' dir='ltr'>quascumque,</span> <span class='ocrx_word' id='word_1_1244' title='bbox 1923 2167 2082 2198; x_wconf 73' lang='lat' dir='ltr'>secundum</span> <span class='ocrx_word' id='word_1_1245' title='bbox 2102 2166 2257 2200; x_wconf 86' lang='lat' dir='ltr'>Honorem</span> <span class='ocrx_word' id='word_1_1246' title='bbox 2269 2193 2279 2206; x_wconf 86' lang='lat'>‚</span> <span class='ocrx_word' id='word_1_1247' title='bbox 2294 2169 2358 2201; x_wconf 88' lang='lat' dir='ltr'>Sta-</span> 
     </span>
    </p>
   </div>
   <div class='ocr_carea' id='block_1_13' title="bbox 1289 2206 2385 2251">
    <p class='ocr_par' dir='ltr' id='par_1_29' title="bbox 1289 2206 2385 2251">
     <span class='ocr_line' id='line_1_143' title="bbox 1289 2206 2385 2251; baseline 0 -13"><span class='ocrx_word' id='word_1_1248' title='bbox 1289 2215 1371 2246; x_wconf 86' lang='lat' dir='ltr'>tum,</span> <span class='ocrx_word' id='word_1_1249' title='bbox 1390 2208 1540 2251; x_wconf 78' lang='lat' dir='ltr'>Gradum‚</span> <span class='ocrx_word' id='word_1_1250' title='bbox 1561 2209 1595 2240; x_wconf 69' lang='grc' dir='ltr'>δε</span> <span class='ocrx_word' id='word_1_1251' title='bbox 1617 2207 1793 2246; x_wconf 85' lang='lat' dir='ltr'>Dignitatem</span> <span class='ocrx_word' id='word_1_1252' title='bbox 1811 2206 1934 2246; x_wconf 81' lang='lat' dir='ltr'>ejusdem</span> <span class='ocrx_word' id='word_1_1253' title='bbox 1953 2208 2080 2236; x_wconf 64' lang='lat' dir='ltr'>Domine</span> <span class='ocrx_word' id='word_1_1254' title='bbox 2097 2209 2288 2247; x_wconf 75' lang='lat' dir='ltr'>Margaretae,</span> <span class='ocrx_word' id='word_1_1255' title='bbox 2308 2219 2360 2240; x_wconf 85' lang='lat' dir='ltr'>ne·</span> <span class='ocrx_word' id='word_1_1256' title='bbox 2382 2220 2385 2223; x_wconf 94' lang='lat'>·</span> 
     </span>
    </p>
   </div>
   <div class='ocr_carea' id='block_1_14' title="bbox 1287 2245 2361 2941">
    <p class='ocr_par' dir='ltr' id='par_1_30' title="bbox 1287 2245 2361 2673">
     <span class='ocr_line' id='line_1_144' title="bbox 1289 2245 2360 2284; baseline 0.002 -8"><span class='ocrx_word' id='word_1_1257' title='bbox 1289 2246 1401 2277; x_wconf 74' lang='lat' dir='ltr'>cessaria</span> <span class='ocrx_word' id='word_1_1258' title='bbox 1420 2248 1523 2277; x_wconf 79' lang='lat' dir='ltr'>ruerint</span> <span class='ocrx_word' id='word_1_1259' title='bbox 1540 2247 1585 2278; x_wconf 83' lang='lat' dir='ltr'>seu</span> <span class='ocrx_word' id='word_1_1260' title='bbox 1602 2246 1823 2284; x_wconf 84' lang='lat' dir='ltr'>quomodolibet</span> <span class='ocrx_word' id='word_1_1261' title='bbox 1839 2245 2029 2276; x_wconf 86' lang='lat' dir='ltr'>condecentia</span> <span class='ocrx_word' id='word_1_1262' title='bbox 2045 2269 2054 2282; x_wconf 84' lang='lat'>,</span> <span class='ocrx_word' id='word_1_1263' title='bbox 2072 2253 2187 2276; x_wconf 87' lang='lat' dir='ltr'>necnon</span> <span class='ocrx_word' id='word_1_1264' title='bbox 2205 2246 2360 2278; x_wconf 84' lang='lat' dir='ltr'>Familiari-</span> 
     </span>
     <span class='ocr_line' id='line_1_145' title="bbox 1287 2284 2356 2326; baseline 0.002 -12"><span class='ocrx_word' id='word_1_1265' title='bbox 1287 2285 1358 2323; x_wconf 80' lang='lat' dir='ltr'>bus,</span> <span class='ocrx_word' id='word_1_1266' title='bbox 1379 2285 1556 2316; x_wconf 86' lang='lat' dir='ltr'>Domesticis</span> <span class='ocrx_word' id='word_1_1267' title='bbox 1570 2309 1580 2324; x_wconf 92' lang='lat'>,</span> <span class='ocrx_word' id='word_1_1268' title='bbox 1603 2287 1636 2316; x_wconf 69' lang='grc' dir='ltr'>ὃς</span> <span class='ocrx_word' id='word_1_1269' title='bbox 1653 2285 1846 2316; x_wconf 81' lang='lat' dir='ltr'>Servicntibus</span> <span class='ocrx_word' id='word_1_1270' title='bbox 1865 2284 1988 2322; x_wconf 79' lang='lat' dir='ltr'>praefatae</span> <span class='ocrx_word' id='word_1_1271' title='bbox 2006 2286 2133 2314; x_wconf 66' lang='lat' dir='ltr'>Domine</span> <span class='ocrx_word' id='word_1_1272' title='bbox 2159 2287 2330 2324; x_wconf 62' lang='lat' dir='ltr'>Margarete</span> <span class='ocrx_word' id='word_1_1273' title='bbox 2345 2310 2356 2326; x_wconf 87' lang='lat'>,</span> 
     </span>
     <span class='ocr_line' id='line_1_146' title="bbox 1288 2321 2356 2363; baseline 0.002 -10"><span class='ocrx_word' id='word_1_1274' title='bbox 1288 2324 1349 2354; x_wconf 68' lang='lat' dir='ltr'>tam</span> <span class='ocrx_word' id='word_1_1275' title='bbox 1371 2323 1445 2354; x_wconf 85' lang='lat' dir='ltr'>Viris</span> <span class='ocrx_word' id='word_1_1276' title='bbox 1471 2325 1558 2363; x_wconf 76' lang='lat' dir='ltr'>quam</span> <span class='ocrx_word' id='word_1_1277' title='bbox 1582 2323 1722 2354; x_wconf 86' lang='lat' dir='ltr'>Foeminis</span> <span class='ocrx_word' id='word_1_1278' title='bbox 1746 2323 1884 2362; x_wconf 90' lang='lat' dir='ltr'>(quorum</span> <span class='ocrx_word' id='word_1_1279' title='bbox 1910 2322 2024 2361; x_wconf 88' lang='lat' dir='ltr'>quidem</span> <span class='ocrx_word' id='word_1_1280' title='bbox 2045 2321 2226 2354; x_wconf 87' lang='lat' dir='ltr'>Servientum</span> <span class='ocrx_word' id='word_1_1281' title='bbox 2247 2324 2356 2363; x_wconf 72' lang='lat' dir='ltr'>Viginti</span> 
     </span>
     <span class='ocr_line' id='line_1_147' title="bbox 1292 2360 2359 2402; baseline 0.003 -11"><span class='ocrx_word' id='word_1_1282' title='bbox 1292 2371 1412 2400; x_wconf 85' lang='lat' dir='ltr'>quatuor</span> <span class='ocrx_word' id='word_1_1283' title='bbox 1429 2373 1512 2394; x_wconf 90' lang='lat' dir='ltr'>erunt</span> <span class='ocrx_word' id='word_1_1284' title='bbox 1529 2363 1649 2400; x_wconf 78' lang='lat' dir='ltr'>Anglici</span> <span class='ocrx_word' id='word_1_1285' title='bbox 1666 2385 1676 2400; x_wconf 94' lang='lat'>,</span> <span class='ocrx_word' id='word_1_1286' title='bbox 1700 2364 1803 2402; x_wconf 85' lang='lat' dir='ltr'>partim</span> <span class='ocrx_word' id='word_1_1287' title='bbox 1823 2361 1901 2399; x_wconf 87' lang='lat' dir='ltr'>Viri,</span> <span class='ocrx_word' id='word_1_1288' title='bbox 1919 2362 2018 2398; x_wconf 84' lang='lat' dir='ltr'>partim</span> <span class='ocrx_word' id='word_1_1289' title='bbox 2038 2360 2181 2392; x_wconf 62' lang='lat' dir='ltr'>Foeminz</span> <span class='ocrx_word' id='word_1_1290' title='bbox 2198 2363 2232 2393; x_wconf 88' lang='lat' dir='ltr'>ad</span> <span class='ocrx_word' id='word_1_1291' title='bbox 2251 2362 2359 2401; x_wconf 87' lang='lat' dir='ltr'>Optio-</span> 
     </span>
     <span class='ocr_line' id='line_1_148' title="bbox 1289 2399 2359 2440; baseline 0.002 -9"><span class='ocrx_word' id='word_1_1292' title='bbox 1289 2411 1356 2432; x_wconf 88' lang='lat' dir='ltr'>nem</span> <span class='ocrx_word' id='word_1_1293' title='bbox 1374 2403 1407 2434; x_wconf 86' lang='lat'>&amp;</span> <span class='ocrx_word' id='word_1_1294' title='bbox 1421 2401 1606 2433; x_wconf 68' lang='lat' dir='ltr'>Elefflonem</span> <span class='ocrx_word' id='word_1_1295' title='bbox 1623 2400 1748 2440; x_wconf 77' lang='lat' dir='ltr'>ejuffiem</span> <span class='ocrx_word' id='word_1_1296' title='bbox 1760 2403 1886 2431; x_wconf 81' lang='lat' dir='ltr'>Dominae</span> <span class='ocrx_word' id='word_1_1297' title='bbox 1905 2401 2091 2437; x_wconf 78' lang='lat' dir='ltr'>Margaretae)</span> <span class='ocrx_word' id='word_1_1298' title='bbox 2114 2399 2280 2440; x_wconf 79' lang='lat' dir='ltr'>Esculenta,</span> <span class='ocrx_word' id='word_1_1299' title='bbox 2299 2401 2359 2433; x_wconf 88' lang='lat' dir='ltr'>Po-</span> 
     </span>
     <span class='ocr_line' id='line_1_149' title="bbox 1291 2438 2359 2479; baseline 0.002 -10"><span class='ocrx_word' id='word_1_1300' title='bbox 1291 2440 1405 2471; x_wconf 87' lang='lat' dir='ltr'>culenta</span> <span class='ocrx_word' id='word_1_1301' title='bbox 1417 2463 1428 2479; x_wconf 90' lang='lat'>,</span> <span class='ocrx_word' id='word_1_1302' title='bbox 1446 2440 1591 2479; x_wconf 88' lang='lat' dir='ltr'>Stipendia</span> <span class='ocrx_word' id='word_1_1303' title='bbox 1606 2463 1615 2478; x_wconf 89' lang='lat'>,</span> <span class='ocrx_word' id='word_1_1304' title='bbox 1634 2439 1760 2471; x_wconf 77' lang='lat' dir='ltr'>Vestitus</span> <span class='ocrx_word' id='word_1_1305' title='bbox 1776 2464 1786 2477; x_wconf 77' lang='grc'><em>,</em></span> <span class='ocrx_word' id='word_1_1306' title='bbox 1804 2438 1959 2475; x_wconf 60' lang='grc' dir='ltr'>νεᾶυωε,</span> <span class='ocrx_word' id='word_1_1307' title='bbox 1981 2438 2144 2479; x_wconf 84' lang='lat' dir='ltr'>Equitatus,</span> <span class='ocrx_word' id='word_1_1308' title='bbox 2160 2449 2194 2471; x_wconf 80' lang='lat' dir='ltr'>ac</span> <span class='ocrx_word' id='word_1_1309' title='bbox 2209 2443 2305 2471; x_wconf 60' lang='lat' dir='ltr'>omnia</span> <span class='ocrx_word' id='word_1_1310' title='bbox 2323 2441 2359 2472; x_wconf 75' lang='grc' dir='ltr'>δε</span> 
     </span>
     <span class='ocr_line' id='line_1_150' title="bbox 1291 2476 2361 2518; baseline 0.002 -10"><span class='ocrx_word' id='word_1_1311' title='bbox 1291 2479 1396 2518; x_wconf 79' lang='lat' dir='ltr'>singula</span> <span class='ocrx_word' id='word_1_1312' title='bbox 1413 2479 1465 2509; x_wconf 88' lang='lat' dir='ltr'>alia</span> <span class='ocrx_word' id='word_1_1313' title='bbox 1481 2490 1545 2518; x_wconf 81' lang='lat' dir='ltr'>quae</span> <span class='ocrx_word' id='word_1_1314' title='bbox 1560 2479 1665 2510; x_wconf 85' lang='lat' dir='ltr'>eisdem</span> <span class='ocrx_word' id='word_1_1315' title='bbox 1684 2478 1877 2509; x_wconf 77' lang='lat' dir='ltr'>Familiaribus</span> <span class='ocrx_word' id='word_1_1316' title='bbox 1893 2501 1902 2516; x_wconf 90' lang='lat'>,</span> <span class='ocrx_word' id='word_1_1317' title='bbox 1928 2476 2106 2508; x_wconf 84' lang='lat' dir='ltr'>Domesticis</span> <span class='ocrx_word' id='word_1_1318' title='bbox 2120 2500 2129 2515; x_wconf 81' lang='lat'>‚</span> <span class='ocrx_word' id='word_1_1319' title='bbox 2154 2479 2188 2509; x_wconf 77' lang='grc' dir='ltr'>δε</span> <span class='ocrx_word' id='word_1_1320' title='bbox 2206 2479 2361 2516; x_wconf 63' lang='lat' dir='ltr'>Serv-tentia</span> 
     </span>
     <span class='ocr_line' id='line_1_151' title="bbox 1291 2514 2361 2557; baseline 0.001 -9"><span class='ocrx_word' id='word_1_1321' title='bbox 1291 2518 1343 2548; x_wconf 84' lang='lat' dir='ltr'>bus</span> <span class='ocrx_word' id='word_1_1322' title='bbox 1358 2541 1368 2557; x_wconf 85' lang='lat'>,</span> <span class='ocrx_word' id='word_1_1323' title='bbox 1387 2517 1546 2549; x_wconf 82' lang='lat' dir='ltr'>secundum</span> <span class='ocrx_word' id='word_1_1324' title='bbox 1570 2517 1726 2549; x_wconf 85' lang='lat' dir='ltr'>Honorem</span> <span class='ocrx_word' id='word_1_1325' title='bbox 1744 2518 1778 2548; x_wconf 76' lang='grc' dir='ltr'>δε</span> <span class='ocrx_word' id='word_1_1326' title='bbox 1794 2516 2024 2548; x_wconf 79' lang='lat' dir='ltr'>Condecentiam</span> <span class='ocrx_word' id='word_1_1327' title='bbox 2042 2514 2136 2547; x_wconf 78' lang='lat' dir='ltr'>Statt‘is</span> <span class='ocrx_word' id='word_1_1328' title='bbox 2153 2518 2187 2549; x_wconf 92' lang='lat'>&amp;</span> <span class='ocrx_word' id='word_1_1329' title='bbox 2206 2516 2361 2557; x_wconf 79' lang='lat' dir='ltr'>Dignitatis</span> 
     </span>
     <span class='ocr_line' id='line_1_152' title="bbox 1289 2553 2361 2595; baseline 0 -8"><span class='ocrx_word' id='word_1_1330' title='bbox 1289 2558 1413 2595; x_wconf 69' lang='lat' dir='ltr'>praefatae</span> <span class='ocrx_word' id='word_1_1331' title='bbox 1431 2559 1556 2587; x_wconf 85' lang='lat' dir='ltr'>Dominae</span> <span class='ocrx_word' id='word_1_1332' title='bbox 1575 2559 1747 2595; x_wconf 65' lang='lat' dir='ltr'>Margaretae</span> <span class='ocrx_word' id='word_1_1333' title='bbox 1763 2578 1774 2594; x_wconf 92' lang='lat'>,</span> <span class='ocrx_word' id='word_1_1334' title='bbox 1791 2556 1918 2586; x_wconf 77' lang='lat' dir='ltr'>fimiliter</span> <span class='ocrx_word' id='word_1_1335' title='bbox 1935 2553 2086 2585; x_wconf 70' lang='lat' dir='ltr'>necessaria</span> <span class='ocrx_word' id='word_1_1336' title='bbox 2100 2554 2204 2585; x_wconf 71' lang='lat' dir='ltr'>fuerint</span> <span class='ocrx_word' id='word_1_1337' title='bbox 2221 2555 2267 2587; x_wconf 88' lang='lat' dir='ltr'>seu</span> <span class='ocrx_word' id='word_1_1338' title='bbox 2285 2566 2361 2587; x_wconf 92' lang='lat' dir='ltr'>con-</span> 
     </span>
     <span class='ocr_line' id='line_1_153' title="bbox 1289 2593 2359 2634; baseline 0.002 -10"><span class='ocrx_word' id='word_1_1339' title='bbox 1289 2597 1447 2633; x_wconf 81' lang='lat' dir='ltr'>venientia,</span> <span class='ocrx_word' id='word_1_1340' title='bbox 1465 2595 1657 2633; x_wconf 85' lang='lat' dir='ltr'>supportabit,</span> <span class='ocrx_word' id='word_1_1341' title='bbox 1677 2595 1836 2632; x_wconf 82' lang='lat' dir='ltr'>exhibebit,</span> <span class='ocrx_word' id='word_1_1342' title='bbox 1852 2593 2011 2631; x_wconf 80' lang='lat' dir='ltr'>praestabit,</span> <span class='ocrx_word' id='word_1_1343' title='bbox 2035 2594 2069 2624; x_wconf 89' lang='lat'>&amp;</span> <span class='ocrx_word' id='word_1_1344' title='bbox 2089 2593 2276 2634; x_wconf 88' lang='lat' dir='ltr'>ministrabit,</span> <span class='ocrx_word' id='word_1_1345' title='bbox 2292 2595 2359 2634; x_wconf 56' lang='lat' dir='ltr'>sup*</span> 
     </span>
     <span class='ocr_line' id='line_1_154' title="bbox 1287 2631 2069 2673; baseline -0.001 -10"><span class='ocrx_word' id='word_1_1346' title='bbox 1287 2635 1410 2672; x_wconf 85' lang='lat' dir='ltr'>portari,</span> <span class='ocrx_word' id='word_1_1347' title='bbox 1429 2634 1571 2673; x_wconf 83' lang='lat' dir='ltr'>exhiberi,</span> <span class='ocrx_word' id='word_1_1348' title='bbox 1590 2633 1729 2672; x_wconf 67' lang='lat' dir='ltr'>praestari,</span> <span class='ocrx_word' id='word_1_1349' title='bbox 1747 2634 1780 2664; x_wconf 68' lang='grc' dir='ltr'>ὅ(</span> <span class='ocrx_word' id='word_1_1350' title='bbox 1801 2631 1951 2663; x_wconf 79' lang='lat' dir='ltr'>ministrari</span> <span class='ocrx_word' id='word_1_1351' title='bbox 1966 2632 2069 2670; x_wconf 75' lang='lat' dir='ltr'>faciet3</span> 
     </span>
    </p>

    <p class='ocr_par' dir='ltr' id='par_1_31' title="bbox 1287 2669 2360 2902">
     <span class='ocr_line' id='line_1_155' title="bbox 1323 2669 2357 2710; baseline 0 -8"><span class='ocrx_word' id='word_1_1352' title='bbox 1323 2672 1360 2702; x_wconf 88' lang='lat' dir='ltr'>Et</span> <span class='ocrx_word' id='word_1_1353' title='bbox 1377 2673 1509 2710; x_wconf 86' lang='lat' dir='ltr'>quotiens</span> <span class='ocrx_word' id='word_1_1354' title='bbox 1524 2673 1559 2704; x_wconf 88' lang='lat'>&amp;</span> <span class='ocrx_word' id='word_1_1355' title='bbox 1575 2673 1692 2710; x_wconf 88' lang='lat' dir='ltr'>quando</span> <span class='ocrx_word' id='word_1_1356' title='bbox 1709 2673 1858 2710; x_wconf 81' lang='lat' dir='ltr'>contigerit</span> <span class='ocrx_word' id='word_1_1357' title='bbox 1876 2670 1998 2709; x_wconf 86' lang='lat' dir='ltr'>aliquem</span> <span class='ocrx_word' id='word_1_1358' title='bbox 2013 2671 2060 2701; x_wconf 88' lang='lat' dir='ltr'>vel</span> <span class='ocrx_word' id='word_1_1359' title='bbox 2078 2669 2199 2710; x_wconf 84' lang='lat' dir='ltr'>aliquam</span> <span class='ocrx_word' id='word_1_1360' title='bbox 2210 2670 2357 2702; x_wconf 60' lang='lat' dir='ltr'>dustorum</span> 
     </span>
     <span class='ocr_line' id='line_1_156' title="bbox 1287 2709 2356 2749; baseline 0.001 -10"><span class='ocrx_word' id='word_1_1361' title='bbox 1287 2709 1466 2740; x_wconf 84' lang='lat' dir='ltr'>Servientum</span> <span class='ocrx_word' id='word_1_1362' title='bbox 1486 2709 1677 2749; x_wconf 81' lang='lat' dir='ltr'>Anglicorum</span> <span class='ocrx_word' id='word_1_1363' title='bbox 1695 2712 1796 2748; x_wconf 88' lang='lat' dir='ltr'>obire,</span> <span class='ocrx_word' id='word_1_1364' title='bbox 1815 2711 1916 2741; x_wconf 85' lang='lat' dir='ltr'>totiens</span> <span class='ocrx_word' id='word_1_1365' title='bbox 1936 2710 1968 2739; x_wconf 87' lang='lat'>&amp;</span> <span class='ocrx_word' id='word_1_1366' title='bbox 1987 2719 2056 2740; x_wconf 89' lang='lat' dir='ltr'>tunc</span> <span class='ocrx_word' id='word_1_1367' title='bbox 2075 2709 2174 2740; x_wconf 88' lang='lat' dir='ltr'>licebit</span> <span class='ocrx_word' id='word_1_1368' title='bbox 2191 2709 2280 2740; x_wconf 66' lang='lat' dir='ltr'>diotae</span> <span class='ocrx_word' id='word_1_1369' title='bbox 2295 2713 2356 2740; x_wconf 89' lang='lat' dir='ltr'>Do-</span> 
     </span>
     <span class='ocr_line' id='line_1_157' title="bbox 1289 2747 2357 2786; baseline 0.003 -10"><span class='ocrx_word' id='word_1_1370' title='bbox 1289 2753 1369 2777; x_wconf 74' lang='lat' dir='ltr'>minae</span> <span class='ocrx_word' id='word_1_1371' title='bbox 1386 2751 1578 2786; x_wconf 78' lang='lat' dir='ltr'>Margaretae,</span> <span class='ocrx_word' id='word_1_1372' title='bbox 1596 2749 1716 2779; x_wconf 86' lang='lat' dir='ltr'>durante</span> <span class='ocrx_word' id='word_1_1373' title='bbox 1732 2748 1804 2779; x_wconf 76' lang='lat' dir='ltr'>Vita</span> <span class='ocrx_word' id='word_1_1374' title='bbox 1819 2748 1866 2778; x_wconf 73' lang='lat' dir='ltr'>sua</span> <span class='ocrx_word' id='word_1_1375' title='bbox 1881 2771 1891 2786; x_wconf 89' lang='lat'>,</span> <span class='ocrx_word' id='word_1_1376' title='bbox 1920 2749 1949 2778; x_wconf 89' lang='lat' dir='ltr'>in</span> <span class='ocrx_word' id='word_1_1377' title='bbox 1969 2747 2038 2778; x_wconf 91' lang='lat' dir='ltr'>loco</span> <span class='ocrx_word' id='word_1_1378' title='bbox 2055 2747 2290 2779; x_wconf 86' lang='lat' dir='ltr'>Demortuorum</span> <span class='ocrx_word' id='word_1_1379' title='bbox 2310 2748 2357 2779; x_wconf 81' lang='lat' dir='ltr'>vel</span> 
     </span>
     <span class='ocr_line' id='line_1_158' title="bbox 1289 2785 2358 2826; baseline 0.003 -11"><span class='ocrx_word' id='word_1_1380' title='bbox 1289 2785 1534 2823; x_wconf 80' lang='lat' dir='ltr'>Demortuarum,</span> <span class='ocrx_word' id='word_1_1381' title='bbox 1552 2786 1639 2824; x_wconf 88' lang='lat' dir='ltr'>usque</span> <span class='ocrx_word' id='word_1_1382' title='bbox 1655 2786 1690 2816; x_wconf 94' lang='lat' dir='ltr'>ad</span> <span class='ocrx_word' id='word_1_1383' title='bbox 1708 2785 1878 2816; x_wconf 89' lang='lat' dir='ltr'>Numerum</span> <span class='ocrx_word' id='word_1_1384' title='bbox 1893 2785 2050 2816; x_wconf 90' lang='lat' dir='ltr'>duodecim</span> <span class='ocrx_word' id='word_1_1385' title='bbox 2067 2785 2271 2826; x_wconf 87' lang='lat' dir='ltr'>Personarum,</span> <span class='ocrx_word' id='word_1_1386' title='bbox 2288 2786 2358 2818; x_wconf 81' lang='lat' dir='ltr'>alios</span> 
     </span>
     <span class='ocr_line' id='line_1_159' title="bbox 1289 2824 2360 2865; baseline 0.004 -12"><span class='ocrx_word' id='word_1_1387' title='bbox 1289 2824 1335 2854; x_wconf 89' lang='lat' dir='ltr'>vel</span> <span class='ocrx_word' id='word_1_1388' title='bbox 1350 2825 1411 2855; x_wconf 72' lang='lat' dir='ltr'>alias</span> <span class='ocrx_word' id='word_1_1389' title='bbox 1430 2825 1567 2863; x_wconf 80' lang='lat' dir='ltr'>Anglicos</span> <span class='ocrx_word' id='word_1_1390' title='bbox 1585 2825 1632 2855; x_wconf 89' lang='lat' dir='ltr'>vel</span> <span class='ocrx_word' id='word_1_1391' title='bbox 1650 2825 1786 2864; x_wconf 85' lang='lat' dir='ltr'>Anglicas</span> <span class='ocrx_word' id='word_1_1392' title='bbox 1802 2847 1813 2862; x_wconf 87' lang='lat'>,</span> <span class='ocrx_word' id='word_1_1393' title='bbox 1835 2825 1871 2855; x_wconf 87' lang='lat' dir='ltr'>ad</span> <span class='ocrx_word' id='word_1_1394' title='bbox 1891 2824 2029 2863; x_wconf 85' lang='lat' dir='ltr'>Sumptus</span> <span class='ocrx_word' id='word_1_1395' title='bbox 2045 2825 2079 2855; x_wconf 89' lang='lat'>&amp;</span> <span class='ocrx_word' id='word_1_1396' title='bbox 2097 2824 2240 2864; x_wconf 85' lang='lat' dir='ltr'>Expensas</span> <span class='ocrx_word' id='word_1_1397' title='bbox 2255 2825 2360 2865; x_wconf 87' lang='lat' dir='ltr'>praedi-</span> 
     </span>
     <span class='ocr_line' id='line_1_160' title="bbox 1289 2862 1767 2902; baseline 0 -10"><span class='ocrx_word' id='word_1_1398' title='bbox 1289 2863 1350 2892; x_wconf 65' lang='lat' dir='ltr'>&amp;os</span> <span class='ocrx_word' id='word_1_1399' title='bbox 1367 2862 1534 2893; x_wconf 88' lang='lat' dir='ltr'>substituere</span> <span class='ocrx_word' id='word_1_1400' title='bbox 1551 2864 1585 2894; x_wconf 89' lang='lat'>&amp;</span> <span class='ocrx_word' id='word_1_1401' title='bbox 1604 2862 1767 2902; x_wconf 84' lang='lat' dir='ltr'>subrogare:</span> 
     </span>
    </p>

    <p class='ocr_par' dir='ltr' id='par_1_32' title="bbox 1323 2900 2356 2941">
     <span class='ocr_line' id='line_1_161' title="bbox 1323 2900 2356 2941; baseline 0.003 -10"><span class='ocrx_word' id='word_1_1402' title='bbox 1323 2900 1361 2932; x_wconf 87' lang='lat' dir='ltr'>Et</span> <span class='ocrx_word' id='word_1_1403' title='bbox 1374 2924 1383 2938; x_wconf 95' lang='lat'>,</span> <span class='ocrx_word' id='word_1_1404' title='bbox 1407 2911 1509 2940; x_wconf 67' lang='lat' dir='ltr'>praeter</span> <span class='ocrx_word' id='word_1_1405' title='bbox 1525 2903 1558 2934; x_wconf 90' lang='lat'>&amp;</span> <span class='ocrx_word' id='word_1_1406' title='bbox 1578 2901 1648 2932; x_wconf 86' lang='lat' dir='ltr'>ultra</span> <span class='ocrx_word' id='word_1_1407' title='bbox 1664 2901 1740 2932; x_wconf 64' lang='lat' dir='ltr'>dieta</span> <span class='ocrx_word' id='word_1_1408' title='bbox 1757 2902 1933 2941; x_wconf 82' lang='lat' dir='ltr'>Apparatum</span> <span class='ocrx_word' id='word_1_1409' title='bbox 1949 2923 1959 2940; x_wconf 90' lang='lat'>,</span> <span class='ocrx_word' id='word_1_1410' title='bbox 1985 2900 2148 2940; x_wconf 87' lang='lat' dir='ltr'>Ornatum,</span> <span class='ocrx_word' id='word_1_1411' title='bbox 2165 2901 2302 2941; x_wconf 72' lang='lat' dir='ltr'>Vi&amp;urn‚</span> <span class='ocrx_word' id='word_1_1412' title='bbox 2321 2902 2356 2934; x_wconf 89' lang='lat'>&amp;</span> 
     </span>
    </p>
   </div>
   <div class='ocr_carea' id='block_1_15' title="bbox 1289 2938 2485 3018">
    <p class='ocr_par' dir='ltr' id='par_1_33' title="bbox 1289 2938 2485 3018">
     <span class='ocr_line' id='line_1_162' title="bbox 1289 2938 2485 2980; baseline 0.003 -11"><span class='ocrx_word' id='word_1_1413' title='bbox 1289 2938 1431 2970; x_wconf 74' lang='lat' dir='ltr'>Vestitum</span> <span class='ocrx_word' id='word_1_1414' title='bbox 1450 2964 1459 2978; x_wconf 87' lang='lat'>‚</span> <span class='ocrx_word' id='word_1_1415' title='bbox 1483 2940 1517 2971; x_wconf 70' lang='grc' dir='ltr'>ὅ(</span> <span class='ocrx_word' id='word_1_1416' title='bbox 1535 2941 1586 2971; x_wconf 92' lang='lat' dir='ltr'>alia</span> <span class='ocrx_word' id='word_1_1417' title='bbox 1602 2941 1621 2959; x_wconf 77' lang='grc'>*</span> <span class='ocrx_word' id='word_1_1418' title='bbox 1641 2940 1776 2980; x_wconf 70' lang='lat' dir='ltr'>praediCta</span> <span class='ocrx_word' id='word_1_1419' title='bbox 1793 2941 1871 2978; x_wconf 59' lang='lat' dir='ltr'>supra</span> <span class='ocrx_word' id='word_1_1420' title='bbox 1889 2939 2047 2978; x_wconf 84' lang='lat' dir='ltr'>specificata</span> <span class='ocrx_word' id='word_1_1421' title='bbox 2065 2939 2236 2979; x_wconf 81' lang='lat' dir='ltr'>necessaria,</span> <span class='ocrx_word' id='word_1_1422' title='bbox 2247 2939 2356 2972; x_wconf 53' lang='lat' dir='ltr'>conde*</span> <span class='ocrx_word' id='word_1_1423' title='bbox 2377 2941 2393 2957; x_wconf 77' lang='lat'><strong>‘</strong></span> <span class='ocrx_word' id='word_1_1424' title='bbox 2412 2943 2485 2973; x_wconf 84' lang='lat' dir='ltr'>x11.·</span> 
     </span>
     <span class='ocr_line' id='line_1_163' title="bbox 1627 2978 2441 3018; baseline 0.001 -11"><span class='ocrx_word' id='word_1_1425' title='bbox 1627 2980 1631 2984; x_wconf 90' lang='grc'><strong>“</strong></span> <span class='ocrx_word' id='word_1_1426' title='bbox 1701 2981 1706 2985; x_wconf 95' lang='grc'><em>“</em></span> <span class='ocrx_word' id='word_1_1427' title='bbox 1891 2979 1897 2984; x_wconf 93' lang='grc'><strong>”</strong></span> <span class='ocrx_word' id='word_1_1428' title='bbox 1977 2978 2100 3017; x_wconf 84' lang='lat' dir='ltr'>Jacobus</span> <span class='ocrx_word' id='word_1_1429' title='bbox 2123 2982 2184 3008; x_wconf 80' lang='lat' dir='ltr'>Rex</span> <span class='ocrx_word' id='word_1_1430' title='bbox 2200 2983 2354 3018; x_wconf 80' lang='lat' dir='ltr'>Scotorum,</span> <span class='ocrx_word' id='word_1_1431' title='bbox 2375 2990 2441 3018; x_wconf 85' lang='lat'><em>790.</em></span> 
     </span>
    </p>
   </div>
   <div class='ocr_carea' id='block_1_16' title="bbox 1285 2978 2358 3826">
    <p class='ocr_par' dir='ltr' id='par_1_34' title="bbox 1288 2978 2357 3358">
     <span class='ocr_line' id='line_1_164' title="bbox 1289 2978 1952 3018; baseline 0 -10"><span class='ocrx_word' id='word_1_1432' title='bbox 1289 2980 1381 3009; x_wconf 85' lang='lat' dir='ltr'>centia</span> <span class='ocrx_word' id='word_1_1433' title='bbox 1398 2979 1431 3009; x_wconf 76' lang='grc' dir='ltr'>δε</span> <span class='ocrx_word' id='word_1_1434' title='bbox 1449 2980 1650 3010; x_wconf 70' lang='lat' dir='ltr'>convenientur</span> <span class='ocrx_word' id='word_1_1435' title='bbox 1666 3002 1676 3018; x_wconf 86' lang='lat'>,</span> <span class='ocrx_word' id='word_1_1436' title='bbox 1699 2980 1776 3010; x_wconf 74' lang='lat' dir='ltr'>idem</span> <span class='ocrx_word' id='word_1_1437' title='bbox 1802 2978 1952 3010; x_wconf 80' lang='lat' dir='ltr'>Dominus</span> 
     </span>
     <span class='ocr_line' id='line_1_165' title="bbox 1288 3016 2355 3056; baseline 0.002 -9"><span class='ocrx_word' id='word_1_1438' title='bbox 1288 3017 1406 3048; x_wconf 87' lang='lat' dir='ltr'>durante</span> <span class='ocrx_word' id='word_1_1439' title='bbox 1435 3016 1503 3048; x_wconf 73' lang='lat' dir='ltr'>Vita</span> <span class='ocrx_word' id='word_1_1440' title='bbox 1524 3017 1571 3048; x_wconf 76' lang='lat' dir='ltr'>sua</span> <span class='ocrx_word' id='word_1_1441' title='bbox 1594 3018 1735 3056; x_wconf 85' lang='lat' dir='ltr'>naturali,</span> <span class='ocrx_word' id='word_1_1442' title='bbox 1759 3017 1851 3048; x_wconf 86' lang='lat' dir='ltr'>eidem</span> <span class='ocrx_word' id='word_1_1443' title='bbox 1874 3019 2002 3047; x_wconf 79' lang='lat' dir='ltr'>Dominae</span> <span class='ocrx_word' id='word_1_1444' title='bbox 2023 3019 2193 3054; x_wconf 78' lang='lat' dir='ltr'>Margaretae</span> <span class='ocrx_word' id='word_1_1445' title='bbox 2218 3016 2254 3047; x_wconf 91' lang='lat' dir='ltr'>ad</span> <span class='ocrx_word' id='word_1_1446' title='bbox 2273 3018 2355 3049; x_wconf 89' lang='lat' dir='ltr'>usum</span> 
     </span>
     <span class='ocr_line' id='line_1_166' title="bbox 1288 3054 2356 3096; baseline 0.002 -11"><span class='ocrx_word' id='word_1_1447' title='bbox 1288 3057 1437 3094; x_wconf 86' lang='lat' dir='ltr'>proprium</span> <span class='ocrx_word' id='word_1_1448' title='bbox 1455 3055 1578 3094; x_wconf 85' lang='lat' dir='ltr'>ejusdem</span> <span class='ocrx_word' id='word_1_1449' title='bbox 1597 3059 1723 3087; x_wconf 70' lang='lat' dir='ltr'>Domine</span> <span class='ocrx_word' id='word_1_1450' title='bbox 1740 3059 1914 3093; x_wconf 78' lang='lat' dir='ltr'>Margaretae</span> <span class='ocrx_word' id='word_1_1451' title='bbox 1932 3065 1967 3086; x_wconf 84' lang='lat' dir='ltr'>ex</span> <span class='ocrx_word' id='word_1_1452' title='bbox 1985 3055 2068 3086; x_wconf 74' lang='lat' dir='ltr'>diffls</span> <span class='ocrx_word' id='word_1_1453' title='bbox 2080 3054 2176 3094; x_wconf 82' lang='lat' dir='ltr'>Villis,</span> <span class='ocrx_word' id='word_1_1454' title='bbox 2195 3054 2356 3096; x_wconf 85' lang='lat' dir='ltr'>Dominiis,</span> 
     </span>
     <span class='ocr_line' id='line_1_167' title="bbox 1290 3092 2355 3134; baseline 0.001 -9"><span class='ocrx_word' id='word_1_1455' title='bbox 1290 3094 1443 3132; x_wconf 84' lang='lat' dir='ltr'>Maneriis,</span> <span class='ocrx_word' id='word_1_1456' title='bbox 1458 3095 1573 3133; x_wconf 90' lang='lat' dir='ltr'>Terris,</span> <span class='ocrx_word' id='word_1_1457' title='bbox 1594 3093 1709 3126; x_wconf 82' lang='lat' dir='ltr'>Praediis</span> <span class='ocrx_word' id='word_1_1458' title='bbox 1719 3120 1729 3134; x_wconf 88' lang='lat'>‚</span> <span class='ocrx_word' id='word_1_1459' title='bbox 1747 3096 1780 3125; x_wconf 75' lang='grc' dir='ltr'>δε</span> <span class='ocrx_word' id='word_1_1460' title='bbox 1802 3094 1972 3126; x_wconf 70' lang='grc' dir='ltr'>Κεάἀίῑὼυε</span> <span class='ocrx_word' id='word_1_1461' title='bbox 1987 3092 2070 3124; x_wconf 82' lang='lat' dir='ltr'>Mille</span> <span class='ocrx_word' id='word_1_1462' title='bbox 2085 3093 2189 3124; x_wconf 84' lang='lat' dir='ltr'>Libras</span> <span class='ocrx_word' id='word_1_1463' title='bbox 2208 3094 2302 3134; x_wconf 85' lang='lat' dir='ltr'>legalis</span> <span class='ocrx_word' id='word_1_1464' title='bbox 2319 3097 2355 3128; x_wconf 74' lang='grc' dir='ltr'>δε</span> 
     </span>
     <span class='ocr_line' id='line_1_168' title="bbox 1290 3131 2356 3173; baseline 0.002 -10"><span class='ocrx_word' id='word_1_1465' title='bbox 1290 3132 1387 3164; x_wconf 83' lang='lat' dir='ltr'>usualis</span> <span class='ocrx_word' id='word_1_1466' title='bbox 1412 3133 1546 3164; x_wconf 88' lang='lat' dir='ltr'>Monetae</span> <span class='ocrx_word' id='word_1_1467' title='bbox 1571 3133 1679 3164; x_wconf 77' lang='lat' dir='ltr'>Scotiae</span> <span class='ocrx_word' id='word_1_1468' title='bbox 1697 3157 1707 3173; x_wconf 83' lang='grc'>,</span> <span class='ocrx_word' id='word_1_1469' title='bbox 1727 3134 1786 3172; x_wconf 77' lang='lat' dir='ltr'>jam</span> <span class='ocrx_word' id='word_1_1470' title='bbox 1811 3134 1949 3164; x_wconf 87' lang='lat' dir='ltr'>currentis</span> <span class='ocrx_word' id='word_1_1471' title='bbox 1972 3133 2007 3164; x_wconf 78' lang='grc' dir='ltr'>δε</span> <span class='ocrx_word' id='word_1_1472' title='bbox 2031 3131 2158 3162; x_wconf 86' lang='lat' dir='ltr'>habentis</span> <span class='ocrx_word' id='word_1_1473' title='bbox 2183 3131 2307 3164; x_wconf 90' lang='lat' dir='ltr'>Cursum</span> <span class='ocrx_word' id='word_1_1474' title='bbox 2324 3136 2356 3165; x_wconf 88' lang='lat' dir='ltr'>in</span> 
     </span>
     <span class='ocr_line' id='line_1_169' title="bbox 1289 3170 2357 3211; baseline 0.002 -10"><span class='ocrx_word' id='word_1_1475' title='bbox 1289 3171 1396 3211; x_wconf 76' lang='lat' dir='ltr'>Regno</span> <span class='ocrx_word' id='word_1_1476' title='bbox 1413 3172 1520 3203; x_wconf 78' lang='lat' dir='ltr'>Scotie</span> <span class='ocrx_word' id='word_1_1477' title='bbox 1538 3196 1548 3209; x_wconf 85' lang='lat'><strong>‚</strong></span> <span class='ocrx_word' id='word_1_1478' title='bbox 1574 3182 1640 3210; x_wconf 85' lang='lat' dir='ltr'>quae</span> <span class='ocrx_word' id='word_1_1479' title='bbox 1661 3173 1768 3203; x_wconf 86' lang='lat' dir='ltr'>faciunt</span> <span class='ocrx_word' id='word_1_1480' title='bbox 1793 3173 1827 3203; x_wconf 86' lang='lat'>&amp;</span> <span class='ocrx_word' id='word_1_1481' title='bbox 1850 3170 2029 3203; x_wconf 86' lang='lat' dir='ltr'>constituunt</span> <span class='ocrx_word' id='word_1_1482' title='bbox 2046 3170 2223 3210; x_wconf 60' lang='lat' dir='ltr'>Qcingentas</span> <span class='ocrx_word' id='word_1_1483' title='bbox 2239 3175 2357 3203; x_wconf 74' lang='lat' dir='ltr'>Marcus</span> 
     </span>
     <span class='ocr_line' id='line_1_170' title="bbox 1289 3209 2355 3250; baseline 0.001 -10"><span class='ocrx_word' id='word_1_1484' title='bbox 1289 3210 1500 3248; x_wconf 77' lang='lat' dir='ltr'>sterlingorum</span> <span class='ocrx_word' id='word_1_1485' title='bbox 1521 3210 1654 3242; x_wconf 69' lang='lat' dir='ltr'>Monetae</span> <span class='ocrx_word' id='word_1_1486' title='bbox 1670 3213 1729 3250; x_wconf 85' lang='lat' dir='ltr'>jam</span> <span class='ocrx_word' id='word_1_1487' title='bbox 1748 3211 1882 3242; x_wconf 87' lang='lat' dir='ltr'>currentis</span> <span class='ocrx_word' id='word_1_1488' title='bbox 1900 3210 1934 3240; x_wconf 90' lang='lat'>&amp;</span> <span class='ocrx_word' id='word_1_1489' title='bbox 1947 3209 2075 3239; x_wconf 82' lang='lat' dir='ltr'>habentis</span> <span class='ocrx_word' id='word_1_1490' title='bbox 2091 3209 2215 3242; x_wconf 87' lang='lat' dir='ltr'>Cursum</span> <span class='ocrx_word' id='word_1_1491' title='bbox 2227 3210 2258 3240; x_wconf 91' lang='lat' dir='ltr'>in</span> <span class='ocrx_word' id='word_1_1492' title='bbox 2272 3209 2355 3250; x_wconf 84' lang='lat' dir='ltr'>Reg-</span> 
     </span>
     <span class='ocr_line' id='line_1_171' title="bbox 1289 3246 2356 3289; baseline 0 -9"><span class='ocrx_word' id='word_1_1493' title='bbox 1289 3260 1329 3280; x_wconf 89' lang='lat' dir='ltr'>no</span> <span class='ocrx_word' id='word_1_1494' title='bbox 1360 3249 1471 3289; x_wconf 73' lang='lat' dir='ltr'>Angliae</span> <span class='ocrx_word' id='word_1_1495' title='bbox 1485 3271 1496 3287; x_wconf 93' lang='lat'>,</span> <span class='ocrx_word' id='word_1_1496' title='bbox 1523 3250 1551 3279; x_wconf 88' lang='lat' dir='ltr'>in</span> <span class='ocrx_word' id='word_1_1497' title='bbox 1577 3249 1666 3280; x_wconf 80' lang='lat' dir='ltr'>Pestis</span> <span class='ocrx_word' id='word_1_1498' title='bbox 1690 3249 1805 3280; x_wconf 66' lang='lat' dir='ltr'>Paschx</span> <span class='ocrx_word' id='word_1_1499' title='bbox 1831 3248 1864 3278; x_wconf 90' lang='lat'>&amp;</span> <span class='ocrx_word' id='word_1_1500' title='bbox 1881 3246 1979 3278; x_wconf 69' lang='lat' dir='ltr'>Sancti</span> <span class='ocrx_word' id='word_1_1501' title='bbox 2000 3247 2148 3280; x_wconf 85' lang='lat' dir='ltr'>Michaelis</span> <span class='ocrx_word' id='word_1_1502' title='bbox 2164 3258 2215 3287; x_wconf 89' lang='lat' dir='ltr'>per</span> <span class='ocrx_word' id='word_1_1503' title='bbox 2232 3250 2356 3287; x_wconf 68' lang='lat' dir='ltr'>aequaloe</span> 
     </span>
     <span class='ocr_line' id='line_1_172' title="bbox 1289 3285 2354 3334; baseline 0.002 -16"><span class='ocrx_word' id='word_1_1504' title='bbox 1289 3288 1440 3319; x_wconf 82' lang='lat' dir='ltr'>Portiones</span> <span class='ocrx_word' id='word_1_1505' title='bbox 1455 3311 1466 3327; x_wconf 85' lang='lat'>,</span> <span class='ocrx_word' id='word_1_1506' title='bbox 1492 3288 1580 3319; x_wconf 79' lang='lat' dir='ltr'>tradet</span> <span class='ocrx_word' id='word_1_1507' title='bbox 1596 3311 1607 3327; x_wconf 86' lang='lat'>‚</span> <span class='ocrx_word' id='word_1_1508' title='bbox 1631 3289 1706 3320; x_wconf 87' lang='lat' dir='ltr'>dabit</span> <span class='ocrx_word' id='word_1_1509' title='bbox 1720 3312 1732 3328; x_wconf 92' lang='lat'>,</span> <span class='ocrx_word' id='word_1_1510' title='bbox 1757 3289 1791 3319; x_wconf 85' lang='lat'>&amp;</span> <span class='ocrx_word' id='word_1_1511' title='bbox 1809 3286 1921 3324; x_wconf 89' lang='lat' dir='ltr'>solvet,</span> <span class='ocrx_word' id='word_1_1512' title='bbox 1940 3285 2063 3325; x_wconf 87' lang='lat' dir='ltr'>tradive,</span> <span class='ocrx_word' id='word_1_1513' title='bbox 2080 3287 2139 3318; x_wconf 91' lang='lat' dir='ltr'>dari</span> <span class='ocrx_word' id='word_1_1514' title='bbox 2145 3287 2205 3334; x_wconf 36' lang='lat' dir='ltr'>Q&amp;</span> <span class='ocrx_word' id='word_1_1515' title='bbox 2221 3288 2292 3319; x_wconf 90' lang='lat' dir='ltr'>solvi</span> <span class='ocrx_word' id='word_1_1516' title='bbox 2310 3287 2354 3320; x_wconf 89' lang='lat' dir='ltr'>fa-</span> 
     </span>
     <span class='ocr_line' id='line_1_173' title="bbox 1289 3337 1345 3358; baseline -0.018 0"><span class='ocrx_word' id='word_1_1517' title='bbox 1289 3337 1345 3358; x_wconf 80' lang='lat' dir='ltr'>ciet</span> 
     </span>
    </p>

    <p class='ocr_par' dir='ltr' id='par_1_35' title="bbox 1285 3349 2358 3633">
     <span class='ocr_line' id='line_1_174' title="bbox 1327 3349 2358 3404; baseline -0.001 -8"><span class='ocrx_word' id='word_1_1518' title='bbox 1327 3349 1407 3396; x_wconf 60' lang='lat' dir='ltr'>C’um</span> <span class='ocrx_word' id='word_1_1519' title='bbox 1423 3366 1526 3404; x_wconf 87' lang='lat' dir='ltr'>quibus</span> <span class='ocrx_word' id='word_1_1520' title='bbox 1540 3365 1656 3404; x_wconf 84' lang='lat' dir='ltr'>quidem</span> <span class='ocrx_word' id='word_1_1521' title='bbox 1673 3364 1754 3395; x_wconf 81' lang='lat' dir='ltr'>Mille</span> <span class='ocrx_word' id='word_1_1522' title='bbox 1768 3364 1862 3395; x_wconf 79' lang='lat' dir='ltr'>Libris</span> <span class='ocrx_word' id='word_1_1523' title='bbox 1876 3363 2020 3402; x_wconf 70' lang='lat' dir='ltr'>praediffis</span> <span class='ocrx_word' id='word_1_1524' title='bbox 2032 3363 2130 3394; x_wconf 87' lang='lat' dir='ltr'>eadem</span> <span class='ocrx_word' id='word_1_1525' title='bbox 2145 3366 2264 3395; x_wconf 76' lang='lat' dir='ltr'>Domina</span> <span class='ocrx_word' id='word_1_1526' title='bbox 2271 3367 2358 3395; x_wconf 84' lang='lat' dir='ltr'>Mar-</span> 
     </span>
     <span class='ocr_line' id='line_1_175' title="bbox 1285 3401 2355 3442; baseline 0.002 -10"><span class='ocrx_word' id='word_1_1527' title='bbox 1285 3411 1385 3440; x_wconf 71' lang='lat' dir='ltr'>gareta</span> <span class='ocrx_word' id='word_1_1528' title='bbox 1403 3426 1412 3441; x_wconf 90' lang='lat'>,</span> <span class='ocrx_word' id='word_1_1529' title='bbox 1428 3406 1495 3435; x_wconf 90' lang='lat' dir='ltr'>loco</span> <span class='ocrx_word' id='word_1_1530' title='bbox 1519 3405 1552 3434; x_wconf 92' lang='lat'>&amp;</span> <span class='ocrx_word' id='word_1_1531' title='bbox 1575 3405 1694 3435; x_wconf 86' lang='lat' dir='ltr'>nomine</span> <span class='ocrx_word' id='word_1_1532' title='bbox 1712 3403 1918 3441; x_wconf 66' lang='lat' dir='ltr'>praedicl&#39;orum</span> <span class='ocrx_word' id='word_1_1533' title='bbox 1932 3402 2071 3433; x_wconf 88' lang='lat' dir='ltr'>Villarum</span> <span class='ocrx_word' id='word_1_1534' title='bbox 2085 3426 2095 3439; x_wconf 90' lang='lat'>,</span> <span class='ocrx_word' id='word_1_1535' title='bbox 2116 3401 2328 3434; x_wconf 82' lang='lat' dir='ltr'>Dominiorurn</span> <span class='ocrx_word' id='word_1_1536' title='bbox 2344 3428 2355 3442; x_wconf 92' lang='lat'><strong>‚</strong></span> 
     </span>
     <span class='ocr_line' id='line_1_176' title="bbox 1292 3440 2356 3479; baseline 0.001 -8"><span class='ocrx_word' id='word_1_1537' title='bbox 1292 3442 1448 3472; x_wconf 87' lang='lat' dir='ltr'>Terrarum</span> <span class='ocrx_word' id='word_1_1538' title='bbox 1462 3465 1472 3479; x_wconf 88' lang='lat'>,</span> <span class='ocrx_word' id='word_1_1539' title='bbox 1498 3442 1680 3472; x_wconf 85' lang='lat' dir='ltr'>Praediorum</span> <span class='ocrx_word' id='word_1_1540' title='bbox 1697 3464 1707 3479; x_wconf 88' lang='lat'>,</span> <span class='ocrx_word' id='word_1_1541' title='bbox 1731 3443 1764 3474; x_wconf 90' lang='lat'>&amp;</span> <span class='ocrx_word' id='word_1_1542' title='bbox 1782 3441 1961 3472; x_wconf 89' lang='lat' dir='ltr'>Reddituum</span> <span class='ocrx_word' id='word_1_1543' title='bbox 1975 3463 1985 3478; x_wconf 84' lang='lat'>,</span> <span class='ocrx_word' id='word_1_1544' title='bbox 2012 3441 2129 3479; x_wconf 71' lang='lat' dir='ltr'>durante</span> <span class='ocrx_word' id='word_1_1545' title='bbox 2153 3440 2218 3472; x_wconf 76' lang='lat' dir='ltr'>Vitsi</span> <span class='ocrx_word' id='word_1_1546' title='bbox 2238 3443 2356 3474; x_wconf 84' lang='lat' dir='ltr'>naturali</span> 
     </span>
     <span class='ocr_line' id='line_1_177' title="bbox 1293 3479 2353 3518; baseline 0.001 -8"><span class='ocrx_word' id='word_1_1547' title='bbox 1293 3480 1400 3517; x_wconf 72' lang='lat' dir='ltr'>praefati</span> <span class='ocrx_word' id='word_1_1548' title='bbox 1418 3479 1542 3509; x_wconf 90' lang='lat' dir='ltr'>Domini</span> <span class='ocrx_word' id='word_1_1549' title='bbox 1559 3480 1660 3518; x_wconf 80' lang='lat' dir='ltr'>Jacobi</span> <span class='ocrx_word' id='word_1_1550' title='bbox 1677 3482 1755 3516; x_wconf 76' lang='lat' dir='ltr'>Regis</span> <span class='ocrx_word' id='word_1_1551' title='bbox 1772 3483 1908 3509; x_wconf 85' lang='lat' dir='ltr'>Scotorum</span> <span class='ocrx_word' id='word_1_1552' title='bbox 1930 3487 2039 3509; x_wconf 76' lang='lat' dir='ltr'>mnturn</span> <span class='ocrx_word' id='word_1_1553' title='bbox 2055 3501 2064 3516; x_wconf 90' lang='lat'>,</span> <span class='ocrx_word' id='word_1_1554' title='bbox 2089 3479 2196 3510; x_wconf 88' lang='lat' dir='ltr'>tenebit</span> <span class='ocrx_word' id='word_1_1555' title='bbox 2216 3480 2250 3510; x_wconf 70' lang='grc' dir='ltr'>ὃς</span> <span class='ocrx_word' id='word_1_1556' title='bbox 2268 3491 2353 3518; x_wconf 89' lang='lat' dir='ltr'>repu-</span> 
     </span>
     <span class='ocr_line' id='line_1_178' title="bbox 1293 3515 2353 3557; baseline 0.001 -9"><span class='ocrx_word' id='word_1_1557' title='bbox 1293 3519 1362 3549; x_wconf 86' lang='lat' dir='ltr'>tabit</span> <span class='ocrx_word' id='word_1_1558' title='bbox 1376 3518 1402 3549; x_wconf 75' lang='lat' dir='ltr'>ie</span> <span class='ocrx_word' id='word_1_1559' title='bbox 1421 3526 1587 3548; x_wconf 85' lang='lat' dir='ltr'>contentam</span> <span class='ocrx_word' id='word_1_1560' title='bbox 1599 3540 1610 3555; x_wconf 87' lang='lat'>,</span> <span class='ocrx_word' id='word_1_1561' title='bbox 1635 3518 1668 3549; x_wconf 90' lang='lat'>&amp;</span> <span class='ocrx_word' id='word_1_1562' title='bbox 1686 3518 1722 3548; x_wconf 90' lang='lat' dir='ltr'>de</span> <span class='ocrx_word' id='word_1_1563' title='bbox 1745 3517 1848 3548; x_wconf 85' lang='lat' dir='ltr'>eisdem</span> <span class='ocrx_word' id='word_1_1564' title='bbox 1868 3515 1948 3547; x_wconf 90' lang='lat' dir='ltr'>Villis</span> <span class='ocrx_word' id='word_1_1565' title='bbox 1961 3539 1971 3555; x_wconf 91' lang='lat'>,</span> <span class='ocrx_word' id='word_1_1566' title='bbox 1995 3516 2143 3548; x_wconf 83' lang='lat' dir='ltr'>Dominiis</span> <span class='ocrx_word' id='word_1_1567' title='bbox 2156 3540 2167 3555; x_wconf 90' lang='lat'>,</span> <span class='ocrx_word' id='word_1_1568' title='bbox 2193 3517 2353 3557; x_wconf 80' lang='lat' dir='ltr'>Manen&#39;is,</span> 
     </span>
     <span class='ocr_line' id='line_1_179' title="bbox 1291 3554 2354 3596; baseline 0 -9"><span class='ocrx_word' id='word_1_1569' title='bbox 1291 3556 1409 3595; x_wconf 83' lang='lat' dir='ltr'>Terris,</span> <span class='ocrx_word' id='word_1_1570' title='bbox 1426 3555 1542 3587; x_wconf 84' lang='lat' dir='ltr'>Praediis</span> <span class='ocrx_word' id='word_1_1571' title='bbox 1553 3580 1563 3593; x_wconf 78' lang='lat'>,</span> <span class='ocrx_word' id='word_1_1572' title='bbox 1582 3555 1752 3586; x_wconf 79' lang='lat' dir='ltr'>Redditibus</span> <span class='ocrx_word' id='word_1_1573' title='bbox 1766 3579 1776 3594; x_wconf 96' lang='lat'>,</span> <span class='ocrx_word' id='word_1_1574' title='bbox 1793 3554 1911 3586; x_wconf 87' lang='lat' dir='ltr'>durante</span> <span class='ocrx_word' id='word_1_1575' title='bbox 1927 3554 1994 3586; x_wconf 72' lang='lat' dir='ltr'>Vita</span> <span class='ocrx_word' id='word_1_1576' title='bbox 2009 3555 2134 3593; x_wconf 88' lang='lat' dir='ltr'>ejusdem</span> <span class='ocrx_word' id='word_1_1577' title='bbox 2151 3556 2277 3588; x_wconf 88' lang='lat' dir='ltr'>Domini</span> <span class='ocrx_word' id='word_1_1578' title='bbox 2291 3557 2354 3596; x_wconf 85' lang='lat' dir='ltr'>Ja-</span> 
     </span>
     <span class='ocr_line' id='line_1_180' title="bbox 1293 3594 1998 3633; baseline -0.001 -8"><span class='ocrx_word' id='word_1_1579' title='bbox 1293 3596 1350 3625; x_wconf 84' lang='lat' dir='ltr'>cohi</span> <span class='ocrx_word' id='word_1_1580' title='bbox 1361 3598 1439 3633; x_wconf 83' lang='lat' dir='ltr'>Regis</span> <span class='ocrx_word' id='word_1_1581' title='bbox 1450 3598 1585 3624; x_wconf 85' lang='lat' dir='ltr'>Scotorum</span> <span class='ocrx_word' id='word_1_1582' title='bbox 1598 3595 1624 3626; x_wconf 88' lang='lat' dir='ltr'>se</span> <span class='ocrx_word' id='word_1_1583' title='bbox 1639 3594 1792 3625; x_wconf 88' lang='lat' dir='ltr'>nullatenus</span> <span class='ocrx_word' id='word_1_1584' title='bbox 1806 3594 1998 3632; x_wconf 88' lang='lat' dir='ltr'>intromittet,</span> 
     </span>
    </p>

    <p class='ocr_par' dir='ltr' id='par_1_36' title="bbox 1290 3631 2352 3826">
     <span class='ocr_line' id='line_1_181' title="bbox 1333 3631 2352 3671; baseline 0 -9"><span class='ocrx_word' id='word_1_1585' title='bbox 1333 3633 1502 3671; x_wconf 86' lang='lat' dir='ltr'>Licebitque</span> <span class='ocrx_word' id='word_1_1586' title='bbox 1514 3633 1607 3664; x_wconf 82' lang='lat' dir='ltr'>eldem</span> <span class='ocrx_word' id='word_1_1587' title='bbox 1621 3636 1745 3663; x_wconf 59' lang='lat' dir='ltr'>Domine</span> <span class='ocrx_word' id='word_1_1588' title='bbox 1754 3635 1923 3669; x_wconf 80' lang='lat' dir='ltr'>Margaretae</span> <span class='ocrx_word' id='word_1_1589' title='bbox 1937 3632 2104 3671; x_wconf 72' lang='lat' dir='ltr'>praedic&#39;tam</span> <span class='ocrx_word' id='word_1_1590' title='bbox 2117 3634 2268 3665; x_wconf 91' lang='lat' dir='ltr'>Summam</span> <span class='ocrx_word' id='word_1_1591' title='bbox 2280 3631 2352 3663; x_wconf 81' lang='lat' dir='ltr'>Mil·</span> 
     </span>
     <span class='ocr_line' id='line_1_182' title="bbox 1290 3671 2350 3711; baseline -0.001 -9"><span class='ocrx_word' id='word_1_1592' title='bbox 1290 3672 1316 3702; x_wconf 87' lang='lat' dir='ltr'>Ie</span> <span class='ocrx_word' id='word_1_1593' title='bbox 1330 3671 1479 3701; x_wconf 82' lang='lat' dir='ltr'>Librarum</span> <span class='ocrx_word' id='word_1_1594' title='bbox 1493 3673 1527 3703; x_wconf 69' lang='grc' dir='ltr'>ὃς</span> <span class='ocrx_word' id='word_1_1595' title='bbox 1541 3672 1696 3711; x_wconf 87' lang='lat' dir='ltr'>quamlibet</span> <span class='ocrx_word' id='word_1_1596' title='bbox 1709 3671 1776 3702; x_wconf 89' lang='lat' dir='ltr'>inde</span> <span class='ocrx_word' id='word_1_1597' title='bbox 1793 3671 1967 3710; x_wconf 82' lang='lat' dir='ltr'>Parcellam,</span> <span class='ocrx_word' id='word_1_1598' title='bbox 1985 3671 2021 3703; x_wconf 93' lang='lat' dir='ltr'>de</span> <span class='ocrx_word' id='word_1_1599' title='bbox 2035 3680 2168 3710; x_wconf 89' lang='lat' dir='ltr'>tempore</span> <span class='ocrx_word' id='word_1_1600' title='bbox 2184 3674 2213 3702; x_wconf 92' lang='lat' dir='ltr'>in</span> <span class='ocrx_word' id='word_1_1601' title='bbox 2227 3681 2350 3709; x_wconf 86' lang='lat' dir='ltr'>tempus,</span> 
     </span>
     <span class='ocr_line' id='line_1_183' title="bbox 1293 3709 2350 3750; baseline -0.002 -8"><span class='ocrx_word' id='word_1_1602' title='bbox 1293 3711 1411 3742; x_wconf 79' lang='lat' dir='ltr'>durante</span> <span class='ocrx_word' id='word_1_1603' title='bbox 1430 3709 1497 3740; x_wconf 69' lang='lat' dir='ltr'>Vita</span> <span class='ocrx_word' id='word_1_1604' title='bbox 1517 3711 1626 3748; x_wconf 75' lang='lat' dir='ltr'>praefati</span> <span class='ocrx_word' id='word_1_1605' title='bbox 1648 3710 1772 3740; x_wconf 89' lang='lat' dir='ltr'>Domini</span> <span class='ocrx_word' id='word_1_1606' title='bbox 1785 3709 1887 3748; x_wconf 81' lang='lat' dir='ltr'>Jacobi</span> <span class='ocrx_word' id='word_1_1607' title='bbox 1907 3713 1985 3748; x_wconf 80' lang='lat' dir='ltr'>Regis</span> <span class='ocrx_word' id='word_1_1608' title='bbox 1997 3714 2150 3750; x_wconf 81' lang='lat' dir='ltr'>Scotorum,</span> <span class='ocrx_word' id='word_1_1609' title='bbox 2166 3712 2196 3741; x_wconf 85' lang='lat' dir='ltr'>in</span> <span class='ocrx_word' id='word_1_1610' title='bbox 2208 3710 2271 3740; x_wconf 87' lang='lat' dir='ltr'>suos</span> <span class='ocrx_word' id='word_1_1611' title='bbox 2283 3719 2350 3747; x_wconf 88' lang='lat' dir='ltr'>pro·</span> 
     </span>
     <span class='ocr_line' id='line_1_184' title="bbox 1293 3747 2350 3787; baseline -0.001 -8"><span class='ocrx_word' id='word_1_1612' title='bbox 1293 3751 1368 3787; x_wconf 82' lang='lat' dir='ltr'>prios</span> <span class='ocrx_word' id='word_1_1613' title='bbox 1382 3747 1457 3778; x_wconf 89' lang='lat' dir='ltr'>Usus</span> <span class='ocrx_word' id='word_1_1614' title='bbox 1477 3749 1510 3779; x_wconf 68' lang='grc' dir='ltr'>ὃς</span> <span class='ocrx_word' id='word_1_1615' title='bbox 1529 3749 1634 3779; x_wconf 82' lang='lat' dir='ltr'>alienos</span> <span class='ocrx_word' id='word_1_1616' title='bbox 1649 3772 1660 3787; x_wconf 95' lang='lat'>,</span> <span class='ocrx_word' id='word_1_1617' title='bbox 1686 3749 1743 3779; x_wconf 81' lang='lat' dir='ltr'>sme</span> <span class='ocrx_word' id='word_1_1618' title='bbox 1764 3748 1970 3786; x_wconf 88' lang='lat' dir='ltr'>impedimento</span> <span class='ocrx_word' id='word_1_1619' title='bbox 1994 3749 2078 3787; x_wconf 81' lang='lat' dir='ltr'>ipsius</span> <span class='ocrx_word' id='word_1_1620' title='bbox 2101 3749 2225 3779; x_wconf 91' lang='lat' dir='ltr'>Domini</span> <span class='ocrx_word' id='word_1_1621' title='bbox 2245 3747 2350 3786; x_wconf 82' lang='lat' dir='ltr'>Jacobi</span> 
     </span>
     <span class='ocr_line' id='line_1_185' title="bbox 1293 3786 2349 3826; baseline 0 -9"><span class='ocrx_word' id='word_1_1622' title='bbox 1293 3791 1370 3825; x_wconf 82' lang='lat' dir='ltr'>Regis</span> <span class='ocrx_word' id='word_1_1623' title='bbox 1383 3790 1534 3826; x_wconf 83' lang='lat' dir='ltr'>Scotorum,</span> <span class='ocrx_word' id='word_1_1624' title='bbox 1551 3788 1597 3817; x_wconf 89' lang='lat' dir='ltr'>vel</span> <span class='ocrx_word' id='word_1_1625' title='bbox 1613 3788 1818 3825; x_wconf 72' lang='lat' dir='ltr'>cuiuscumque</span> <span class='ocrx_word' id='word_1_1626' title='bbox 1832 3787 1961 3825; x_wconf 85' lang='lat' dir='ltr'>alterius,</span> <span class='ocrx_word' id='word_1_1627' title='bbox 1979 3788 2069 3818; x_wconf 75' lang='lat' dir='ltr'>libere</span> <span class='ocrx_word' id='word_1_1628' title='bbox 2083 3788 2119 3818; x_wconf 87' lang='lat' dir='ltr'>ad</span> <span class='ocrx_word' id='word_1_1629' title='bbox 2137 3786 2250 3818; x_wconf 84' lang='lat' dir='ltr'>Votum</span> <span class='ocrx_word' id='word_1_1630' title='bbox 2267 3786 2349 3817; x_wconf 87' lang='lat' dir='ltr'>suum</span> 
     </span>
    </p>
   </div>
   <div class='ocr_carea' id='block_1_17' title="bbox 67 3823 2354 3946">
    <p class='ocr_par' dir='ltr' id='par_1_37' title="bbox 67 3823 2354 3946">
     <span class='ocr_line' id='line_1_186' title="bbox 67 3823 2187 3868; baseline -0.002 -8"><span class='ocrx_word' id='word_1_1631' title='bbox 67 3834 131 3868; x_wconf 77' lang='lat'>789.</span> <span class='ocrx_word' id='word_1_1632' title='bbox 209 3823 327 3862; x_wconf 70' lang='lat' dir='ltr'>Temo,</span> <span class='ocrx_word' id='word_1_1633' title='bbox 344 3827 437 3856; x_wconf 81' lang='lat' dir='ltr'>eidem</span> <span class='ocrx_word' id='word_1_1634' title='bbox 449 3829 573 3855; x_wconf 77' lang='lat' dir='ltr'>Dominae</span> <span class='ocrx_word' id='word_1_1635' title='bbox 588 3828 778 3864; x_wconf 77' lang='lat' dir='ltr'>Margaretae,</span> <span class='ocrx_word' id='word_1_1636' title='bbox 796 3828 830 3858; x_wconf 89' lang='lat' dir='ltr'>ad</span> <span class='ocrx_word' id='word_1_1637' title='bbox 845 3828 1017 3858; x_wconf 85' lang='lat' dir='ltr'>Terminum</span> <span class='ocrx_word' id='word_1_1638' title='bbox 1038 3827 1113 3856; x_wconf 83' lang='lat' dir='ltr'>Vitae</span> <span class='ocrx_word' id='word_1_1639' title='bbox 1127 3826 1198 3862; x_wconf 82' lang='lat' dir='ltr'>suae,</span> <span class='ocrx_word' id='word_1_1640' title='bbox 1217 3836 1259 3857; x_wconf 84' lang='lat' dir='ltr'>ta-</span> <span class='ocrx_word' id='word_1_1641' title='bbox 1293 3834 1459 3856; x_wconf 84' lang='lat' dir='ltr'>convertere</span> <span class='ocrx_word' id='word_1_1642' title='bbox 1473 3826 1505 3856; x_wconf 69' lang='grc' dir='ltr'>δί</span> <span class='ocrx_word' id='word_1_1643' title='bbox 1521 3826 1685 3864; x_wconf 88' lang='lat' dir='ltr'>disponere,</span> <span class='ocrx_word' id='word_1_1644' title='bbox 2181 3863 2187 3868; x_wconf 45' lang='lat'>·</span> 
     </span>
     <span class='ocr_line' id='line_1_187' title="bbox 212 3860 2354 3904; baseline 0.002 -13"><span class='ocrx_word' id='word_1_1645' title='bbox 212 3860 266 3891; x_wconf 89' lang='lat' dir='ltr'>lem</span> <span class='ocrx_word' id='word_1_1646' title='bbox 290 3864 323 3893; x_wconf 91' lang='lat'>&amp;</span> <span class='ocrx_word' id='word_1_1647' title='bbox 346 3873 453 3894; x_wconf 79' lang='lat' dir='ltr'>tantam</span> <span class='ocrx_word' id='word_1_1648' title='bbox 475 3864 670 3895; x_wconf 88' lang='lat' dir='ltr'>Donationem</span> <span class='ocrx_word' id='word_1_1649' title='bbox 693 3875 806 3902; x_wconf 84' lang='lat' dir='ltr'>propter</span> <span class='ocrx_word' id='word_1_1650' title='bbox 818 3865 976 3903; x_wconf 87' lang='lat' dir='ltr'>hujusmodi</span> <span class='ocrx_word' id='word_1_1651' title='bbox 990 3865 1026 3896; x_wconf 94' lang='lat' dir='ltr'>N</span> <span class='ocrx_word' id='word_1_1652' title='bbox 1029 3865 1131 3903; x_wconf 69' lang='lat' dir='ltr'>nptias,</span> <span class='ocrx_word' id='word_1_1653' title='bbox 1147 3864 1257 3901; x_wconf 87' lang='lat' dir='ltr'>qualern</span> <span class='ocrx_word' id='word_1_1654' title='bbox 1329 3864 1368 3894; x_wconf 91' lang='lat' dir='ltr'>Et</span> <span class='ocrx_word' id='word_1_1655' title='bbox 1382 3887 1392 3901; x_wconf 95' lang='lat'>,</span> <span class='ocrx_word' id='word_1_1656' title='bbox 1416 3864 1436 3893; x_wconf 87' lang='lat' dir='ltr'>fi</span> <span class='ocrx_word' id='word_1_1657' title='bbox 1458 3866 1603 3904; x_wconf 84' lang='lat' dir='ltr'>contingat</span> <span class='ocrx_word' id='word_1_1658' title='bbox 1622 3865 1768 3902; x_wconf 84' lang='lat' dir='ltr'>praefatam</span> <span class='ocrx_word' id='word_1_1659' title='bbox 1785 3867 1932 3893; x_wconf 83' lang='lat' dir='ltr'>Dominam</span> <span class='ocrx_word' id='word_1_1660' title='bbox 1945 3867 2137 3902; x_wconf 80' lang='lat' dir='ltr'>Margaretam</span> <span class='ocrx_word' id='word_1_1661' title='bbox 2158 3862 2269 3893; x_wconf 45' lang='lat' dir='ltr'>dueum</span> <span class='ocrx_word' id='word_1_1662' title='bbox 2285 3863 2354 3895; x_wconf 90' lang='lat' dir='ltr'>Do-</span> 
     </span>
     <span class='ocr_line' id='line_1_188' title="bbox 73 3899 2353 3946; baseline 0.002 -16"><span class='ocrx_word' id='word_1_1663' title='bbox 73 3899 87 3930; x_wconf 68' lang='lat' dir='ltr'>l</span> <span class='ocrx_word' id='word_1_1664' title='bbox 215 3900 248 3928; x_wconf 89' lang='lat'>&amp;</span> <span class='ocrx_word' id='word_1_1665' title='bbox 267 3910 398 3937; x_wconf 86' lang='lat' dir='ltr'>quantam</span> <span class='ocrx_word' id='word_1_1666' title='bbox 419 3902 617 3932; x_wconf 87' lang='lat' dir='ltr'>Donationem</span> <span class='ocrx_word' id='word_1_1667' title='bbox 632 3903 723 3939; x_wconf 78' lang='lat' dir='ltr'>aliqua</span> <span class='ocrx_word' id='word_1_1668' title='bbox 744 3903 858 3939; x_wconf 77' lang='lat' dir='ltr'>Regina</span> <span class='ocrx_word' id='word_1_1669' title='bbox 876 3904 983 3935; x_wconf 87' lang='lat' dir='ltr'>Scotiae</span> <span class='ocrx_word' id='word_1_1670' title='bbox 1004 3912 1129 3942; x_wconf 87' lang='lat' dir='ltr'>unquam</span> <span class='ocrx_word' id='word_1_1671' title='bbox 1144 3903 1258 3941; x_wconf 84' lang='lat' dir='ltr'>habuit,</span> <span class='ocrx_word' id='word_1_1672' title='bbox 1293 3902 1554 3946; x_wconf 23' lang='lat' dir='ltr'>minumeJacobum</span> <span class='ocrx_word' id='word_1_1673' title='bbox 1565 3906 1660 3939; x_wconf 81' lang='lat' dir='ltr'>Regem</span> <span class='ocrx_word' id='word_1_1674' title='bbox 1671 3907 1805 3932; x_wconf 78' lang='lat' dir='ltr'>Scotorum</span> <span class='ocrx_word' id='word_1_1675' title='bbox 1819 3903 2052 3940; x_wconf 88' lang='lat' dir='ltr'>supervivere,&amp;</span> <span class='ocrx_word' id='word_1_1676' title='bbox 2065 3901 2130 3939; x_wconf 87' lang='lat' dir='ltr'>post</span> <span class='ocrx_word' id='word_1_1677' title='bbox 2145 3902 2202 3938; x_wconf 83' lang='lat' dir='ltr'>eJ&#39;us</span> <span class='ocrx_word' id='word_1_1678' title='bbox 2218 3901 2353 3934; x_wconf 86' lang='lat' dir='ltr'>Mortem</span> 
     </span>
    </p>
   </div>
   <div class='ocr_carea' id='block_1_18' title="bbox 207 3937 1257 4054">
    <p class='ocr_par' dir='ltr' id='par_1_38' title="bbox 207 3937 1257 4054">
     <span class='ocr_line' id='line_1_189' title="bbox 215 3937 1256 3981; baseline 0.004 -16"><span class='ocrx_word' id='word_1_1679' title='bbox 215 3938 246 3965; x_wconf 87' lang='lat' dir='ltr'>in</span> <span class='ocrx_word' id='word_1_1680' title='bbox 265 3937 341 3981; x_wconf 83' lang='lat' dir='ltr'>Villis</span> <span class='ocrx_word' id='word_1_1681' title='bbox 354 3963 364 3976; x_wconf 85' lang='lat'>‚</span> <span class='ocrx_word' id='word_1_1682' title='bbox 387 3940 532 3970; x_wconf 87' lang='lat' dir='ltr'>Dominiis</span> <span class='ocrx_word' id='word_1_1683' title='bbox 544 3963 553 3977; x_wconf 93' lang='lat'>,</span> <span class='ocrx_word' id='word_1_1684' title='bbox 570 3940 723 3979; x_wconf 81' lang='lat' dir='ltr'>Maneriis,</span> <span class='ocrx_word' id='word_1_1685' title='bbox 739 3942 850 3979; x_wconf 83' lang='lat' dir='ltr'>Terris,</span> <span class='ocrx_word' id='word_1_1686' title='bbox 870 3942 1000 3979; x_wconf 74' lang='lat' dir='ltr'>Praediis,</span> <span class='ocrx_word' id='word_1_1687' title='bbox 1018 3943 1051 3972; x_wconf 70' lang='grc' dir='ltr'>δε</span> <span class='ocrx_word' id='word_1_1688' title='bbox 1069 3940 1256 3980; x_wconf 78' lang='lat' dir='ltr'>Redditibus,</span> 
     </span>
     <span class='ocr_line' id='line_1_190' title="bbox 207 3972 1257 4054; baseline 0.002 -46"><span class='ocrx_word' id='word_1_1689' title='bbox 207 3972 415 4054; x_wconf 47' lang='lat' dir='ltr'>{effiggglggkgps</span> <span class='ocrx_word' id='word_1_1690' title='bbox 426 3980 477 4009; x_wconf 76' lang='lat' dir='ltr'>viis</span> <span class='ocrx_word' id='word_1_1691' title='bbox 490 3980 523 4009; x_wconf 89' lang='lat'>&amp;</span> <span class='ocrx_word' id='word_1_1692' title='bbox 539 3979 638 4009; x_wconf 78' lang='lat' dir='ltr'>mediis</span> <span class='ocrx_word' id='word_1_1693' title='bbox 652 3981 754 4018; x_wconf 89' lang='lat' dir='ltr'>quibus</span> <span class='ocrx_word' id='word_1_1694' title='bbox 767 3979 803 4009; x_wconf 90' lang='lat' dir='ltr'>de</span> <span class='ocrx_word' id='word_1_1695' title='bbox 812 3981 874 4017; x_wconf 87' lang='lat' dir='ltr'>jure</span> <span class='ocrx_word' id='word_1_1696' title='bbox 889 3981 949 4011; x_wconf 86' lang='lat' dir='ltr'>fieri</span> <span class='ocrx_word' id='word_1_1697' title='bbox 963 3979 1257 4018; x_wconf 76' lang='lat' dir='ltr'>poffit‚faciet,dabit</span> 
     </span>
    </p>
   </div>
   <div class='ocr_carea' id='block_1_19' title="bbox 243 4049 1258 4096">
    <p class='ocr_par' dir='ltr' id='par_1_39' title="bbox 243 4049 1258 4096">
     <span class='ocr_line' id='line_1_191' title="bbox 243 4049 1258 4096; baseline 0.003 -12"><span class='ocrx_word' id='word_1_1698' title='bbox 243 4049 388 4090; x_wconf 66' lang='lat' dir='ltr'>Ipssmque</span> <span class='ocrx_word' id='word_1_1699' title='bbox 401 4075 410 4092; x_wconf 91' lang='lat'>,</span> <span class='ocrx_word' id='word_1_1700' title='bbox 432 4055 479 4085; x_wconf 88' lang='lat' dir='ltr'>vel</span> <span class='ocrx_word' id='word_1_1701' title='bbox 497 4055 554 4094; x_wconf 88' lang='lat' dir='ltr'>ejus</span> <span class='ocrx_word' id='word_1_1702' title='bbox 567 4054 818 4096; x_wconf 72' lang='lat' dir='ltr'>Commiffariutn‚</span> <span class='ocrx_word' id='word_1_1703' title='bbox 842 4057 1079 4094; x_wconf 81' lang='lat' dir='ltr'>Procuratorem,</span> <span class='ocrx_word' id='word_1_1704' title='bbox 1094 4054 1141 4088; x_wconf 85' lang='lat' dir='ltr'>vel</span> <span class='ocrx_word' id='word_1_1705' title='bbox 1154 4053 1258 4094; x_wconf 81' lang='lat' dir='ltr'>Depu-</span> 
     </span>
    </p>
   </div>
   <div class='ocr_carea' id='block_1_20' title="bbox 1293 3937 2355 4095">
    <p class='ocr_par' dir='ltr' id='par_1_40' title="bbox 1293 3937 2355 4095">
     <span class='ocr_line' id='line_1_192' title="bbox 1293 3937 2353 3980; baseline 0 -8"><span class='ocrx_word' id='word_1_1706' title='bbox 1293 3939 1476 3980; x_wconf 76' lang='lat' dir='ltr'>Superstitem</span> <span class='ocrx_word' id='word_1_1707' title='bbox 1491 3941 1552 3971; x_wconf 87' lang='lat' dir='ltr'>fore</span> <span class='ocrx_word' id='word_1_1708' title='bbox 1561 3964 1571 3979; x_wconf 95' lang='lat'>,</span> <span class='ocrx_word' id='word_1_1709' title='bbox 1591 3941 1690 3972; x_wconf 90' lang='lat' dir='ltr'>eadem</span> <span class='ocrx_word' id='word_1_1710' title='bbox 1698 3943 1818 3970; x_wconf 82' lang='lat' dir='ltr'>Domina</span> <span class='ocrx_word' id='word_1_1711' title='bbox 1831 3944 1997 3979; x_wconf 81' lang='lat' dir='ltr'>Margareta</span> <span class='ocrx_word' id='word_1_1712' title='bbox 2008 3940 2072 3978; x_wconf 91' lang='lat' dir='ltr'>post</span> <span class='ocrx_word' id='word_1_1713' title='bbox 2082 3937 2211 3969; x_wconf 90' lang='lat' dir='ltr'>Mortem</span> <span class='ocrx_word' id='word_1_1714' title='bbox 2227 3941 2353 3979; x_wconf 83' lang='lat' dir='ltr'>ejusdem</span> 
     </span>
     <span class='ocr_line' id='line_1_193' title="bbox 1295 3976 2352 4017; baseline -0.001 -6"><span class='ocrx_word' id='word_1_1715' title='bbox 1295 3980 1419 4011; x_wconf 89' lang='lat' dir='ltr'>Domini</span> <span class='ocrx_word' id='word_1_1716' title='bbox 1434 3978 1536 4017; x_wconf 71' lang='lat' dir='ltr'>Jacobi</span> <span class='ocrx_word' id='word_1_1717' title='bbox 1558 3983 1637 4017; x_wconf 72' lang='lat' dir='ltr'>Regis</span> <span class='ocrx_word' id='word_1_1718' title='bbox 1658 3984 1792 4017; x_wconf 81' lang='lat' dir='ltr'>Scotorum</span> <span class='ocrx_word' id='word_1_1719' title='bbox 1810 4002 1820 4017; x_wconf 94' lang='lat'>,</span> <span class='ocrx_word' id='word_1_1720' title='bbox 1844 3981 1874 4009; x_wconf 91' lang='lat' dir='ltr'>in</span> <span class='ocrx_word' id='word_1_1721' title='bbox 1895 3979 2034 4016; x_wconf 72' lang='lat' dir='ltr'>praediffls</span> <span class='ocrx_word' id='word_1_1722' title='bbox 2056 3976 2137 4007; x_wconf 91' lang='lat' dir='ltr'>Villis</span> <span class='ocrx_word' id='word_1_1723' title='bbox 2151 4002 2162 4017; x_wconf 89' lang='lat'>,</span> <span class='ocrx_word' id='word_1_1724' title='bbox 2186 3978 2352 4017; x_wconf 86' lang='lat' dir='ltr'>Dominiis,</span> 
     </span>
     <span class='ocr_line' id='line_1_194' title="bbox 1297 4015 2355 4056; baseline -0.001 -7"><span class='ocrx_word' id='word_1_1725' title='bbox 1297 4017 1434 4049; x_wconf 85' lang='lat' dir='ltr'>Maneriis</span> <span class='ocrx_word' id='word_1_1726' title='bbox 1446 4040 1456 4055; x_wconf 86' lang='lat'>,</span> <span class='ocrx_word' id='word_1_1727' title='bbox 1481 4017 1575 4048; x_wconf 69' lang='lat' dir='ltr'>Tetus</span> <span class='ocrx_word' id='word_1_1728' title='bbox 1589 4040 1598 4056; x_wconf 91' lang='lat'>,</span> <span class='ocrx_word' id='word_1_1729' title='bbox 1615 4018 1729 4048; x_wconf 80' lang='lat' dir='ltr'>Praediis</span> <span class='ocrx_word' id='word_1_1730' title='bbox 1739 4040 1749 4056; x_wconf 90' lang='lat'>,</span> <span class='ocrx_word' id='word_1_1731' title='bbox 1766 4018 1799 4048; x_wconf 92' lang='lat'>&amp;</span> <span class='ocrx_word' id='word_1_1732' title='bbox 1817 4017 2006 4054; x_wconf 87' lang='lat' dir='ltr'>Redditibus,</span> <span class='ocrx_word' id='word_1_1733' title='bbox 2021 4015 2131 4046; x_wconf 88' lang='lat' dir='ltr'>Statum</span> <span class='ocrx_word' id='word_1_1734' title='bbox 2142 4039 2152 4054; x_wconf 89' lang='lat'>,</span> <span class='ocrx_word' id='word_1_1735' title='bbox 2166 4017 2301 4049; x_wconf 88' lang='lat' dir='ltr'>Titulum</span> <span class='ocrx_word' id='word_1_1736' title='bbox 2316 4018 2355 4053; x_wconf 77' lang='lat'>&amp;-</span> 
     </span>
     <span class='ocr_line' id='line_1_195' title="bbox 1295 4053 2353 4095; baseline -0.005 -6"><span class='ocrx_word' id='word_1_1737' title='bbox 1295 4054 1502 4089; x_wconf 84' lang='lat' dir='ltr'>Poffeffionem</span> <span class='ocrx_word' id='word_1_1738' title='bbox 1515 4056 1578 4088; x_wconf 85' lang='lat' dir='ltr'>suos</span> <span class='ocrx_word' id='word_1_1739' title='bbox 1591 4056 1760 4095; x_wconf 59' lang='lat' dir='ltr'>praedieos,</span> <span class='ocrx_word' id='word_1_1740' title='bbox 1777 4056 1892 4088; x_wconf 84' lang='lat' dir='ltr'>durante</span> <span class='ocrx_word' id='word_1_1741' title='bbox 1910 4053 1976 4089; x_wconf 63' lang='lat' dir='ltr'>Viti</span> <span class='ocrx_word' id='word_1_1742' title='bbox 1990 4053 2113 4092; x_wconf 85' lang='lat' dir='ltr'>ejusdem</span> <span class='ocrx_word' id='word_1_1743' title='bbox 2125 4057 2253 4088; x_wconf 71' lang='lat' dir='ltr'>Domine</span> <span class='ocrx_word' id='word_1_1744' title='bbox 2267 4057 2353 4086; x_wconf 74' lang='lat' dir='ltr'>Mar—</span> 
     </span>
    </p>
   </div>
   <div class='ocr_carea' id='block_1_21' title="bbox 2532 3136 2555 3671">
    <p class='ocr_par' dir='ltr' id='par_1_41' title="bbox 2532 3136 2555 3671">
     <span class='ocr_line' id='line_1_196' title="bbox 2532 3136 2555 3671; textangle 90"><span class='ocrx_word' id='word_1_1745' title='bbox 2532 3462 2555 3671; x_wconf 26' lang='grc' dir='ltr'>Α”ωιυ-ΔἜέ-Ξθινε7</span> <span class='ocrx_word' id='word_1_1746' title='bbox 2537 3408 2555 3447; x_wconf 52' lang='lat'>‚42</span> <span class='ocrx_word' id='word_1_1747' title='bbox 2532 3190 2555 3399; x_wconf 54' lang='lat' dir='ltr'>&#39;nnn-‘v——q-</span> <span class='ocrx_word' id='word_1_1748' title='bbox 2546 3136 2555 3173; x_wconf 44' lang='lat' dir='ltr'>du</span> 
     </span>
    </p>
   </div>
  </div>
 </body>
</html>
