2555 4266
682 197 794 239 ET
880 199 1136 241 ACTA

0 287 69 319 ann.
80 286 122 318 D.
139 286 251 318 Hanzae
265 286 293 316 in
307 280 413 323 Regno
429 284 462 315 &
479 282 628 314 Dominiis
639 286 717 322 Regis
731 283 863 324 Angla,
878 285 962 324 quarn
988 287 1142 317 Libertates
1160 286 1195 317 δε

13 335 100 366 1474-

0 370 62 394 Eiv.
80 375 108 401 4.

140 326 256 357 Liberas
270 322 494 353 eonsuetudines
507 322 697 362 Anglicorum
711 324 876 361 supradidtas
891 326 918 354 in
940 328 1025 354 Terra
1041 327 1142 354 Prisciae
1160 325 1194 355 &

140 364 199 396 aliis
219 364 299 396 Locis
318 362 449 405 Hfinzce,
466 369 600 405 tanquam
626 361 774 393 Forisfatiia
795 362 841 393 seu
854 361 1014 393 confiscata
1030 364 1136 394 viribus
1149 372 1197 393 va-

141 396 924 477 ωῗέἑῗ,έῗέωἙέἛῗ’ἑὲἓὲῑὶῖῗὲἷῖἒέιξῑέἲῗῗὲἶιᾏῑωε
946 437 1142 467 Mercatoribus
1158 435 1197 481 <9-

138 475 300 508 Hominibus
315 474 347 506 de
361 478 484 515 Hanza,
501 477 683 514 praesentibua
697 478 730 508 &
746 476 862 514 futuris,
877 486 926 513 per
941 475 1044 506 Literas
1057 477 1198 506 audtenti-

139 526 185 547 cas
200 516 234 546 &
249 514 376 546 Parentes
395 514 516 545 Domini
534 515 623 554 Regis
645 516 679 545 &
700 524 749 552 per
762 514 871 543 Acium
892 513 1090 551 Parliamenti,
1109 514 1196 552 quam

138 554 266 585 Su'bditis
281 555 315 585 &
331 553 424 593 Ligeis
441 558 550 584 Coronae
567 552 679 590 Angliae
693 552 876 590 praesentibus
894 552 926 582 &
943 551 1042 582 futuris
1062 562 1112 589 per
1134 552 1197 583 De-

139 601 217 625 creta
231 593 264 623 &
280 592 386 622 Literas
401 593 591 629 audientias,
609 591 744 621 Nomine
758 591 790 621 &
812 589 986 633 Audioritate
1006 590 1092 620 totius
1112 590 1196 621 Han-

139 639 204 670 zae,
221 631 270 662 sub
292 631 392 668 Sigillo
413 630 541 661 Civitatis
563 628 751 665 LubecensiS‚
769 637 852 664 prout
871 638 957 658 moris
969 627 1027 666 est,
1047 629 1147 659 validas
1162 630 1195 660 &

138 669 287 708 efficaces,
303 669 338 700 de
351 670 384 700 δε
405 668 483 707 super
499 667 726 698 Confirmatione
747 666 780 697 &
798 665 988 697 Innovatione
1009 669 1140 697 omnium
1162 668 1196 698 &

138 708 314 748 singulorum
329 708 560 745 Privilegiorurn,
579 705 753 735 Libertatum
770 705 802 736 δε
819 704 986 736 Liberarurn
1008 704 1198 736 Consuetudi-

140 757 212 778 nurn
234 747 431 786 praedictarum
443 768 453 782 ,
470 744 505 776 ad
525 743 612 774 finem
631 744 664 773 &
688 743 824 774 effectum
846 753 876 774 ut
899 744 1005 774 Ambae
1025 743 1120 775 Partes
1145 744 1197 775 suis

142 784 304 824 hujusmodi
324 783 479 822 Privilegiis
492 805 502 820 ,
521 781 709 813 Libertatibus
729 783 762 813 δε
784 782 895 812 Liberis
915 782 1197 822 Consuetudinibus,

141 825 183 854 uti
199 825 233 855 &
270 822 371 853 audere
385 821 422 851 de
434 829 540 851 caetero
552 819 671 858 possint,
690 820 759 851 ficut
780 820 819 850 usi
837 822 872 851 &
887 821 972 860 gavisi
990 822 1068 859 sunt,
1088 822 1133 853 seu
1157 823 1197 852 uti

142 863 177 894 δε
192 871 245 902 gau
265 871 311 892 ere
323 858 497 896 debuissent,
514 858 534 888 si
550 857 672 889 Guerrae
693 860 725 890 δε
749 859 943 890 Turbationes
956 859 1115 898 hujusmodi
1137 870 1197 890 non

141 902 220 931 conti
244 900 340 929 ssent:
360 897 417 934 Et,
431 897 503 928 curn
515 896 549 927 de
569 896 714 927 Termino
733 896 936 936 MORARI,
955 901 1003 937 qui
1024 901 1143 937 persaepe
1165 900 1195 928 in

140 936 206 970 Prae
218 938 326 968 entibus
348 935 527 973 continetur,
540 944 605 966 ante
627 935 679 966 hac
701 935 878 973 Disceptatio
902 946 961 966 orta
983 936 1042 974 est,
1061 936 1198 968 Concor-

142 977 240 1007 datum
259 974 300 1004 est
312 973 392 1014 quod
410 973 498 1005 nichil
517 973 590 1004 aliud
604 974 633 1004 in
646 974 704 1012 ejus
720 974 932 1012 Significatione
944 977 1088 1006 contineat
1109 977 1197 1016 quarn

142 1013 312 1082 aliquamdiu
337 1013 367 1043 in
390 1012 485 1052 aliquo
511 1012 597 1043 Loco
619 1012 792 1051 perseverare
810 1036 820 1051 ,
849 1024 908 1044 non
929 1022 960 1045 ut
981 1012 1060 1046 Civis
1080 1023 1127 1045 aut
1151 1013 1200 1043 In-

142 1063 181 1085 co
191 1062 215 1082 a.

180 1090 225 1121 Ir
235 1098 254 1121 r:
263 1098 291 1121 M
301 1088 783 1128 ,Appunetuatumssonvenmm
793 1089 1011 1121 Concordatum
1025 1091 1059 1122 &
1073 1089 1203 1122 Conclu-

141 1129 205 1161 sum
222 1128 264 1159 est
286 1127 368 1167 quod
382 1128 411 1157 in
425 1126 523 1158 Causis
539 1128 572 1158 &
588 1127 733 1166 Querelis,
753 1130 900 1159 movendis
912 1127 988 1167 infra
1003 1133 1122 1167 Regnum
1136 1134 1204 1160 An-

138 1167 202 1207 gliae
218 1166 345 1198 adversus
353 1169 520 1196 Mercatores
535 1164 573 1200 ῤ’
587 1168 715 1196 Homines
732 1169 844 1196 Hanzae
859 1168 1020 1206 praedictae,
1038 1168 1082 1199 vel
1100 1168 1136 1198 ab
1153 1170 1204 1208 eis,

141 1207 193 1237 ubi
206 1207 293 1245 agitur
310 1204 347 1235 de
366 1203 527 1236 Contracta
544 1204 590 1235 vel
607 1205 699 1243 quasi,
715 1206 762 1242 qui
778 1205 822 1235 vel
835 1206 911 1243 quod
929 1206 1109 1242 praetenditur
1122 1208 1206 1239 initus

142 1245 189 1276 seu
204 1244 306 1281 factus,
318 1244 420 1273 initum
438 1243 483 1274 seu
501 1242 618 1280 fabium,
632 1252 708 1273 eXtra
725 1242 838 1280 Corpus
857 1244 1059 1282 cujuscumque
1073 1244 1205 1277 Comita-

142 1281 192 1314 tsis
207 1282 308 1322 Regni·
321 1281 432 1320 Angli-x
449 1281 656 1319 deputabuntur
671 1280 848 1312 Audieritate
865 1281 957 1321 Regia
975 1282 1047 1313 Duo
1071 1284 1116 1314 vel
1142 1284 1203 1323 plu-

142 1332 186 1353 res
202 1321 340 1360 Judssoe,
362 1322 441 1360 juxta
463 1319 540 1358 quod
565 1319 621 1350 Rei
646 1320 756 1356 qualitas
779 1321 919 1352 videbitur
940 1322 1051 1360 erigere
1066 1344 1076 1359 ‚
1102 1332 1201 1353 coram

141 1361 246 1398 quibus
265 1360 298 1391 ὅτ.
317 1369 365 1398 per
384 1368 453 1397 quos
472 1358 630 1393 hujusmodi
651 1357 750 1388 Causae
769 1358 826 1389 sive
846 1359 995 1397 Qierelae,
1016 1360 1126 1390 Levato
1142 1361 1201 1391 Ve-

142 1398 172 1429 lo
188 1423 198 1436 ,
225 1408 258 1429 ac
279 1398 335 1428 fine
353 1397 475 1434 Strepitu
494 1398 528 1428 &
546 1396 644 1434 Figura
663 1396 768 1434 Judicii
784 1420 793 1434 ‚
818 1398 901 1428 citius
919 1398 951 1428 &
970 1398 1203 1436 compendiosius

141 1447 203 1473 quo
223 1436 282 1467 fieri
301 1434 426 1474 poterit,
455 1435 554 1466 Audiri
571 1432 692 1466 debeant
709 1436 742 1465 &
761 1435 947 1474 Terminari;
974 1436 1003 1466 Si
1019 1460 1029 1474 ,
1052 1437 1201 1476 videlicet,

142 1477 201 1506 hoc
224 1475 315 1513 ipsum
338 1483 446 1513 petatur
473 1475 507 1504 ὃς
531 1474 688 1511 requiratur
703 1484 719 1503 a
738 1473 948 1504 Mercatoribus
963 1484 1009 1505 aut
1024 1475 1202 1506 Hominibus

140 1514 301 1552 supradietis
316 1537 326 1550 ,
385 1522 398 1542 r
416 1522 487 1550 quos
504 1513 657 1548 contigerit
675 1511 832 1543 Adtionem
850 1513 1010 1550 hujusmodi
1028 1515 1138 1544 moveri
1158 1515 1202 1546 vel

140 1552 317 1589 attemptari:
337 1523 384 1582 ἔξ
393 1550 472 1588 quod
488 1560 524 1581 eo
539 1549 612 1581 Casu
630 1549 721 1581 nullus
740 1550 886 1581 Mercator
901 1551 946 1581 vel
959 1552 992 1581 N
996 1560 1058 1582 auta
1075 1552 1111 1582 de
1124 1552 1204 1583 Han-

141 1592 169 1622 sa
185 1590 333 1628 Judicium
358 1588 563 1619 Admirallitatis
585 1588 676 1619 subire
703 1597 827 1620 teneatur
843 1612 852 1626 ‚
878 1599 933 1620 nec
958 1590 991 1620 ad
1015 1591 1074 1621 hoc
1098 1600 1203 1622 artetur

140 1627 363 1667 quomodolibet
378 1627 407 1656 in
424 1627 568 1657 futurum:
583 1626 623 1658 Et
636 1626 715 1665 quod
733 1627 799 1658 fiant
816 1627 1022 1659 prohibitiones
1037 1630 1124 1668 regiae
1140 1630 1200 1661 Ad-

142 1666 272 1704 mirano,
287 1667 321 1696 Sc
340 1666 398 1704 ejus
414 1663 585 1703 Officiariis,
601 1674 635 1695 ac
656 1666 702 1696 alii
724 1665 768 1696 vel
791 1667 848 1696 aliis
871 1667 1096 1705 quibuscumque
1105 1668 1201 1707 Judici

142 1705 188 1736 vel
201 1704 366 1744 judicibus,
383 1712 467 1741 prout
479 1713 551 1742 opus
569 1704 641 1740 erit,
658 1705 696 1734 ne
711 1703 749 1734 Se
763 1704 800 1735 de
815 1704 859 1735 vel
873 1705 901 1735 in
928 1706 1087 1744 hujusmodi
1105 1706 1204 1739 Caufis

141 1743 188 1774 seu
241 1743 340 1774 uerelis
352 1743 542 1773 intromittant
556 1742 601 1772 vel
617 1743 796 1782 interponant
811 1742 904 1773 Partes
925 1744 983 1774 suas
1000 1755 1120 1782 quoquo
1138 1756 1203 1776 mo-

141 1782 181 1813 do
197 1793 209 1819 ς,
263 1780 388 1812 onfimili
416 1780 581 1811 Provifione
601 1780 773 1811 observanda
793 1781 918 1812 Subditis
941 1785 1019 1822 Regis
1037 1783 1152 1822 Angliae
1172 1786 1202 1815 in

139 1823 230 1852 Terris
242 1820 354 1851 Hanzae
369 1819 402 1850 &
416 1829 519 1850 eorum
532 1819 700 1849 districtibus
714 1820 948 1859 quibuscumque.

178 1859 287 1890 ITEM
325 1858 579 1896 AppunQamm,
596 1857 803 1896 Convenmm,
823 1858 1058 1899 Concordatum,
1076 1861 1203 1892 &Con-

1220 197 1699 245 PUBLicA.
2250 224 2303 266 37

1232 283 1317 327 cabfli
1337 293 1458 322 eorum,
1476 284 1510 317 ad
1534 296 1607 331 quos
1625 288 1690 332 ipsae
1716 288 1879 322 Manfiones
1902 291 1937 324 δε
1953 292 2069 326 Domus
2089 294 2285 336 pertinebant3
2304 294 2380 327 Arm.
2395 293 2438 327 D.

1231 323 1366 365 omnibus
1391 324 1425 353 &
1446 323 1554 367 singulis
1579 326 1690 371 Statutis
1712 327 2014 371 &Consuetudinibus
2039 332 2132 371 Regni
2156 334 2285 375 Angliae,
2326 342 2412 373 1474·

1233 359 1395 398 caeterisque
1408 363 1538 392 universis
1554 362 1777 401 Exceptionibus
1790 367 1851 410 tam
1861 367 1933 405 Juris
1947 370 2032 407 quam
2050 370 2145 408 Faffl,
2163 373 2197 403 &
2217 374 2287 404 dolo
2305 374 2371 401 Edu.
2389 384 2420 408 4·

1233 398 1394 441 {Sc-fraude,
1413 408 1554 444 quantum·
1563 401 1598 431 ad
1610 401 1771 441 Praemissa,
1789 406 1899 442 penitus
1918 406 2028 438 semotis
2047 409 2080 439 ὃ(
2104 410 2270 443 ceffanribus

1232 436 1344 473 ahisque
1359 446 1418 466 non
1434 437 1608 469 obstantibus
1627 442 1860 480 quibuscumque.
2277 435 2288 451 ³

1271 473 1316 504 ΙΤ
1326 482 1379 505 ΕΜ
1389 498 1397 511 ,
1416 474 1646 520 Appuntstuatum
1657 501 1666 516 ,
1683 478 1870 511 Conventum
1880 504 1890 519 ,
1907 479 2120 515 Concordatum
2129 506 2139 524 ,
2155 487 2188 517 ὃς
2204 487 2288 519 Con-

1233 512 1342 544 clusum
1365 512 1406 543 est
1435 513 1516 551 quod
1533 537 1543 550 ,
1570 524 1598 543 in
1630 515 1854 549 Satisfatstionem
1884 522 2017 550 omnium
2050 523 2082 553 &
2114 525 2288 564 singulorum

1233 550 1456 589 Dampnorum,
1475 552 1687 583 Mercatoribus
1713 555 1746 585 &
1766 556 1823 586 aliis
1849 556 2024 588 Hominibus
2047 561 2150 600 Hanfie
2174 566 2289 601 quibus-

1232 599 1359 628 cumque
1372 590 1407 621 ab
1424 589 1548 627 Anglicis
1564 591 1648 629 usque
1662 595 1690 622 in
1707 593 1872 631 praesentem
1893 594 1982 625 Diem
2003 596 2141 629 illatorum
2153 624 2161 638 ‚
2180 611 2211 632 ac
2233 612 2288 640 pro

1232 630 1367 658 omnibus
1387 628 1420 659 δε
1441 629 1550 668 singulis
1571 629 1656 659 Odiis
1679 631 1712 661 &
1733 630 1924 668 Displicentiis
1945 633 1982 663 de
2002 635 2100 665 animis
2125 637 2289 671 Hominum

1232 667 1313 704 ipfius
1328 665 1432 705 Hanse'e
1445 667 1572 699 adversus
1586 668 1719 698 Subditos
1742 669 1872 700 Coronae
1893 671 2004 709 Angliae
2026 673 2190 711 extirpandis
2209 679 2241 708 &
2259 690 2289 710 a·

1232 705 1378 742 bolendis,
1398 705 1473 736 idem
1492 705 1637 737 Dominus
1652 709 1728 744 Rex,
1746 707 1782 738 de
1799 708 1843 739 sua
1858 707 1955 740 Gratia
1975 712 2007 741 &
2033 710 2227 745 Munificentia
2243 717 2290 748 sua

1233 742 1344 781 Regia,
1362 743 1490 783 largietur
1513 745 1680 775 Civitatibus
1696 748 1827 784 Hanzae,
1848 746 1917 777 ultra
1936 746 2051 779 Domos
2073 750 2106 780 &
2130 750 2291 785 Mansiones

1231 782 1403 820 antediem,
1421 792 1527 814 certam
1552 783 1724 814 Notabilem
1744 784 1894 815 Summam
1918 784 2051 817 Pecuniae
2071 787 2288 831 sterlingorum,

1232 830 1355 858 quorum
1376 821 1556 852 Solutionem
1581 822 1716 860 consequi
1737 822 1841 853 debent
1862 825 1999 861 proximis
2032 825 2129 856 futuris
2152 830 2294 860 continuis

1232 860 1323 890 Annis
1334 868 1369 890 ex
1383 861 1519 890 omnibus
1535 861 1569 891 ὃς
1582 861 1694 899 singulis
1710 860 1874 900 Custurnis‚
1892 862 1927 892 ad
1947 862 2059 902 Regem
2074 865 2293 906 pertinentibus,

1231 897 1268 928 de
1291 898 1416 937 ipsorum
1438 897 1587 930 Mercibus
1608 899 1708 930 Licitis
1732 900 1766 930 &
1788 910 1848 931 non
1871 899 2023 932 Prohibitis
2040 925 2050 940 ‚
2075 912 2142 940 quas
2166 905 2194 934 in
2217 905 2294 935 idern

1234 935 1370 975 Regnum
1384 936 1484 968 adduci
1500 937 1546 968 seu
1559 938 1596 968 ab
1615 937 1719 969 eodem
1732 937 1841 976 Regno
1855 938 1936 969 educi
1949 942 2116 979 contigerit,
2135 951 2170 971 eo
2189 942 2223 973 &
2248 943 2295 974 tali

1236 976 1327 1005 modo
1351 975 1432 1014 quod
1453 976 1510 1006 illas
1529 975 1681 1007 Custumas
1705 977 1884 1008 Mercatores
1905 977 2017 1008 Hanzae
2032 979 2197 1011 Londoniae
2214 980 2296 1011 Resi-

1234 1012 1331 1044 dentes
1344 1015 1374 1044 in
1390 1014 1570 1045 Solutionem
1587 1015 1710 1053 praefarae
1726 1015 1854 1046 Summae
1867 1017 2001 1055 recipiant
2015 1020 2160 1056 quousque
2177 1019 2210 1049 ad
2226 1020 2297 1050 inte-

1235 1059 1316 1090 gram
1336 1052 1517 1084 Solutione'm
1538 1054 1595 1090 ejus
1613 1056 1628 1070 *
1647 1055 1834 1093 perveniant,
1854 1054 1971 1085 Proviso
1994 1056 2074 1093 quod
2099 1056 2228 1095 nullum,
2248 1059 2296 1096 qui
2315 1066 2335 1086 ιιι
2355 1068 2404 1097 XL

1238 1099 1297 1119 non
1314 1090 1345 1120 sit
1357 1091 1395 1121 de
1407 1101 1508 1122 eorum
1518 1090 1625 1122 Guilda
1636 1093 1682 1123 vel
1694 1093 1952 1132 Societate,neque
1969 1094 2049 1132 ipfius
2059 1094 2138 1127 Bona
2154 1096 2298 1128 advocent
2316 1115 2381 1142 797,

1239 1128 1285 1159 vel
1302 1129 1433 1160 colorent
1448 1130 1544 1168 aliquo
1560 1130 1659 1160 modo.

1278 1166 1376 1205 Qiam
1394 1168 1510 1205 quidem
1527 1167 1692 1206 Summam,
1710 1169 1776 1200 licet
1797 1169 1867 1200 olim
1888 1169 1924 1200 ad
1946 1170 2111 1210 Qindecim
2136 1172 2221 1202 Milia
2243 1173 2297 1204 Li-

1238 1204 1349 1234 brarum
1363 1205 1518 1244 Taxaram,
1535 1215 1642 1238 attento
1655 1209 1732 1246 quod
1749 1217 1797 1245 per
1808 1207 1944 1239 Oratores
1952 1210 2079 1248 Angitae,
2088 1210 2121 1240 ad
2137 1211 2296 1243 instantiam

1240 1243 1397 1274 Oratorum
1412 1243 1533 1282 Hansae,
1549 1246 1605 1282 jam
1618 1246 1838 1277 Concordatum
1860 1246 1952 1278 existit
1974 1249 2054 1286 quOd
2077 1248 2223 1280 Dominus
2236 1253 2298 1281 Rex

1238 1281 1367 1320 Angliae,
1384 1282 1423 1313 sui
1439 1282 1576 1313 Haeredes
1589 1285 1622 1314 &
1637 1284 1835 1323 Succeffores,
1852 1295 1954 1316 omnes
1969 1287 2002 1317 &
2017 1286 2139 1325 singulos
2158 1290 2300 1319 Mercato-

1238 1330 1280 1349 res
1302 1319 1341 1355 <ly
1365 1322 1493 1350 Homines
1511 1321 1616 1360 Hansfe
1633 1324 1853 1354 manutenebunt
1875 1325 1909 1355 &
1931 1325 2081 1356 servabunt
2107 1325 2300 1365 Indempnes²

1238 1367 1301 1397 erga
1323 1360 1520 1398 quoscumque
1541 1359 1676 1391 Subditos
1694 1362 1769 1400 suos,
1786 1363 1823 1391 ab
1847 1364 1929 1393 omni
1950 1363 2091 1402 Afflone,
2111 1364 2301 1404 Qiaestione,

1238 1397 1271 1427 &
1297 1396 1363 1428 Lite
1379 1421 1389 1435 ,
1414 1407 1479 1435 quae
1501 1398 1650 1430 occasione
1675 1398 1842 1437 Injuriarum
1861 1410 1908 1432 aut
1923 1400 2074 1439 Captionis
2092 1401 2301 1443 Personarum,

1240 1434 1382 1473 Navium,
1400 1435 1564 1474 Mercium,
1579 1437 1624 1468 seu
1640 1437 1753 1468 Rerum
1771 1448 2030 1479 quarumcumque,
2049 1441 2223 1479 temporibus
2238 1445 2301 1481 qui-

1239 1473 1416 1512 buscumque
1427 1476 1586 1512 praeteritis,
1605 1477 1643 1506 eis
1657 1484 1703 1507 aut
1718 1486 1819 1507 eorum
1833 1478 1913 1508 alicui
1931 1478 2055 1510 adversus
2068 1480 2140 1517 ipsos
2153 1480 2189 1510 de
2205 1480 2301 1511 Hansa

1239 1513 1424 1550 competebat
1437 1513 1482 1543 seu
1498 1523 1663 1551 competere
1681 1515 1793 1552 potuit,
1807 1514 1878 1546 dieti
1895 1515 2029 1548 Oratores
2042 1518 2153 1550 Hanzae
2168 1518 2301 1550 modera-

1239 1559 1302 1581 runt
1317 1551 1351 1581 &
1365 1550 1493 1582 taxarunt
1506 1551 1540 1581 ad
1558 1553 1707 1583 Summam
1730 1556 1827 1583 Decem
1853 1553 1963 1584 Milium
1986 1555 2135 1586 Librarum
2152 1556 2301 1596 sterlingo-

1239 1600 1298 1618 rum
1310 1596 1472 1627 dumtaxat,
1513 1600 1609 1621 uarum
1621 1593 1719 1621 Decem
1735 1591 1847 1621 Milium
1864 1592 2013 1623 Librarum
2036 1594 2240 1626 Retentionem
2263 1597 2299 1628 &

1238 1627 1419 1658 Solutionem
1435 1628 1485 1666 ipsi
1539 1638 1678 1660 creatores
1691 1629 1727 1662 de
1741 1639 1842 1661 eorum
1857 1629 2002 1662 Custumis
2015 1633 2150 1671 consequi
2163 1635 2197 1665 δε
2213 1634 2301 1665 habe-

1240 1675 1271 1696 re
1292 1666 1411 1705 debent,
1430 1667 1519 1698 Annis
1540 1669 1676 1706 proximo
1696 1669 1803 1716 futuris,
1819 1678 1849 1701 ut
1864 1670 2024 1708 praefertur,
2043 1670 2228 1710 obligatione
2239 1672 2303 1703 Re-

1240 1704 1285 1744 gia
1307 1705 1337 1735 in
1357 1706 1469 1736 meliori
1490 1706 1524 1737 &
1543 1706 1698 1738 efficaciori
1712 1707 1820 1746 forma,
1838 1717 1889 1746 per
1905 1707 2012 1739 Literas
2024 1708 2082 1740 suas
2098 1709 2241 1748 Parentes,
2260 1710 2304 1740 di-

1241 1744 1293 1774 etis
1314 1743 1527 1775 Mercatoribus
1546 1745 1661 1783 desuper
1684 1745 1835 1776 facienda:
1868 1745 1903 1776 In
1927 1757 1987 1786 quo
2005 1746 2078 1779 Casu
2099 1748 2134 1779 &
2153 1748 2306 1779 Praemiffis

1241 1782 1316 1812 bene
1331 1783 1364 1812 &
1379 1782 1495 1813 fideliter
1511 1784 1699 1822 perimpletis,
1719 1784 1788 1814 dieti
1803 1788 1934 1815 Oratores
1946 1788 2058 1815 Hanzae
2075 1786 2197 1818 fatentur
2209 1788 2243 1819 &
2260 1797 2306 1819 re-

1242 1820 1433 1859 cognoscunt,
1452 1821 1586 1853 Nomine
1600 1824 1684 1854 totius
1698 1822 1827 1861 Hanzae,
1845 1823 1928 1862 ipficm
1940 1827 2087 1854 Dominum
2094 1828 2208 1864 Regem,
2225 1825 2303 1856 suos·

1243 1869 1300 1896 que
1315 1859 1511 1898 Successores,
1528 1860 1679 1899 sabditos,
1697 1862 1730 1893 &
1744 1861 1848 1900 Ligeos
1861 1862 1989 1893 Coronae
2006 1863 2137 1908 Angliae,
2157 1864 2305 1901 praesentes

0 1918 15 1938 ,
33 1919 76 1948 XI
142 1897 251 1929 clusum
266 1882 307 1928 esi
321 1895 419 1935 quod,
435 1896 455 1915 ²*
474 1895 646 1940 confirmatis
659 1896 715 1927 five
730 1897 867 1941 innovatis
883 1896 974 1943 Carris
987 1899 1203 1944 Privilegiorum
1243 1898 1276 1927 &
1292 1897 1416 1937 futuros,
1436 1900 1472 1943 ab
1486 1900 1621 1930 omnibus
1644 1900 1809 1944 &nfintgulis
1832 1899 1989 1946 Dampnis,
2008 1900 2134 1945 Iniuriis,
2152 1903 2307 1941 spoliatio-

79 1939 87 1949 ·
141 1938 176 1968 &
198 1935 427 1966 Conceffionum
440 1957 450 1973 ,
466 1935 602 1966 omnibus
619 1936 653 1966 &
672 1935 781 1974 singulis
796 1945 959 1968 memoratis
974 1936 1118 1968 Dominus
1136 1939 1202 1969 Rex
1241 1937 1324 1967 nibus
1339 1960 1349 1975 ,
1367 1936 1485 1977 Rapinis
1499 1960 1510 1975 ‚
1527 1937 1796 1969 incarcerationibus
1812 1961 1822 1975 ‚
1841 1939 2076 1970 Arrestationibus
2096 1940 2282 1972 Personarum
2293 1962 2306 1979 ,

0 1959 62 1994 79⁶·
140 1974 270 2013 expediet
283 1984 332 2014 per
348 1972 556 2005 Cancellarium
575 1973 656 2004 suurn
678 1973 799 2012 Literas;
816 1974 932 2013 Brevia,
947 1977 980 2007 ὃς
1005 1975 1142 2007 Mandata
1162 1977 1202 2008 E-
1240 1973 1389 2005 Bonorum
1409 1998 1419 2013 ,
1434 1977 1468 2006 &
1489 1976 1729 2008 Mercandisarum
1745 1999 1754 2015 ,
1771 1977 2010 2016 Alienationibus,
2029 1977 2305 2017 Distributionibus,

140 2013 273 2052 dietaque
288 2014 320 2044 &
337 2011 580 2043 Proclamationes
596 2011 720 2050 publicas
734 2012 768 2043 ad
782 2023 885 2043 omnes
901 2014 935 2044 &
953 2015 1074 2053 fingulos
1099 2015 1203 2047 Portus

140 2050 1097 2128 {qiiaffffiifflieggiii‘iffffi‘ss‘sscssffli'riiffdiffi‘§Effressrisse'vian‘i
1110 2054 1199 2085 finem

141 2138 239 2167 mam,
257 2129 291 2161 δε
308 2127 446 2159 effeetum
465 2100 651 2166 gorumdem,
668 2113 885 2167 conser'ventur,
901 2139 989 2168 utque
1000 2117 1201 2170 Abufioiribus,

140 2166 414 2206 Interruptionibus‚
434 2168 468 2198 &
482 2166 712 2205 impedimentis,
728 2167 799 2197 olim
823 2177 872 2204 per
889 2167 1052 2199 Officiarios
1074 2169 1198 2201 Domini

139 2205 249 2244 Regis,
268 2214 298 2236 ut
314 2205 511 2243 praetenditur,
530 2213 629 2235 contra
643 2206 677 2236 &
694 2205 822 2236 adversus
834 2206 962 2237 Tenores
977 2207 1197 2247 Privilegiorum

139 2243 300 2283 hujusmodi
321 2243 573 2274 Intervenientibus
593 2252 676 2281 atque
693 2243 791 2282 factis,
808 2244 845 2275 de
860 2254 964 2276 caeteto
983 2246 1127 2278 efficacius
1142 2248 1200 2277 ob-

139 2284 254 2321 vietur,
280 2280 319 2313 Et
339 2282 420 2320 quod
439 2283 543 2313 totiens
569 2283 697 2320 quotiens
721 2282 813 2313 draus
834 2286 966 2314 Dominus
986 2288 1046 2320 Rex
1069 2294 1115 2316 aut
1137 2286 1199 2317 suus

138 2320 330 2352 Cancellarius
345 2320 379 2351 ad
395 2321 453 2352 hoc
470 2331 520 2359 per
536 2319 712 2351 Mercatores
727 2320 810 2352 fuerit
825 2323 978 2359 requisitus.

176 2359 266 2391 ITEM
283 2382 292 2398 ,
330 2360 498 2390 ariformiter
519 2359 752 2397 Appuntiuatum
767 2382 777 2397 ,
796 2359 986 2392 Conventum
1001 2384 1010 2400 ,
1028 2360 1200 2395 Concorda-

137 2405 222 2436 tum,
239 2399 272 2430 &
317 2398 465 2429 onclusum
488 2397 549 2436 est,
569 2397 642 2428 Casu
666 2408 725 2435 quo
748 2398 873 2436 Civitas,
891 2399 982 2438 Villa,
999 2400 1044 2431 vel
1067 2401 1198 2440 Opidum

138 2437 273 2476 aliquod,
291 2435 337 2467 vel
361 2436 499 2467 Officialis
518 2444 563 2466 aut
589 2435 802 2473 Custumarius,
819 2437 865 2467 vel
887 2438 953 2469 alius
974 2438 1110 2471 Subditus
1135 2442 1200 2479 qui-

136 2485 264 2512 cumque
288 2473 465 2506 Illustriffimi
492 2477 606 2505 Domini
628 2477 706 2512 Regis
729 2478 910 2506 Mercatorem
941 2477 992 2507 vel
1016 2479 1143 2508 Nautam
1167 2479 1200 2509 de

137 2514 241 2555 Hanfiz
253 2516 280 2544 in
296 2513 390 2553 aliquo
401 2537 410 2552 ,
427 2522 528 2544 contra
540 2513 690 2544 Tenorem
709 2514 743 2545 &
759 2513 907 2545 Contenta
923 2514 1018 2546 Cartae
1033 2516 1200 2557 Privilegio-

136 2561 203 2583 rum
221 2553 353 2590 suorum,
372 2552 519 2590 Gravare,
537 2551 681 2590 Onerare,
700 2551 858 2591 Arrestare,
876 2553 922 2584 vel
947 2554 1103 2586 Molestare
1126 2566 1201 2594 prae-

137 2590 284 2629 sumpserit
298 2615 308 2627 ,
334 2599 437 2636 extunc
460 2590 605 2621 Dominus
628 2589 816 2634 Cancellarius
843 2592 958 2629 Angliae
989 2603 1042 2631 pro
1056 2602 1201 2638 ¹tempore

137 2628 1200 2713 {iffi‘iffbffisslssissssnssffiffvssffl,crfi'tnag‘t‘ssiifflassssssssrffisffhfflavvfi

137 2706 262 2737 minibus
275 2729 285 2744 ,
301 2707 335 2738 &
360 2704 608 2737 Molestationibus
629 2706 679 2736 sub
700 2706 792 2737 Poena
813 2707 847 2738 ad
868 2707 960 2738 statim
984 2708 1121 2740 desistant.
1161 2710 1198 2741 Et

137 2745 216 2782 quod
239 2745 288 2774 sub
312 2752 389 2775 certa
408 2744 500 2775 Poena
523 2743 663 2775 Officiarii
682 2745 715 2775 &
739 2745 913 2777 Custumarii
935 2748 964 2777 in
984 2748 1110 2779 futurum
1134 2750 1197 2780 talia

137 2792 199 2827 non
219 2783 412 2822 temptabunt,
430 2784 463 2814 &
483 2782 563 2823 quod
584 2784 620 2814 ab
640 2784 678 2814 eis
700 2782 831 2816 desistent
844 2786 905 2823 jam
921 2787 1010 2824 ceptis
1030 2786 1049 2817 si
1066 2797 1121 2825 qua
1138 2789 1198 2818 fue-

138 2829 203 2851 rint.

172 2859 216 2890 Ιτ
227 2868 245 2890 ε
255 2865 302 2896 M,
317 2858 569 2899 Appunc'tuatum,
587 2858 777 2890 Conventuin
788 2885 798 2897 ,
816 2860 1037 2893 Concordatum
1047 2885 1056 2901 ,
1071 2864 1197 2895 &Con-

134 2897 244 2929 clusum
268 2897 310 2928 est
330 2897 410 2936 quod
429 2896 623 2928 serenissimus
635 2901 696 2941 Rex
709 2897 821 2936 Angliae
831 2923 841 2937 ,
855 2900 890 2930 ad
907 2902 1069 2932 uberiorem
1085 2902 1196 2934 Sarisfa-

134 2937 266 2968 fflonem
282 2937 316 2968 ὅτ
332 2936 562 2979 Recompensam
576 2945 708 2966 omnium
728 2938 760 2967 &
780 2937 951 2977 singulorum
976 2938 1197 2981 Dampnorum,

134 2973 318 3013 Injuriarum,
336 2976 370 3006 ὅ(
384 2973 649 3012 Contumeliarum,
666 2974 701 3004 de
716 2975 817 3013 quibus
839 2986 887 3013 per
908 2976 1043 3008 Subditos
1068 2978 1197 3010 Coronae

134 3012 292 3044 Hominibus
300 3013 407 3054 Hanste
421 3013 501 3043 saetis
512 3013 546 3044 &
559 3014 717 3052 perpetratis
734 3013 926 3051 multipliciter
938 3016 1111 3053 querelarum
1135 3017 1195 3057 est,

134 3060 237 3089 praeter
251 3052 286 3083 &
299 3052 368 3083 ultra
381 3052 444 3083 alias
458 3051 665 3088 Recotnpcnsas
680 3053 871 3091 quascumque
893 3055 1078 3086 concordatas
1092 3057 1126 3086 &
1147 3057 1197 3087 ad·

134 3090 253 3128 visatas,
265 3099 354 3122 certas
370 3090 490 3122 Domos
507 3091 540 3121 δε
562 3089 744 3129 Manfiones,
758 3092 797 3121 eis
813 3092 846 3122 &
865 3102 966 3122 eorum
980 3093 1194 3125 Successoribus

134 3128 586 3198 fflffle‘ffirp‘ssffidffiffissr
594 3129 734 3198 ‘¹3:253'ssss
740 3153 749 3167 ³
756 3131 962 3199 Essfih‘iffibi}
969 3131 1014 3162 seu
1023 3135 1193 3173 “ppmp'ia‘i

133 3177 512 3250 sfaethsseffuias⁶2251g2ss¹d,
531 3215 601 3236 cum
622 3206 713 3236 eidem
735 3180 1189 3250 Adiraerentibusnffldiiic‘iisfag

133 3243 256 3281 ejusdem
270 3244 402 3276 univerfis
413 3245 544 3283 juribus,
564 3244 649 3282 usque
658 3243 692 3274 ad
705 3244 922 3276 Guildehaldam
939 3246 1190 3279 Theutonicorum

132 3280 273 3312 inclusive
289 3282 316 3313 se
338 3283 552 3314 extendentem:
572 3286 662 3321 Item,
681 3284 709 3312 in
730 3282 804 3314 Villa
825 3283 860 3315 de
882 3284 988 3315 Boston
1013 3286 1131 3317 Curiam
1153 3288 1190 3319 de

132 3318 293 3359 Staelhoeff,
308 3320 372 3352 alias
383 3321 489 3352 dictam
504 3320 638 3356 Stylierd:
654 3320 693 3351 Et
714 3321 795 3359 quod
817 3322 845 3352 in
860 3322 934 3354 Villa
956 3323 992 3354 de
1016 3324 1114 3355 Lenna
1135 3336 1191 3357 una

131 3356 248 3388 Domus
265 3360 417 3400 consimilis
436 3370 489 3398 pro
512 3359 575 3390 Usu
603 3361 637 3392 &
667 3359 799 3392 Utilitate
824 3362 972 3392 dierorum
1001 3366 1187 3394 Mercatorum

130 3395 331 3433 Hanzaestrxta
339 3398 434 3436 Aquas
447 3397 609 3435 ordinetur,
625 3405 664 3428 ac*
673 3398 795 3430 similiter
810 3409 860 3437 per
873 3402 996 3431 eundem
1020 3401 1184 3434 Dominum

130 3433 247 3473 Regem
260 3435 298 3465 eis
316 3437 353 3467 &
366 3446 468 3467 eorum
492 3437 701 3467 Succefforibus
721 3438 929 3476 imperpetuum
951 3439 1115 3478 possidenda
1137 3452 1187 3480 ap-

128 3473 303 3511 proprietur:
323 3472 440 3505 Proviso
453 3475 533 3513 quod
550 3475 647 3505 Onera
661 3485 807 3515 perpetua,
825 3477 968 3516 praeditftae
992 3477 1105 3510 Domui
1131 3481 1186 3518 (vi-

127 3511 233 3555 delicet
245 3533 256 3548 ,
272 3511 431 3554 §taelboeff)
447 3523 515 3557 cum
535 3514 585 3544 fibi
604 3513 820 3547 Adhaerentibus
836 3539 845 3554 ‚
870 3517 962 3555 petitis
982 3518 1010 3547 in
1032 3517 1186 3551 Londonia

126 3558 163 3581 ex
177 3557 296 3587 antiquis
311 3549 548 3593 Fundationibus,
564 3552 610 3582 seu
625 3551 731 3583 Christi
758 3554 894 3585 Fidelium
920 3556 1026 3586 ultimis
1040 3556 1187 3590 rVolunra-

127 3589 218 3624 tibus,
234 3587 268 3617 ad
289 3587 492 3618 exhibitionem
514 3589 701 3621 Personarum
723 3591 999 3631 Ecclefiasticarum,
1016 3594 1062 3625 seu
1085 3595 1118 3626 ad
1137 3597 1185 3626 ali-

129 3637 163 3658 os
181 3625 250 3656 Pios
269 3623 348 3655 Usus
367 3633 475 3656 annexa
495 3626 529 3657 δε
549 3629 761 3667 incumbentia,
780 3640 829 3668 per
847 3631 939 3663 dictos
956 3633 1135 3664 Mercatores
1150 3636 1183 3665 &

126 3674 230 3696 eorum
247 3662 435 3708 *Successores
453 3665 632 3707 agnoscantur
646 3689 657 3705 ,
674 3667 871 3705 supportentur
884 3691 895 3707 ,
909 3669 943 3701 &
965 3672 1184 3709 pei-impleantur

127 3705 158 3734 in
171 3702 307 3734 omnibus
323 3703 355 3734 &
376 3711 554 3740 peremnia,
570 3713 655 3740 prout
669 3704 851 3742 Proprietarii
867 3709 1029 3738 earumdem
1051 3711 1182 3741 moderni

126 3742 184 3780 ipsa
205 3741 302 3772 Onera
322 3739 477 3784 agnoscere
490 3763 500 3777 ,
526 3740 685 3783 supportare
698 3765 708 3781 ,
731 3744 764 3773 ὅ(
785 3745 951 3781 perimplere
972 3754 1100 3778 tenentur
1112 3755 1131 3787 3⁶
1149 3759 1183 3780 ac

127 3780 259 3819 proviso,
276 3789 327 3818 per·
343 3779 449 3809 Literas
461 3777 584 3815 Regias,
604 3779 682 3816 quod
703 3782 901 3812 Mercatoribus
922 3784 1024 3822 Hansae
1064 3788 1182 3817 raediaelae

127 3819 164 3850 &
179 3827 279 3849 eorum
300 3816 512 3848 Successoribus
529 3816 625 3860 licebit
639 3817 806 3857 supradietas
824 3819 939 3851 Domos
961 3823 994 3852 ὃ(
1017 3793 1182 3856 Nssnsiones

127 3855 243 3895 Regere
257 3858 291 3888 ὅ(
305 3855 489 3894 Gubernare,
506 3864 615 3891 antiqua
629 3856 792 3887 earumdem
813 3857 909 3897 Tigna
931 3859 1128 3902 Submoveoe,
1145 3865 1179 3895 ὃ(

128 3904 206 3925 nova
224 3894 371 3933 Iniungere
384 3919 393 3932 ,
412 3894 532 3932 ipsasque
556 3893 673 3937 Domos
696 3895 731 3924 δε
752 3893 913 3927 Mansiones
929 3920 939 3935 ,
954 3908 1022 3929 cum
1046 3903 1179 3932 universis

127 3942 225 3963 earum
245 3931 402 3972 AEdificiis,
417 3934 447 3963 in
472 3941 536 3963 toto
559 3932 604 3962 vel
627 3942 655 3961 in
679 3942 754 3969 parte
774 3933 933 3970 simpliciter
947 3937 1064 3977 tollere,
1082 3941 1116 3971 ὅ(
1130 3941 1180 3971 alia

128 3980 183 4011 pro
208 3970 257 4001 sua
274 3970 428 4003 Voluntate
450 3970 634 4008 reaedificare,
651 3980 719 4000 cum
738 3971 892 4008 plenissima
915 3973 1058 4007 Potestate
1084 3979 1180 4009 utendi

1140 2093 1200 2124 for-

1238 2012 1492 2053 Partitionibusque
1508 2015 1695 2054 eorumdem,
1712 2016 1741 2045 in
1757 2015 1791 2045 &
1804 2015 1931 2046 adversus
1951 2016 2128 2047 Mercatores
2143 2018 2176 2048 ὃς
2196 2018 2305 2049 Homi-

1240 2061 1289 2082 nes
1304 2052 1437 2092 Hanzae,
1454 2063 1503 2091 per
1518 2053 1633 2093 Regem
1653 2055 1686 2085 δε
1701 2053 1795 2092 Reges
1813 2053 1945 2093 Angli-ae,
1963 2055 2060 2085 suosve
2083 2055 2236 2096 Subditos,
2254 2065 2305 2094 per

1239 2091 1313 2121 viam
1329 2090 1424 2130 Facti,
1445 2102 1496 2130 per
1511 2093 1588 2124 viam
1600 2092 1704 2131 Judicii
1726 2093 1759 2123 &
1780 2092 1934 2123 Sententiae
1945 2115 1954 2131 ,
1970 2093 2015 2124 seu
2035 2092 2217 2125 Executionis
2228 2119 2237 2133 ,
2255 2103 2303 2127 aut

1238 2129 1315 2160 aliter
1333 2131 1615 2169 quomodocumque
1637 2129 1805 2161 Commiffis
1827 2133 1872 2161 seu
1889 2131 2087 2172 Attemptatis‚
2107 2131 2303 2172 Exoneratos‚

1239 2168 1410 2207 Absolutus,
1428 2169 1462 2200 &
1476 2170 1620 2208 Qiet03‚
1638 2169 1765 2207 ipsosque
1785 2170 1818 2201 ὅ(
1844 2179 1946 2200 eorum
1969 2171 2144 2208 quemlibet,
2163 2173 2193 2202 in
2215 2182 2303 2204 even-

1240 2215 1302 2237 tum
1318 2208 1352 2238 ὃς
1365 2208 1458 2238 casum
1473 2208 1679 2248 supradictum,
1696 2208 1734 2238 de
1748 2208 1853 2239 eisdem
1864 2210 2024 2247 acquietant
2039 2210 2072 2240 &
2086 2209 2235 2241 absolvunt
2253 2210 2303 2241 fir-

1236 2246 1320 2275 miter
1338 2256 1387 2283 per
1403 2245 1565 2278 Praesentes.

1275 2283 1325 2314 Est
1342 2285 1468 2323 insuper,
1488 2296 1540 2323 pro
1562 2286 1661 2324 majori
1680 2285 1848 2316 certitudine
1868 2284 2100 2324 Praemissorum,
2117 2287 2188 2318 iuter
2201 2287 2302 2324 praefa-

1238 2330 1283 2353 tos
1306 2322 1443 2354 Oratores
1466 2323 1610 2361 Didium,
1632 2324 1797 2355 Advisatum
1812 2347 1822 2362 ‚
1840 2324 1874 2354 &
1895 2323 2114 2354 Concordatum
2140 2325 2220 2362 quod
2235 2348 2246 2364 ,
2269 2328 2302 2357 in

1237 2362 1371 2392 omnibus
1398 2362 1431 2392 ὃς
1455 2363 1565 2402 singulis
1585 2362 1728 2393 Portubus
1750 2364 1783 2394 &
1805 2363 1911 2400 Locis,
1929 2363 1980 2392 sub
1992 2362 2163 2394 Obedientia
2177 2361 2302 2395 Domini

1236 2402 1315 2438 Regis
1327 2400 1456 2439 Angliae‚
1475 2402 1524 2432 ubi
1540 2400 1718 2432 Mercatores
1727 2400 1834 2432 Hansae
1849 2400 2038 2432 Mercandisas
2057 2401 2116 2432 suas
2133 2402 2301 2434 adduxerint

1236 2439 1282 2470 seu
1303 2439 1469 2476 eduxerint,
1495 2440 1613 2470 durante
1632 2449 1761 2477 tempore
1780 2449 1840 2478 quo
1862 2441 1891 2469 in
1912 2439 2138 2470 Satisfastionem
2163 2440 2297 2472 Summa:

1237 2477 1380 2514 praediCtae
1394 2477 1546 2509 Custumas
1560 2479 1616 2509 suas
1627 2479 1747 2509 retinere
1764 2479 1880 2516 debent,
1893 2486 1924 2508 ut
1936 2478 2092 2516 praefertur,
2106 2478 2297 2510 debeantfieri

1235 2515 1345 2554 Scripta
1367 2515 1530 2555 Indentata,
1545 2517 1581 2547 de
1599 2526 1730 2554 tempore
1755 2518 1783 2546 in
1805 2525 1935 2554 tempus,
1953 2518 2026 2547 inter
2047 2515 2213 2548 Officiarios
2230 2517 2299 2549 Do-

1237 2556 1307 2584 mini
1322 2554 1427 2595 Regis,
1446 2556 1502 2587 five
1519 2555 1572 2586 fint
1587 2555 1760 2586 Custumarii
1776 2555 1831 2585 five
1844 2555 1888 2585 alii
1896 2578 1905 2593 ‚
1921 2565 1972 2593 per
1988 2555 2101 2594 Regem
2115 2555 2149 2586 ad
2164 2556 2192 2585 id
2208 2555 2299 2595 depu-

1237 2593 1338 2623 tandos
1360 2603 1394 2624 ex
1415 2604 1469 2625 una
1490 2594 1581 2632 Parte,
1596 2595 1629 2625 &
1647 2592 1843 2625 Mercatorem
1865 2594 1912 2624 seu
1936 2593 2112 2624 Mercatores
2133 2594 2245 2625 Hanzae
2262 2602 2297 2625 ex

1236 2631 1318 2662 altera
1334 2631 1434 2671 Parte,
1450 2633 1484 2663 ad
1500 2633 1587 2663 finem
1604 2642 1634 2663 ut
1652 2637 1784 2664 Dominus
1805 2636 1866 2662 Rex
1888 2632 1991 2670 possit,
2009 2633 2046 2662 de
2069 2632 2159 2663 Anno
2182 2634 2211 2663 in
2235 2633 2298 2663 An·

1236 2680 1323 2709 num,
1343 2671 1421 2709 super
1445 2672 1562 2702 Summa
1582 2672 1743 2709 antedicta,
1768 2671 1801 2702 &
1819 2679 1957 2709 quantum
1978 2669 2014 2701 de
2039 2670 2138 2702 eadem
2166 2671 2299 2703 solvenda

1236 2708 1382 2747 restiterit,
1401 2708 1559 2740 Certis-‘icari
1575 2719 1604 2740 ut
1618 2709 1659 2740 est
1670 2709 1787 2749 justum.

1270 2747 1378 2786 ITEM,
1398 2749 1651 2787 Appundtuatum,
1669 2748 1875 2786 Conventum,
1895 2746 2114 2778 Concordatum
2127 2772 2136 2785 ,
2155 2747 2189 2778 &
2209 2746 2294 2779 Con·

1234 2786 1341 2817 clusum
1357 2786 1399 2817 est
1416 2787 1517 2826 quod,
1537 2795 1602 2817 ante
1617 2789 1733 2825 omnia,
1749 2789 1810 2816 Rex
1823 2784 1958 2826 praefatus
1977 2785 2061 2816 dietis
2082 2785 2293 2818 Mercatoribus

1233 2825 1413 2855 Solutionem
1427 2827 1510 2857 saciet
1523 2825 1797 2866 §Quadringentorum
1818 2827 1985 2863 ocluaginta
2003 2830 2124 2867 quatuor
2145 2824 2296 2854 Librarum

1231 2863 1424 2902 sterlingorum
1437 2887 1446 2903 ,
1472 2874 1537 2903 quae
1563 2864 1656 2895 dictos
1685 2863 1862 2895 Mercatores
1875 2888 1884 2901 ‚
1909 2862 2033 2906 exclusis·
2050 2862 2269 2906 Coloniensibus
2283 2887 2295 2902 ‚

1233 2912 1285 2941 pro
1303 2903 1377 2933 Rata
1389 2902 1435 2933 sua
1451 2905 1639 2942 contingunt,
1654 2913 1721 2942 quas
1736 2902 1791 2932 suae
1807 2900 1948 2939 Majestati
1964 2900 2118 2931 noviffime
2134 2910 2163 2930 in
2180 2900 2292 2940 Angliae

1232 2941 1401 2972 Carceribus
1425 2940 1582 2978 Mancipati
1602 2950 1704 2971 mutuo
1726 2940 1865 2971 amicabili
1887 2939 2086 2970 concesserunt
2102 2959 2112 2977 ,
2130 2939 2177 2970 vel
2198 2939 2291 2970 saitem

1231 2980 1344 3011 eosdem
1358 2981 1494 3011 assecuret
1510 2981 1545 3011 de
1562 2979 1653 3010 modo
1667 2981 1700 3011 &
1715 2977 1811 3009 forma
1831 2977 1984 3009 Solutionis
2001 2976 2160 3016 hujusmodi
2186 2977 2291 3008 facien-

1230 3019 1293 3056 dae,
1312 3019 1331 3048 si
1349 3020 1383 3049 δε
1397 3020 1428 3049 in
1443 3027 1579 3056 quantum
1593 3017 1752 3048 constiterit
1768 3016 1922 3048 Pecuniam
1945 3015 2105 3055 hujusmodi
2126 3015 2289 3047 Mutuaram

1279 3067 1339 3087 non
1354 3057 1481 3087 solutam.
1665 3067 1669 3070 ·

1230 3057 1373 3133 8ιῖΙ-ιἚΜ,
1393 3095 1644 3133 Apponetuatum‚
1663 3092 1850 3124 Conventum
1862 3114 1872 3130 ‚
1890 3090 2127 3131 Concordatum,
2145 3093 2179 3124 &
2201 3091 2285 3123 Con-

1227 3133 1337 3164 clusum
1351 3134 1393 3164 est
1408 3133 1503 3171 quod,
1522 3133 1540 3163 fi
1564 3143 1628 3171 quae
1645 3132 1819 3169 Civitatum,
1836 3130 2108 3169 Communitatum,
2126 3140 2172 3161 aut
2189 3129 2286 3161 Perso-

1226 3182 1326 3203 narum
1348 3181 1594 3211 quarumcumque
1616 3170 1876 3201 Confoederationis
1894 3170 2007 3199 Hanzae
2029 3168 2211 3206 Theutonicae,
2233 3179 2284 3207 per

1225 3211 1340 3241 aliarum
1356 3211 1512 3241 Civitatum
1534 3211 1566 3241 &
1589 3209 1838 3240 Communitatum
1855 3207 1975 3247 ejusdem
1998 3208 2108 3237 Hanzae
2123 3207 2285 3250 Oratores,

1225 3258 1259 3279 ex
1277 3248 1373 3280 Causis
1385 3259 1434 3280 eos
1447 3248 1628 3280 moventibus
1638 3270 1646 3285 ‚
1663 3259 1679 3278 a
1695 3248 1803 3278 caeteris
1819 3245 1989 3277 Civitatibus
2006 3247 2040 3277 &
2056 3245 2141 3288 Locis
2156 3245 2282 3289 Hansam

1223 3288 1388 3318 facientibus
1403 3287 1532 3325 separata
1547 3296 1592 3317 aut
1609 3286 1808 3317 Dimembrata
1820 3284 1931 3322 existat,
1950 3292 1996 3314 aut
2014 3284 2111 3314 futuris
2128 3283 2188 3313 ullis
2207 3291 2280 3314 tem-

1224 3327 1339 3365 poribus
1352 3327 1489 3364 separetur
1504 3335 1552 3357 aut
1568 3325 1791 3362 dimembretur3
1809 3332 1856 3354 aut
1871 3333 1936 3366 quae
1947 3322 2108 3352 earumdem
2129 3321 2173 3365 sua
2192 3321 2277 3361 spon·

1818 3361 1962 3391 Dominus
1986 3359 2051 3389 Rex
2071 3358 2116 3388 An
2138 3360 2183 3391 liae
2204 3383 2214 3398 ‚
2240 3361 2276 3392 ad

1221 3374 1249 3396 te
1272 3365 1385 3402 seipsam
1410 3365 1513 3402 separet
1537 3364 1570 3395 δε
1592 3364 1764 3394 dimembret
2148 3400 2153 3404 Ι
2178 3400 2183 3405 .

1768 3385 1922 3430 Oratorum
1937 3397 2100 3428 earumdem
2146 3407 2275 3430 ivitatum

1219 3403 1463 3434 Certificationem
1478 3404 1510 3434 &
1527 3402 1752 3440 Requilitionem
1812 3440 1815 3444 Ι
1907 3439 1911 3442 ¹
1977 3436 1984 3440 ,
2118 3437 2123 3442 ,

1218 3443 1252 3473 &
1269 3441 1518 3473 Communitatum
1535 3441 1647 3472 Hanzae
1659 3439 1836 3478 hujusmodi,
1854 3437 1943 3479 statim
1968 3439 2024 3480 sine
2044 3435 2176 3479 ulteriore
2198 3436 2277 3482 Cau-

1218 3481 1254 3511 sae
1278 3482 1446 3520 cognitione
1461 3504 1471 3519 ,
1489 3481 1591 3510 totiens
1614 3481 1744 3517 quotiens
1763 3477 1847 3515 ipsam
1868 3475 1925 3517 fieri
1937 3483 2097 3518 ‘contigerit
2109 3499 2118 3512 ,
2135 3477 2275 3513 reputabit

1218 3520 1373 3557 Civitates,
1392 3518 1605 3555 Comunitates,
1624 3526 1670 3547 aut
1693 3516 1823 3547 Personas
1839 3538 1849 3551 ,
1869 3516 1912 3556 lic·
1927 3513 1976 3555 sibi
1993 3511 2171 3558 ⁸Certificatas
2183 3537 2193 3552 ,
2211 3524 2275 3546 tan-

1219 3568 1304 3595 quam
1316 3558 1489 3595 Alienigenas
1504 3558 1537 3587 ὃς
1553 3556 1702 3594 Forenses,
1719 3553 1851 3595 nulloque
1869 3550 2021 3594 privilegio
2038 3560 2157 3583 munitas
2176 3553 2270 3596 quoad

1216 3597 1352 3635 Regnum
1373 3596 1452 3624 suum
1473 3595 1588 3631 Angliae
1604 3617 1613 3631 ,
1644 3603 1698 3623 nec
1720 3591 1819 3622 eisdem
1848 3589 1939 3619 Nova
1961 3588 2070 3628 Majora
2091 3599 2137 3621 aut
2162 3590 2270 3621 Similia

1215 3634 1328 3664 Hanzae
1353 3633 1501 3670 privilegia
1524 3632 1629 3667 Dabit,
1647 3639 1694 3661 aut
1713 3629 1812 3660 talibus
1836 3629 1865 3657 in
1887 3627 1992 3665 Regno
2017 3628 2129 3665 Angliae
2150 3628 2270 3667 gaudere

1214 3674 1357 3710 permittet
1372 3696 1381 3708 ‚
1409 3670 1502 3700 donec
1533 3680 1583 3706 per
1606 3668 1708 3699 Literas
1732 3670 1878 3696 Oratorum
1898 3667 2010 3695 Hanzae
2029 3666 2065 3696 de
2086 3665 2242 3697 Civitatum
2255 3690 2267 3704 ,

1214 3711 1481 3745 Communitatum,
1500 3716 1545 3736 aut
1563 3705 1747 3735 Personarum
1762 3704 1921 3743 hujusmodi
1937 3703 2091 3735 Reunione
2107 3704 2268 3735 &Recon-

1213 3751 1355 3782 ciliatione
1367 3747 1539 3778 Certioratus
1557 3744 1646 3775 fuerit.

1250 3787 1338 3818 ITEM
1349 3812 1357 3824 ,
1377 3785 1623 3825 Appunetuatum‚
1642 3780 1828 3812 Conventum
1841 3803 1851 3819 ‚
1869 3779 2107 3818 Concordatum,
2125 3780 2158 3810 δε
2181 3778 2267 3811 Con-

1212 3826 1320 3857 clusum
1333 3825 1373 3855 est
1389 3823 1469 3862 quod
1483 3822 1590 3852 Civitas
1604 3820 1766 3850 Londoniae
1780 3827 1930 3858 acceptare
1940 3819 2054 3849 debebit
2069 3818 2264 3858 quoscumque

1212 3865 1361 3895 Tmetatus
1376 3885 1385 3900 ,
1404 3861 1563 3898 Compatta
1609 3859 1642 3890 δί
1664 3858 1860 3897 obligationes
1882 3860 1951 3888 inter
1971 3857 2092 3887 eundern
2116 3859 2263 3899 Dominum

1209 3907 1305 3941 Regem
1320 3903 1352 3933 &
1368 3900 1502 3930 Civitates
1515 3899 1547 3929 &
1594 3905 1695 3928 ratores
1709 3897 1819 3927 Hanzae
1836 3897 2051 3927 intervenientes
2073 3903 2156 3932 atque
2177 3895 2265 3926 raetos

1210 3942 1311 3979 absque
1333 3938 1557 3970 contradistione
1576 3937 1713 3973 perpetuis
1734 3936 1910 3974 temporibus
1925 3932 2109 3977 observandas
2121 3954 2131 3970 ,
2148 3943 2265 3978 necnon

1211 3981 1260 4010 sub
1274 3979 1396 4017 ejusdem
1403 3976 1532 4007 Civitatis
1545 3974 1724 4012 anitentico,
1741 3976 1776 4006 &
1789 3975 1823 4004 ad
1836 3972 1992 4010 hujusmodi
2008 3970 2155 4002 sufficienti
2163 3971 2264 4010 Sigillo

128 4011 164 4042 &
178 4008 289 4040 fruendi
302 4010 337 4040 ad
353 4010 466 4041 libitum
489 4010 542 4040 suae
562 4009 726 4048 voluntatis,
745 4009 848 4047 absque
867 4012 979 4049 alicujus
999 4023 1086 4046 novae
1103 4016 1180 4048 Prae-
1210 4019 1244 4049 δε
1262 4018 1358 4048 Literis
1374 4015 1550 4050 patentibus,
1565 4022 1666 4043 omnes
1681 4013 1714 4043 &
1734 4013 1772 4043 fin
1794 4013 1848 4042 ulas
1868 4009 2099 4054 Compositiones
2121 4009 2155 4041 &
2177 4010 2262 4055 Con-

128 4048 267 4086 stationis,
284 4048 355 4079 ultra
368 4047 596 4092 Praemiffa,·vel
615 4048 723 4078 alterius
743 4048 944 4087 cuiuscumque
964 4051 1068 4083 Oneris
1086 4056 1181 4095 impo-
1210 4057 1313 4087 tracitus
1334 4055 1461 4090 antiquos
1475 4074 1484 4089 ,
1510 4061 1542 4082 ac
1570 4060 1616 4088 per
1640 4060 1750 4095 eorum·
1816 4048 1924 4079 nfilium
1944 4057 1996 4087 pro
2015 4052 2028 4064 ⁸
2050 4047 2260 4080 Mercatoribus
2287 4051 2303 4067 ¹¹
2326 4051 2378 4081 xi,

128 4086 250 4126 sitione,
266 4085 402 4125 Cumque
414 4087 643 4119 Renunciatione
656 4088 689 4119 ὃς
707 4086 840 4119 Ceffione
861 4089 995 4125 perpetua
1017 4091 1052 4122 ἃ
1075 4092 1184 4126 irrevo-
1211 4094 1316 4126 Harisae
1334 4092 1522 4132 quascumque
1541 4089 1605 4121 ¹³1ss
1624 4089 1780 4166 SffltEengm
1805 4095 1942 4120 ‘eamme
1961 4087 1995 4117 ἃ
2016 4086 2199 4127 reassumeoe'
2216 4088 2323 4163 ἔζης
