2555 4266
29 182 102 215 ‘Ann

61 230 97 259 14

34 265 99 290 Heu.
121 261 149 287 6.

164 108 216 148 70

105 205 110 211 .
126 179 169 210 D.

100 219 148 259 56.
181 203 1251 231 ——-————-——·-——···-—‘·——·—‘..-.

363 278 425 310 Pro
443 275 609 308 Secretario
627 275 709 318 Papae
720 297 731 312 ‚
756 272 955 303 Prot-aratore
970 269 1069 314 Regis.

291 360 428 403 Cariffimo
447 363 476 392 in
491 357 594 399 Christo
610 355 678 388 Filio
693 357 812 387 Henrico
826 352 940 392 Angliae
955 355 1022 391 Regi
1035 349 1148 390 1llustri.

36 454 121 517 ὠμός
127 458 154 486 5.
190 441 345 499 CAlistus
362 438 520 479 Epistopus,
538 436 642 467 Servus
665 433 822 465 Servorum
834 431 912 469 Dei,
930 428 1074 462 carissimo
1089 430 1118 459 in
1138 423 1256 457 Christo

37 494 66 518 Η

249 482 322 513 Filio
344 482 462 511 Hmico
481 474 595 514 Angliae
613 476 678 511 Regi
695 471 800 504 Illustri
815 495 826 510 ,
850 469 977 501 Salutem
1000 469 1034 500 &
1057 464 1257 507 Apostolioem

41 511 80 556 rie
96 513 154 555 aa.
185 519 433 552 Benediffionem.

37 574 104 605 'ogr-

45 1655 67 1676 ο
86 1654 141 1683 xi.

51 1693 115 1731 385-

56 2671 137 2704 Asin.
152 2669 194 2702 D.
209 2658 274 2724 R

123 2590 171 2623 «δ’

78 2718 167 2749 ¹457·

56 2753 111 2779 An.
132 2759 176 2785 35.

57 2793 95 2817 H.

58 2831 118 2857 ³³⁴²-
132 2835 176 2863 35·

60 2870 96 2895 H.

58 2910 86 2942 p.

60 2953 97 2971 m.

115 2790 143 2815 6.

116 2866 146 2892 6.

107 2914 132 2933 2.

112 2951 141 2977 9.

223 559 426 599 Qiamobrem
449 563 529 586 tanto
552 560 683 590 tempore
705 549 824 587 filueris,
842 546 995 586 postquam
1018 543 1054 574 ad
1070 542 1140 573 Nos
1155 539 1260 571 miseris

188 596 341 631 Dilectum
364 596 471 628 Filium
488 591 661 632 Magistrum
677 587 836 628 Johannem
858 589 927 616 Lax
938 592 1023 615 tuum
1037 582 1259 613 Procuratorem

189 637 303 669 fidelem
324 637 359 669 &
377 632 568 666 Secretarium
587 628 737 665 nostrum,
753 627 843 658 indies
864 625 958 655 sumus
978 619 1124 658 admirati,
1140 627 1201 662 non
1215 624 1258 660 ta-⁸

191 687 260 708 men
275 686 309 707 ea
356 683 439 713 opter
455 669 612 703 diffidimus
625 668 661 698 de
675 666 841 697 Devotione
857 672 922 700 tua,
938 662 1011 700 ymo
1029 660 1060 688 in
1073 656 1202 692 cuneus,
1219 663 1261 685 tui

192 714 289 748 Statfis
334 712 486 751 onorisque
506 711 548 740 tui
566 708 736 746 Regnorum
753 705 787 735 &
808 700 1017 733 Dominiorum
1031 705 1148 728 tuorum
1160 692 1263 724 exalta-

189 756 302 787 tionem
330 749 570 785 concernentibus
587 770 598 786 ,
625 743 784 775 nullatenus
805 738 1014 779 postposuimus
1037 734 1184 766 Officium
1206 741 1263 762 no-

247 803 288 824 m.

187 793 311 864 strgmm
334 838 432 861 tamen
454 823 607 866 (Cariffime
628 820 704 856 Fili)
721 820 792 850 inter
814 825 938 848 caeteros
957 813 1129 846 Catholicos
1149 808 1264 840 Princi-

192 881 262 914 pes,
281 878 361 901 tuam
382 867 565 899 Serenitatem
589 861 658 891 Deo
675 860 708 890 &
724 857 838 888 8212&ae
854 854 1006 893 Ecclesiae,
1021 859 1137 883 tuorum
1151 848 1262 892 Proge-

189 913 319 943 uirorum
339 906 474 944 vestigiis
489 899 673 935 inhaerendo,
690 894 903 927 devotiffimam
917 892 1099 927 noverimus,
1115 885 1262 930 cupimus·-

190 959 247 990 que
267 946 388 979 eandem
413 943 598 975 Serenitatem
614 947 672 968 non
695 936 753 966 tam
779 934 893 964 Litteris
914 933 948 963 δε
967 929 1086 975 VerbiS,
1107 927 1194 965 (quas
1209 925 1264 955 tibi

191 988 314 1026 copiose
336 985 393 1016 fine
414 979 568 1021 Responfis
589 976 767 1008 dederimus)
785 974 855 1011 quin
870 970 964 1002 veritis
977 969 1044 999 viva
1060 975 1135 1010 voce
1151 965 1214 1008 hoefc
1229 964 1263 995 &

191 1028 245 1058 alia
261 1025 347 1056 dictae
369 1020 519 1052 Serenitati
531 1026 598 1048 nota
612 1015 721 1051 facere,
735 1012 820 1044 etiam
836 1020 866 1041 ea
885 1018 949 1048 quae
963 1008 1005 1038 tui
1014 1006 1104 1036 animi
1116 1003 1261 1035 Placitum

241 1067 246 1071 ’
356 1060 453 1101 Regni
478 1054 771 1095 tuilConsolationem
785 1055 982 1082 concernunt,
1001 1045 1073 1076 ciim
1088 1043 1191 1073 didm
1202 1040 1260 1080 Jo-

193 1104 312 1135 hannem
332 1100 389 1132 tibi
409 1097 516 1136 tuisque
537 1093 649 1132 Regnis
676 1091 709 1122 &
731 1088 882 1119 Dominiis
904 1085 1030 1116 Fidelem
1051 1081 1260 1117 invenerimus,

190 1142 280 1181 Nos,
296 1147 393 1181 parem
412 1137 500 1168 fidem
522 1134 558 1165 de
582 1135 627 1164 sua
645 1129 792 1161 Probitate
811 1126 844 1157 &
866 1123 1006 1155 Industria
1020 1121 1215 1160 suscipientes,
1233 1119 1260 1150 ei

191 1180 415 1214 Mandavimus‚
434 1176 462 1206 in
482 1175 586 1206 virtute
604 1168 716 1201 Sanitae
736 1165 941 1201 Obedientiae,
959 1171 991 1193 ut
1005 1161 1039 1192 ad
1053 1160 1101 1191 Te
1117 1159 1262 1199 quampri-

190 1220 277 1252 mum
291 1216 503 1257 proficiscatur,
521 1223 552 1243 ea
569 1210 692 1241 Actums
708 1206 742 1237 δε
755 1203 962 1235 Prosecuturus
976 1210 1041 1239 quae
1054 1199 1128 1230 Tibi
1143 1196 1263 1236 gratiffi-

193 1269 243 1290 ma
265 1264 348 1289 erunt
371 1253 481 1292 tuisque
506 1249 614 1288 Regnis
630 1247 664 1278 &
682 1243 833 1276 Dominiis
843 1242 945 1282 digna,
963 1240 1062 1270 multas
1076 1237 1192 1277 quidem
1206 1235 1265 1267 Ex-

191 1297 350 1330 cusationes
373 1301 471 1323 coram
492 1289 594 1320 Nobis
606 1285 740 1325 adduxit,
753 1283 887 1313 omniurn
902 1280 1095 1320 urgentiorem
1133 1275 1192 1307 uod
1210 1284 1264 1315 po-

191 1339 246 1369 tius
263 1335 395 1366 Mortem
411 1338 548 1369 pateretur
568 1328 654 1366 qu‘arn
671 1322 852 1360 Obiequium
866 1329 948 1351 tuum
963 1326 1012 1349 aut
1024 1316 1110 1348 diecae
1150 1323 1265 1345 rocura-

189 1376 276 1408 tionis
288 1371 431 1403 Officium
443 1367 607 1408 negleQum
622 1364 745 1398 faceret,
787 1399 792 1404 .
1091 1393 1097 1399 ⁴

237 1413 307 1445 Nos
327 1406 480 1478 (carfflme
498 1405 570 1440 Fili)
588 1412 650 1434 rem
666 1401 726 1432 Dei
737 1408 836 1438 pariter
852 1398 886 1430 ὃς
899 1396 999 1427 Tuam
1017 1393 1098 1426 cordi
1113 1392 1266 1429 habenteS,

192 1453 222 1485 id
246 1450 352 1482 Onetis
364 1450 393 1478 in
447 1446 510 1478 obis
523 1442 710 1480 suscepimus,
730 1437 902 1470 Mandantes
913 1437 940 1467 ei
954 1443 984 1466 ut
1002 1431 1217 1472 quamprimum
1236 1430 1262 1461 se

192 1490 320 1529 disponat
334 1487 366 1518 ad
389 1485 446 1517 Iter
462 1482 642 1515 mediatum
651 1502 661 1518 ‚
680 1479 738 1509 hoc
752 1475 938 1516 significantes
951 1482 1008 1504 tuae
1020 1470 1188 1504 Celsitudini
1202 1469 1266 1499 nul-

191 1531 253 1562 lum
265 1529 353 1559 alium
368 1525 404 1557 ad
420 1524 505 1555 diacae
519 1517 730 1553 Procurationis
742 1515 887 1547 Officium
900 1512 974 1553 apud
988 1510 1058 1542 Nos
1072 1510 1265 1549 acceptiorem

193 1570 257 1602 fore
277 1576 371 1606 neque
386 1564 500 1594 interim
515 1571 531 1591 a
543 1559 644 1591 Nobis
657 1555 882 1594 acceptandum,
899 1553 971 1583 cum
985 1550 1106 1581 sciamus
1121 1558 1190 1579 eum
1205 1548 1264 1578 hoc

193 1608 280 1640 Onus
295 1607 354 1637 t'am
375 1599 568 1642 periculosum
583 1595 726 1635 utriusque
742 1592 824 1625 causa
836 1591 894 1624 susc
998 1598 1041 1628 m,
1058 1596 1175 1628 propter
1189 1585 1267 1625 quod

199 1648 338 1684 maiorem
360 1641 456 1681 potius
479 1637 718 1671 Promononem,
743 1636 759 1650 ·
775 1640 839 1671 quae
859 1630 916 1661 No
940 1630 962 1659 is
977 1628 1058 1658 cordi
1072 1628 1138 1663 erit,
1153 1625 1269 1666 praeser-

195 1686 249 1718 tim
265 1684 285 1716 fi
299 1684 334 1715 ad
346 1682 406 1713 hoc
422 1689 478 1711 tuae
493 1678 594 1709 Preces
608 1671 775 1706 accesserint
785 1694 794 1710 ‚
813 1670 899 1710 quam
915 1669 944 1699 in
961 1667 1020 1698 hoc
1039 1665 1153 1697 Officio
1169 1664 1269 1696 Detri-

196 1732 329 1757 mentum
347 1727 525 1760 promeretur

234 1762 347 1794 Idcirco
363 1783 374 1799 ,
400 1759 442 1789 tui
463 1753 560 1788 Status
577 1760 751 1790 tuorumque
771 1747 976 1786 Negotiorum
999 1744 1135 1775 omnium
1160 1740 1270 1772 Curam

197 1802 217 1834 fi
279 1801 364 1832 larem
383 1796 578 1835 suscipientes,
603 1790 722 1823 eandem
744 1788 931 1819 serenitatem
953 1793 1086 1824 rogamus
1107 1791 1139 1812 ut
1157 1780 1270 1810 eundem

195 1842 238 1882 Jo
260 1850 358 1871 annam
371 1835 559 1869 Secretarium
575 1829 725 1867 nostrum,
743 1827 814 1858 cum
830 1824 992 1861 accesserit,
1011 1823 1130 1862 gratiose
1143 1821 1271 1858 recipias,

196 1882 231 1913 &
254 1879 420 1911 Adventum
440 1875 520 1905 suum
546 1869 645 1902 nostro
667 1866 807 1899 Mandato
831 1865 966 1895 veraciter
984 1862 1116 1898 ascribas3
1132 1868 1225 1897 neque
1241 1858 1269 1887 in

195 1920 289 1957 aliquo
310 1916 422 1948 dubites
444 1911 567 1951 aliquid,
584 1917 666 1940 tuum
686 1905 843 1937 Honorem
858 1911 1056 1939 concernenS,
1073 1909 1123 1938 per
1136 1899 1192 1936 ejus
1208 1897 1271 1928 Ab·

194 1957 314 1989 sentiam
338 1952 467 1995 periculo
487 1945 733 1981 committendum
748 1967 757 1982 ,
789 1943 858 1973 cum
883 1941 985 1972 omnia
1011 1937 1194 1970 Cellitudinis
1214 1945 1271 1967 tuae

194 1995 329 2034 Negotia
350 1991 464 2033 perinde
479 1991 531 2021 sint
546 1987 644 2019 Nobis
657 1985 737 2016 cordi
753 1992 782 2013 ut
795 1981 923 2021 propria,
940 1989 973 2010 ac
986 1989 1019 2009 ea
1034 1986 1138 2009 extunc
1151 1976 1202 2007 sub
1215 1985 1270 2006 no-

197 2035 251 2066 stra
268 2033 454 2064 Proteettone
469 2028 583 2068 paterne
601 2025 777 2060 libenterque
790 2021 962 2057 suscipimus.

237 2073 340 2104 Sivero
361 2070 460 2101 eadem
500 2066 636 2098 Serenitas
657 2072 702 2094 tua
720 2061 819 2099 (quod
841 2067 974 2096 optamus
993 2054 1110 2095 ejusdem
1126 2053 1271 2093 Johannis

196 2111 420 2144 Promotionem
445 2109 478 2139 &
500 2105 656 2135 Honorem
671 2100 808 2135 omnem)
831 2095 994 2127 Venerabili
1013 2095 1100 2125 Fratri
1117 2094 1217 2124 nostro
1235 2103 1269 2124 ac

199 2151 310 2182 dsseffis
333 2149 410 2179 Filiis
432 2144 570 2184 Capitulo
592 2139 792 2173 Saresberienfi
815 2134 1012 2167 recommtffos
1034 2134 1152 2170 feceris,
1172 2132 1272 2164 Nobis

197 2190 315 2230 quidem
347 2187 432 2219 facies
465 2193 528 2215 rem
555 2179 737 2222 gratiffimam
769 2185 874 2216 tuoque
905 2173 1023 2205 Honori
1048 2170 1274 2210 corresponden-

196 2238 306 2297 tenlgat.
325 2267 416 2294 Romae
432 2261 506 2301 apud
525 2260 656 2290 SanHum
675 2259 806 2293 Petrum,
827 2253 918 2283 Anno
942 2250 1144 2282 [nmrnationis
1161 2249 1270 2280 Domi-

198 2308 274 2338 nicae
295 2303 470 2340 Millefimo,
497 2295 810 2338 Quadringentesimo,
839 2289 1092 2330 Quinquagefimo
1115 2288 1211 2329 sexto,
1229 2288 1273 2320 Id.

199 2344 390 2381 Decembris,
405 2337 591 2373 Pontificatt'is
606 2335 696 2367 nostri
711 2334 801 2365 Anno
815 2331 962 2363 Secunde.

742 2410 780 2442 A.
805 2418 855 2441 Dr.
880 2408 1110 2440 VENERIIS.

217 2492 1274 2515 ——-..-—-———-—-——--—-—-

340 2565 398 2596 Pro
426 2563 563 2606 Principe
591 2556 720 2598 nullia,
745 2553 782 2588 de
797 2549 963 2587 Tutoribus
985 2549 1148 2599 affignatis.

331 2672 480 2719 Willielmo
496 2684 616 2716 Eborum
635 2678 836 2718 Archiepifiopo
856 2676 970 2717 Angliae
984 2675 1120 2715 Primati,

249 2725 397 2760 Willielmo
416 2726 458 2756 W
458 2728 588 2761 intoniae,

247 2764 397 2805 Reginaldo
416 2765 572 2793 Coventriae
590 2758 629 2796 ἐν·
647 2755 831 2797 Lichfeldiae,

245 2805 377 2876 {algrini
394 2800 580 2842 Herefordiae‚

313 2854 350 2874 co
371 2853 393 2873 is
409 2852 416 2872 t

244 2855 292 2916 ΕΞ
308 2853 460 2913 ιαῗηηιῑο
481 2877 574 2908 noum
592 2873 717 2907 custodi
735 2871 842 2905 Privati
861 2868 950 2911 sigilli
967 2867 1031 2900 sui:

247 2921 403 2954 Carissimis
421 2916 646 2956 Consanguineis
662 2914 730 2952 sui-5,

247 2958 398 2999 Humfredo
418 2955 560 2995 Staffiird,

276 2999 378 3030 ohanni
402 2996 499 3035 Salop,

273 3037 350 3068 acobo
369 3034 525 3077 IViItefiae,

247 3076 413 3109 Comitibus
429 3084 436 3105 :

244 3116 283 3150 Et
299 3114 429 3156 Johanni
440 3113 468 3143 V
467 3113 593 3143 ieetomr'ti
609 3112 778 3140 Beaumonr:

250 3155 404 3192 Necnon,

250 3194 374 3226 Dilectis
392 3194 426 3225 &
443 3189 572 3221 fidelibus
591 3187 661 3226 suis,

247 3233 377 3302 Zohanni
395 3234 511 3264 Sutton,

263 3272 285 3302 Lt
301 3270 408 3302 Thomae
425 3267 554 3305 Stanley,

251 3309 412 3348 Militibus,
429 3307 566 3339 Salutem.

251 3347 404 3378 Noveritis
420 3345 501 3385 quod
510 3367 521 3383 ,
816 3374 822 3381 ι
1145 3369 1150 3375 .

253 3385 336 3421 ,Cum
351 3386 435 3422 Nos,
451 3394 485 3416 ex
500 3379 671 3421 plenitudine
686 3375 836 3407 potestatis
850 3371 971 3410 nostrae,
989 3379 1023 3401 ac
1039 3368 1074 3399 de
1086 3369 1212 3413 benigno
1226 3367 1281 3398 Fa·

216 3424 288 3457 vore
308 3423 407 3455 nostro
420 3425 453 3455 ὅτ.
468 3422 569 3453 Gratia
583 3417 692 3459 speciali
702 3439 712 3454 ,
731 3414 897 3446 Dilefflone
912 3409 1027 3441 naturali
1041 3416 1200 3444 commoti,
1219 3406 1283 3436 De-

214 3464 340 3496 desimus
359 3463 391 3492 &
413 3459 644 3492 concesserimus
668 3452 812 3485 Edwardo
839 3448 965 3520 carsigzto
990 3448 1170 3483 Primogenito
1194 3443 1282 3483 nostro

215 3502 315 3535 Princi
339 3509 416 3530 atum
439 3499 552 3530 Wailiae
571 3498 607 3529 &
627 3494 813 3525 Comitatum
832 3489 877 3520 Ce
919 3490 924 3494 '
959 3509 970 3525 ,
1001 3486 1034 3516 &
1056 3484 1284 3515 Liberaverimus

217 3550 296 3574 extra
361 3548 427 3568 anus
445 3537 550 3567 nostras
570 3533 689 3573 praefato
702 3531 885 3568 Primogenito
899 3524 986 3566 nostro
1001 3523 1152 3554 Ducatum
1166 3520 1283 3553 Cornu-

213 3580 294 3618 biae,
313 3576 454 3607 Habenda
475 3575 525 3606 sub
540 3582 617 3606 certa
630 3572 750 3608 Forma,
768 3570 797 3599 in
812 3566 938 3605 quodam
954 3563 1032 3595 Aeta
1046 3562 1126 3593 facto
1136 3562 1164 3591 in
1180 3560 1282 3591 ultimo

217 3618 409 3650 parliamento
423 3612 522 3644 nostro
535 3612 610 3650 apud
621 3605 912 3641 Westmonasterium
923 3611 1021 3641 teum,
1036 3599 1184 3639 contenta,
1198 3606 1284 3637 prout

220 3659 250 3690 in
265 3655 368 3689 eodem
383 3652 461 3684 Astu
473 3650 510 3681 ad
525 3651 642 3692 plenum
657 3648 838 3683 continetur,

260 3696 338 3735 Quae
362 3692 463 3723 omnia
485 3689 519 3719 &
539 3688 659 3726 lingula,
677 3686 711 3716 de
733 3686 904 3716 aviiamento
916 3680 948 3712 &
962 3677 1069 3710 assensu
1082 3675 1285 3707 Dominorum

220 3732 409 3769 Spiritualium
429 3729 463 3760 &
481 3725 702 3764 Temporalium
724 3733 757 3755 ac
782 3720 977 3753 Comunitatis
995 3717 1095 3755 Regni
1114 3714 1202 3745 nostri
1223 3713 1286 3745 An-

220 3773 302 3811 gliae,
319 3773 349 3803 iu
370 3769 450 3800 dieto
469 3765 658 3797 Parliamento
680 3762 779 3792 nostro
800 3760 999 3794 existentium,
1017 3754 1196 3786 Aussoritate
1217 3752 1286 3789 ejus-

223 3811 291 3841 dem
306 3805 488 3854 Parliarnenti
506 3799 752 3834 Ratificaverimus
766 3822 776 3838 ‚
796 3796 1059 3838 Approbaverimus
1074 3815 1086 3832 ‚
1111 3793 1146 3824 &
1166 3789 1287 3822 Confir-

225 3856 481 3915 mlliffidndlg’rem
499 3880 586 3918 Nos,
615 3920 619 3924 .
740 3916 745 3920 ³
840 3915 844 3920 ¹
1014 3912 1019 3917 Ι

233 3959 235 3961 ,
260 3921 478 3952 Confiderantes
495 3918 576 3959 qued
590 3916 677 3947 dactus
695 3915 889 3949 Prmogemtus
908 3912 992 3952 noster
1011 3921 1042 3941 in
1066 3908 1167 3940 AEtate
1187 3904 1286 3937 Infan-

223 3962 291 3998 tiae,
308 3961 341 3990 &
360 3960 431 3991 adeo
453 3967 558 3990 tenerae
571 3955 675 3986 AEtatis
688 3951 803 3988 existat,
820 3951 900 3987 quod
918 3950 1047 3980 nondum
1065 3946 1224 3986 perfeetum
1235 3945 1286 3975 ha-

219 4001 272 4032 bet
289 3998 376 4030 animi
393 3998 549 4037 judicium,
565 4003 598 4027 ut
621 3990 808 4025 necessarium
829 3990 862 4020 ὃς
885 3997 1062 4028 oportunum
1081 3987 1107 4018 ei
1130 3985 1180 4024 fit,
1203 3984 1287 4017 viros

667 67 1894 126 CONVENTIONES,L1TERAE,

1289 158 1484 196 Pxaenobiles‚
1500 155 1686 195 Pi-aeeleems,
1712 154 1919 194 industriores,
1936 163 1970 185 ac
1988 154 2018 185 in
2038 152 2219 192 Experientia
2241 151 2359 184 Doffis-
2377 155 2456 187 Ann.
2469 156 2512 189 D,

1329 237 1467 275 Quorum
1487 234 1594 264 Tutela
1607 234 1640 265 &
1652 233 1808 272 Regimine
1818 232 1875 272 ipse
1887 233 1920 263 &
1935 232 1978 262 sua
1989 241 2074 263 cunta
2086 231 2192 262 habent
2206 229 2356 275 disponi&
2376 204 2487 266 ιὲζςῖς

1292 199 1378 230 fimos
1394 197 1497 228 habere
1512 197 1542 225 in
1553 195 1611 233 ejus
1624 194 1824 233 consiliarios,

1293 274 1496 312 administrari,
1515 274 1574 303 tam
1587 280 1640 310 pro
1655 272 1736 301 bono
1751 271 1831 301 Statu
1843 280 1956 302 necnon
1968 272 2149 302 incremento
2165 270 2359 308 Prosperitatis

1294 313 1425 346 Personae
1446 312 1519 350 suae,
1544 312 1630 350 qu‘am
1655 320 1708 348 pro
1730 308 1967 346 Gubernatione‚
1986 310 2217 349 AppruamentO,
2234 309 2361 348 Disposi-

1295 354 1390 391 tione,
1416 353 1450 384 &
1470 349 1728 382 Administratione
1749 346 1947 386 principatus,
1972 346 2156 387 Comitatus,
2171 350 2205 380 &
2227 347 2361 380 Ducati'is

1295 391 1520 436 praediCtorum‚
1538 399 1571 420 ac
1590 389 1723 418 omnium
1745 388 1777 418 &
1792 386 1965 425 singulorum
1976 385 2079 417 eisdem
2089 387 2277 426 Principatui,
2296 386 2360 419 Co-

1299 439 1426 475 mitum,
1444 431 1479 461 &
1502 428 1649 465 Ducatui‚
1667 437 1700 458 ac
1725 435 1827 456 eorum
1849 425 1934 456 alicui
1955 424 2197 464 qualitercumque
2218 429 2363 465 pertinen-

1297 478 1388 508 tium,
1406 468 1613 507 spefflntium‚
1637 465 1693 497 five
1713 465 1835 504 speciae
1853 464 2039 501 debentium,
2063 463 2119 494 five
2135 473 2171 495 ex
2191 465 2294 497 eisdem
2315 464 2362 497 vel

1297 517 1400 538 corum
1413 508 1509 546 aliquo
1519 504 1712 546 quovismodo
1727 504 1892 534 exeuntium
1906 502 1962 533 five
1976 502 2216 540 provenientium.

1336 545 1475 585 Ipfiusque
1496 544 1627 576 Honoris
1649 542 1864 574 Incrementum
1900 541 2076 572 Facultatum
2099 539 2345 579 Locuplecimtem

1298 583 1523 628 Qstrorurnque
1536 583 1570 627 ὃς
1585 582 1783 627 Maneriorutn
1793 605 1803 620 ,
1819 591 1852 612 ac
1869 564 2079 611 bominiorum
2096 565 2366 621 quorumcumque:

1300 621 1383 666 dietis
1397 622 1588 660 Pnncipatui‚
1605 620 1784 665 Cermramr,
1802 621 1835 651 &
1852 618 1999 657 Ducatui,
2018 617 2063 650 seu
2079 627 2182 649 eorum
2196 618 2281 650 alicui
2315 630 2365 651 ua-

1299 661 1488 706 utercumque
1502 660 1708 699 speQantium‚
1724 659 1899 698 condignam
1920 657 2145 697 Reparationem
2159 656 2286 688 laceffitis
2333 658 2367 690 is-

1300 700 1410 730 ceribus
1425 700 1526 730 intime
1539 698 1723 736 affectantes,

1340 737 1582 784 Nominavimus,
1598 735 1826 781 Deputavimus‚
1843 735 1877 768 &
1899 734 2106 775 Affignavimus
2125 744 2193 774 vos,
2212 733 2247 766 δι’
2263 743 2369 766 unum-

1303 785 1448 814 quemque
1460 775 1589 808 vestrum
1599 797 1609 813 ,
1625 777 1660 806 ad
1674 775 1743 806 ὼᾶι
1754 777 1928 814 Primogmti
1949 786 1983 805 no
2027 774 2224 812 'Consilium‚
2241 773 2370 805 Rerum-

1304 825 1360 859 que
1381 815 1493 859 suarum
1514 814 1614 858 exaCte
1634 815 1667 845 &
1688 814 1835 854 diligenter
1857 824 1954 851 gerere
1998 823 2094 852 uram,
2112 813 2272 854 pleniffime
2287 813 2374 845 intel&

1303 854 1464 898 ligenteslin
1480 852 1571 896 arduis
1585 853 1769 896 approbatam
1785 852 1972 892 Industriam,
1991 853 2203 885 Discretionem
2241 854 2276 885 &
2295 861 2371 884 con-

1302 891 1378 922 fisam
1397 892 1421 922 F
1422 891 1577 922 idelitatem
1588 890 1806 929 uniuscu'usque
1819 890 1948 923 vestrum
2211 876 2221 892 ²

1338 930 1480 962 Volumus
1495 929 1603 974 insuper
1626 928 1675 973 &,
1701 901 1819 974 firmiter
1841 914 2064 974 Praecipio-ide,
2089 929 2265 962 Mandamus
2288 928 2370 970 qued

1303 979 1403 1015 omnes
1415 970 1448 1000 &
1463 969 1562 1013 singuli
1577 967 1720 1011 Officiatii
1734 968 1792 998 five
1800 967 1926 998 Ministri
1942 969 2008 999 didi
2021 971 2070 999 Pr*
2127 973 2194 1001 eniti
2205 970 2289 1011 nost-ri
2299 979 2368 1001 om-

1302 1019 1349 1040 nia
1365 1010 1399 1041 &
1414 1009 1533 1053 singula,
1549 1007 1656 1051 ipsum,
1673 1007 1786 1046 eiusque
1802 1005 1952 1045 Titulum,
1966 1007 2051 1046 Jura,
2067 1009 2257 1040 Poffeffiones
2292 1011 2311 1028 ⁸¹²
2321 1008 2366 1039 seu

1304 1047 1437 1092 Intereffe
1459 1057 1489 1078 in
1508 1047 1612 1078 Arduis
1637 1045 1862 1082 concernentia,
1886 1045 1943 1075 five
1964 1047 1998 1076 ad
2018 1047 2128 1078 dictum
2150 1033 2345 1087 Princip'atum

1302 1086 1504 1132 Comitatum,
1522 1086 1556 1117 &
1570 1084 1723 1129 Ducamm
1733 1107 1742 1122 ‚
1755 1084 1800 1115 seu
1813 1093 1915 1114 eorum
1926 1083 2048 1122 aliquem
2063 1085 2215 1123 spectantia
2229 1088 2285 1118 five
2300 1071 2371 1126 quai

1302 1126 1492 1163 htercumque
1508 1125 1689 1162 pertinentia,
1710 1123 1812 1154 faciant
1834 1122 1868 1153 &
1891 1131 2064 1161 exequantur
2079 1133 2114 1153 ex
2138 1125 2352 1158 Deliberatione

1304 1164 1457 1211 Praecepto
1466 1187 1476 1202 ,
1492 1165 1526 1196 &
1540 1162 1700 1200 Waranto‚
1719 1172 1768 1203 per
1779 1171 1831 1192 vos
1847 1161 1892 1192 seu
1906 1161 1941 1192 ad
1960 1171 2049 1192 omne
2066 1163 2161 1194 minus
2172 1163 2307 1200 Quatuor
2320 1150 2373 1196 γε]

1307 1203 1421 1241 strum,
1442 1204 1498 1234 una
1518 1211 1588 1233 cum
1609 1201 1729 1232 Assensu
1748 1203 1782 1233 &
1809 1199 1957 1230 Consensu
1975 1199 2227 1233 Praedileetiffimae
2240 1204 2374 1243 consortis

1303 1242 1398 1283 nostra·
1413 1245 1538 1280 Regin-e,
1555 1242 1595 1272 eis
1608 1240 1654 1271 seu
1667 1250 1769 1271 eorum
1783 1239 1866 1270 alicui
1881 1238 2026 1279 superinde
2039 1239 2135 1271 fiendo
2159 1241 2192 1272 &
2207 1241 2354 1281 dirigendo

1346 1281 1496 1326 Quodque
1516 1280 1664 1319 Praecepta
1676 1280 1709 1310 &
1725 1279 1863 1309 Waranta
1876 1278 2026 1317 praedicta,
2044 1287 2076 1309 ut
2090 1280 2269 1318 praemittitur
2283 1267 2374 1315 flend}

1305 1321 1339 1352 &
1361 1320 1506 1366 dirigenda
1518 1343 1526 1357 ‚
1543 1319 1616 1363 adeo
1635 1319 1726 1349 valida
1741 1319 1774 1348 &
1795 1316 1960 1348 sufficientia
1974 1327 2007 1347 ac
2029 1317 2185 1351 huiusmodi
2205 1318 2316 1352 Valoris
2337 1321 2374 1352 ὃς

1306 1358 1438 1391 Effectus
1450 1359 1570 1402 praefatis
1582 1356 1736 1387 Officiariis
1750 1357 1783 1387 &
1798 1355 1938 1386 Ministris
1956 1356 2099 1395 praediffls
2117 1357 2151 1388 &
2166 1367 2268 1389 eorum
2293 1360 2375 1390 cuili-

1307 1400 1376 1436 bet,
1391 1408 1445 1437 pro
1458 1397 1668 1440 hxoneratione
1683 1396 1728 1428 sua
1744 1405 1777 1426 ac
1794 1394 1942 1433 cujussibet
1964 1395 2154 1434 eorumdem,
2170 1397 2197 1426 in
2219 1397 2272 1428 hac
2295 1407 2374 1436 parte

1306 1437 1442 1475 existant,
1457 1447 1491 1467 ac
1505 1439 1524 1466 {i
1538 1436 1591 1475 ipsa
1607 1445 1654 1474 per
1671 1432 1819 1474 prefatum
1837 1436 2047 1473 Primogenitum
2067 1433 2185 1474 nostrum
2204 1437 2238 1467 ad
2260 1436 2375 1478 plenam

1309 1475 1438 1508 AEtatem
1452 1475 1526 1506 suam
1542 1474 1614 1505 faeta
1633 1475 1766 1512 fuissent,

1346 1515 1384 1546 Et
1398 1515 1466 1546 ideo
1482 1514 1563 1544 vobis
1580 1513 1752 1544 Mandamus
1766 1511 1845 1551 quod
1861 1512 1936 1542 circa
1953 1510 2099 1542 Praemiffa
2111 1512 2257 1552 diligenter
2270 1515 2304 1547 &
2320 1516 2377 1547 cir.

1307 1554 1470 1624 gugaspedte
1485 1552 1638 1585 Intendatis
1649 1575 1659 1592 ,
1674 1553 1708 1583 &
1725 1562 1757 1583 ω
1773 1551 1882 1582 faciatis
1902 1550 1936 1581 &
1952 1552 2130 1589 exequamini
2150 1553 2180 1582 in
2195 1552 2288 1584 forma
2304 1564 2378 1593 prae-

1327 1604 1335 1623 i
1394 1603 1400 1623 z

1347 1631 1404 1678 Et,
1422 1631 1441 1662 fi
1457 1629 1525 1669 quid
1541 1640 1592 1669 per
1608 1630 1731 1669 aliquem
1748 1628 1933 1660 Officiarium
1948 1628 1994 1659 seu
2006 1627 2173 1660 Ministrum
2186 1629 2256 1660 di&
2271 1632 2381 1662 Primo.

1304 1680 1392 1709 gemti
1411 1669 1493 1710 nostri
1514 1679 1614 1700 contra
1631 1669 1756 1699 formam
1775 1668 1940 1706 praedictam
1961 1669 1987 1697 in
2004 1666 2155 1698 Praemiffis
2176 1677 2378 1709 attemptatum

1310 1709 1367 1740 five
1381 1710 1478 1741 adium
1497 1709 1600 1746 fuerit,
1618 1707 1647 1738 id
1662 1707 1765 1737 nullius
1781 1706 1909 1737 Roboris
1923 1706 1954 1737 sit
1971 1706 2014 1737 seu
2029 1705 2190 1737 Efficaciae:

1347 1747 1460 1779 Damus
1475 1757 1574 1778 autum
1588 1746 1723 1778 universis
1737 1747 1770 1777 ὃ(
1787 1745 1898 1783 singulis
1913 1744 2055 1775 Firmariis
2068 1745 2102 1776 δε
2117 1745 2295 1777 Tenentibus
2305 1755 2381 1786 pre.

1301 1785 1365 1827 fati
1387 1789 1562 1825 Primogeniti
1582 1784 1665 1825 nostri
1686 1783 1803 1814 firmiter
1819 1785 1848 1813 in
1872 1782 2015 1814 Mandatis
2035 1783 2133 1821 qu‘od,
2148 1785 2177 1814 in
2201 1783 2381 1818 Executione

1311 1825 1544 1870 l’mmfflomm,
1561 1825 1653 1855 modo
1671 1824 1704 1854 &
1727 1823 1819 1854 forma
1834 1821 1992 1861 praedietis,
2011 1821 2159 1854 Obedi'ant
2178 1823 2214 1855 &
2230 1822 2382 1859 intendant

1308 1875 1338 1896 in
1352 1866 1504 1903 omnibus,
1522 1872 1609 1902 prout
1622 1862 1715 1893 decet.

1347 1904 1384 1935 In
1403 1906 1496 1941 cujus,
1514 1904 1576 1934 &c.

1309 1943 1455 2014 nua'rli‘ieste
1475 1942 1558 1982 Rege
1574 1939 1649 1981 apud
1670 1938 1931 1981 ubstmonasterium
1946 1962 1956 1979 ,
1980 1938 2116 1971 vicesimo
2139 1937 2245 1970 oistavo
2266 1940 2313 1973 die
2330 1941 2382 1982 Ja.

1514 2022 1568 2051 Per
1585 2021 1679 2049 Breve
1698 2018 1730 2047 de
1750 2019 1871 2048 Privato
1888 2016 1996 2055 sigillo,
2011 2015 2050 2052 ἀι
2068 2015 2101 2046 de
2118 2019 2200 2046 Data
2211 2017 2348 2056 [median

1577 2059 1760 2090 Austoritate
1778 2056 1969 2087 Parliamenti.
2352 2041 2364 2058 '

1490 2189 1550 2220 Pro
1568 2187 1707 2233 Episcopo
1733 2183 1913 2227 Adenevenfi
1933 2181 1970 2215 de
1994 2180 2193 2216 exonerando.

1413 2273 1445 2306 X
1460 2273 1612 2309 omnibus,
1628 2271 1661 2302 ad
1681 2281 1768 2311 quos,
1786 2271 1847 2302 &c-
1871 2268 2010 2300 Salutem.

1436 2313 1531 2343 Sciatis
1547 2312 1626 2350 quod
1637 2335 1646 2350 ,

1318 2274 1404 2330 RE

1321 2515 1354 2538 to
1369 2507 1468 2538 nostro
1481 2509 1578 2539 venire
1595 2516 1653 2537 non
1669 2504 1777 2541 valeat,

1359 2546 1482 2584 Nosque
1505 2556 1613 2584 nuper,
1638 2543 1852 2581 praemissorum
1871 2538 2110 2577 consideratione,
2133 2536 2217 2578 iprm
2235 2540 2390 2579 Episcopum

1319 2585 1357 2616 de
1376 2584 1521 2615 veniendo
1535 2585 1569 2614 ad
1586 2582 1744 2621 hujusmodi
1767 2579 1955 2611 Parliamenta
1977 2578 2034 2610 five
2056 2577 2189 2609 Concilia
2210 2578 2323 2610 Secreta
2341 2580 2390 2611 seu

1321 2623 1473 2654 Generalia
1487 2623 1618 2654 duximus
1635 2619 1858 2651 Exonerandum
1867 2641 1877 2656 ,

1346 2662 1413 2706 ‚Et,
1430 2663 1496 2693 licet
1511 2662 1580 2692 idem
1595 2659 1756 2699 Epzfiopus,
1773 2658 1876 2688 virtute
1900 2657 2060 2689 Literarum
2083 2654 2262 2694 nostrarum,
2278 2655 2316 2687 de
2337 2666 2390 2688 ve-

1323 2703 1429 2732 niendo
1443 2701 1477 2731 ad
1491 2700 1651 2738 hujusmodi
1668 2698 1853 2729 Parliarnenta
1866 2696 1912 2728 seu
1927 2695 2061 2726 Concilia
2070 2694 2221 2726 Generalia
2234 2694 2278 2726 leri
2287 2695 2391 2727 Secre-

1321 2747 1349 2770 ta
1363 2740 1539 2784 Exonleratus
1549 2739 1617 2770 effet
1630 2739 1663 2770 ὅ(
1675 2737 1806 2780 deberet,
1822 2734 1898 2765 idern
1913 2743 2006 2765 tamen
2018 2732 2177 2774 Eprfiopm,
2195 2742 2248 2771 pro
2258 2743 2295 2764 eo
2308 2733 2389 2774 quod

1323 2779 1357 2809 ad
1379 2778 1564 2809 Parliamenta
1584 2778 1628 2808 seu
1645 2776 1777 2807 Concilia
1798 2772 1913 2811 nostra,
2003 2772 2072 2803 Nos
2093 2781 2158 2803 ante
2180 2772 2244 2803 haec
2261 2782 2390 2812 tempora

1325 2818 1498 2848 summonita
1515 2816 1561 2847 seu
1576 2815 1726 2853 assignata,
1741 2814 1776 2844 de
1791 2812 1932 2843 Mandato
1949 2810 2067 2850 nostro,
2086 2811 2265 2843 Auaoritare
2279 2812 2312 2842 &
2336 2811 2390 2841 Vi-

1324 2865 1395 2895 gore
1410 2856 1552 2887 dieiarum
1574 2854 1734 2887 Literarum
1750 2850 1930 2890 nostrarum,
1947 2860 2007 2881 non
2021 2850 2146 2887 venerit,
2163 2851 2283 2887 graviter
2297 2848 2390 2880 Vexa-

1326 2904 1371 2926 tus
1383 2897 1417 2928 ὅτ
1430 2895 1594 2933 Turbatus,
1612 2903 1645 2924 ac
1669 2891 1850 2924 Auctoritate
1870 2889 2051 2922 Parliamenti
2071 2889 2191 2928 graviter
2209 2887 2390 2919 Amerciatus

1326 2935 1425 2972 fuerit,
1446 2935 1475 2965 in
1490 2937 1566 2973 ipius
1579 2932 1701 2972 Epifiopi
1719 2930 1888 2969 Dampnum
1907 2939 1967 2959 non
1984 2926 2135 2959 modicum
2154 2927 2188 2958 &
2204 2924 2389 2966 Gravamen,

1325 2983 1359 3006 ac
1373 2982 1472 3005 contra
1516 2982 1635 3004 enorem
1651 2971 1809 3002 Literarum
1823 2967 1982 2998 nostrarum
1999 2965 2213 3004 praedhstarum,

1367 3013 1460 3044 Unde
1475 3012 1562 3043 dieras
1576 3010 1734 3051 Epifiopur,
1751 3007 1902 3039 occasione
1920 3003 2057 3044 praedffia
2071 3003 2105 3034 &
2120 3002 2320 3034 Infirmitatum
2337 3003 2388 3036 fibi

1329 3052 1417 3084 indies
1432 3051 1653 3083 accrescentium
1690 3048 1788 3080 Nobis
1803 3044 1947 3077 humiliter
1961 3042 2126 3081 supplicavit
2140 3050 2170 3072 ut
2183 3040 2312 3074 Gratiam
2332 3052 2389 3072 no-

1329 3091 1417 3136 stram
1431 3091 1482 3121 fibi
1498 3089 1651 3122 occafione
1662 3073 1880 3120 {Praemifforum
1893 3081 2110 3119 exhiberemus,
2125 3089 2248 3120 eumque
2261 3080 2329 3112 inde
2338 3090 2389 3121 pe-

1327 3130 1405 3161 nitus
1419 3139 1569 3161 exonerare
1579 3129 1699 3168 gratiose
1716 3126 1916 3164 dignaremur,

1366 3168 1452 3206 Nos,
1467 3168 1675 3208 Supplicationi
1689 3166 1744 3197 suae
1764 3162 1930 3205 praedietae,
1947 3157 2149 3191 occasionibus
2167 3156 2328 3196 praedietis,
2346 3157 2390 3190 fa-

1328 3207 1490 3238 vorabiliter
1503 3206 1645 3243 inclinati,
1664 3205 1700 3235 de
1715 3203 1813 3235 Gratia
1827 3200 1924 3232 nostra
1936 3198 2045 3238 speciali
2059 3196 2275 3235 Conceffimus,
2294 3198 2328 3228 &
2337 3204 2392 3236 per‘

1327 3245 1481 3278 Praesentes
1495 3245 1712 3282 Concedimus,
1731 3242 1825 3273 eidem
1840 3238 1982 3279 Epifiopo‚
1999 3238 2056 3275 jam
2071 3235 2106 3267 de
2121 3245 2220 3274 novo,
2236 3236 2317 3275 quod
2332 3236 2389 3275 ipse

1327 3295 1381 3324 pro
1392 3284 1538 3316 Termino
1555 3283 1630 3314 Vitae
1644 3282 1699 3314 suae
1714 3281 1788 3312 hanc
1800 3279 1900 3310 habeat
1915 3277 2088 3307 Libertatem
2097 3297 2108 3313 ,
2121 3274 2220 3313 qu'od,
2238 3274 2304 3305 licet
2320 3275 2390 3314 ipse,

1324 3326 1434 3355 ratione
1451 3323 1508 3355 five
1522 3322 1601 3353 causa
1620 3319 1860 3352 Summonitionis
1882 3315 1998 3353 alicujus
2017 3313 2198 3345 Parliamenti
2220 3313 2329 3352 nostri,
2345 3314 2391 3345 vel

1325 3362 1485 3393 Haeredum
1508 3361 1694 3397 nostrorum,
1720 3357 1767 3389 seu
1788 3354 1990 3394 Affignationis
2008 3352 2166 3391 aliquorum
2187 3351 2390 3383 Conciliorum

1325 3400 1492 3431 nostrorum
1513 3399 1559 3429 seu
1581 3398 1740 3429 Haeredum
1763 3393 1928 3425 nostrorum
1965 3391 2002 3421 de
2015 3390 2156 3421 veniendo
2173 3391 2207 3421 ad
2225 3390 2324 3421 eadem
2342 3391 2389 3421 seu

1325 3448 1426 3482 eorum
1439 3438 1532 3476 aliqua
1547 3437 1582 3480 fit
1598 3435 1797 3467 Summonitus
1819 3432 1864 3462 vel
1882 3414 2056 3469 Asii'gnatus,
2076 3439 2124 3466 per
2141 3428 2230 3460 Breve
2264 3431 2309 3461 seu
2330 3429 2389 3460 fine

1325 3477 1429 3514 Brevi,
1447 3484 1493 3506 aut
1508 3475 1625 3515 speciale
1640 3474 1821 3509 Praeceptum
1834 3469 1983 3507 nost-rum,
1999 3468 2045 3498 vel
2065 3468 2211 3499 dictorum
2228 3451 2390 3498 &eredunt

1324 3515 1487 3546 nostrorum
1497 3536 1507 3553 ,
1525 3514 1601 3545 idem
1617 3521 1711 3544 tamen
1725 3508 1867 3550 Epifiopus
1881 3508 1917 3539 de
1938 3517 1998 3537 non
2012 3506 2155 3537 veniendo
2175 3507 2209 3537 ad
2225 3504 2388 3544 hujusmodi

1324 3554 1516 3585 Parliamenta
1534 3552 1582 3583 seu
1596 3550 1732 3582 Concilia
1746 3548 1842 3580 nostra
1855 3546 2007 3579 Generalia
2023 3545 2070 3576 seu
2086 3545 2200 3576 Secrem
2213 3546 2322 3580 nostra,
2339 3542 2388 3573 vel

1325 3592 1487 3625 Haeredum
1503 3591 1686 3628 nostrorum,
1702 3597 1815 3620 exnunc
1832 3586 1868 3618 de
1883 3594 1990 3616 caetero
2004 3584 2128 3614 omnino
2148 3583 2181 3614 fit
2194 3583 2388 3619 Exoneratus,

1327 3631 1430 3671 absque
1449 3629 1568 3661 Offensa
1596 3629 1641 3660 seu
1661 3627 1841 3668 Imperitione
1862 3623 1954 3657 nostri
1976 3623 2021 3656 vel
2041 3622 2201 3654 Haeredum
2220 3619 2386 3651 nostrorum

1325 3677 1595 3710 quorumcumque,

1365 3707 1511 3739 Nolentes
1525 3706 1604 3746 quod
1620 3706 1690 3736 idem
1702 3707 1729 3735 E
1750 3703 1859 3746 stopax,
1873 3702 1981 3734 ratione
2001 3701 2058 3733 five
2080 3698 2162 3731 causa
2178 3707 2238 3728 non
2254 3696 2388 3727 veniendi

1327 3747 1384 3778 five
1400 3756 1461 3776 non
1475 3746 1655 3785 Apparentiae
1672 3744 1707 3775 ad
1752 3743 1911 3774 arliamenta
1924 3741 1968 3772 seu
1989 3739 2125 3771 Concilia
2135 3735 2229 3767 nostra
2241 3734 2388 3771 hujufino-

1328 3786 1376 3824 di,
1393 3785 1429 3815 de
1443 3793 1548 3816 caetero
1565 3783 1648 3814 Occa
1669 3791 1791 3819 onetur‚
1811 3780 1983 3812 Molestetur
1995 3780 2026 3809 in
2037 3778 2148 3814 aliquo,
2163 3773 2210 3803 seu
2225 3772 2388 3813 Gravaur,

1329 3835 1376 3856 aut
1390 3824 1426 3855 ad
1447 3824 1571 3861 aliquam
1594 3821 1858 3860 Redemptionem,
1877 3819 1998 3855 Finem,
2021 3816 2209 3851 Dampnum,
2228 3812 2275 3842 seu
2295 3812 2388 3850 quod-

1330 3862 1548 3935 ἓὲᾙὲἒὲ
1558 3851 2126 3937 ffffffissegffiffifmffiffffiiffiffl’
2140 3859 2191 3888 per
2205 3848 2273 3880 ΝΘΕ
2284 3851 2331 3881 V⁶¹
2343 3851 2389 3881 a-

2020 3914 2030 3930 2

2390 1016 2409 1036 Ψ
2430 1017 2486 1049 XI.

2395 1056 2458 1094 386.

2406 2275 2485 2308 Ann.
2494 2275 2539 2309 D:

1355 2350 1438 2383 Cfim
1453 2351 1628 2382 Venerabilis
1648 2349 1730 2381 Pater
1751 2347 1900 2387 Johanner
1919 2345 2059 2391 Episqepur
2079 2345 2253 2387 Menevenfir
2269 2345 2384 2379 diversis
2400 2325 2521 2393 Αξΐςςζῖ.

1316 2387 1529 2435 Infirmitatibus
1545 2389 1686 2436 Corporis
1701 2388 1733 2419 sit
1746 2388 1875 2418 detentus
1885 2410 1894 2425 ,
1911 2395 1975 2425 quae
1989 2386 2078 2415 indies
2092 2385 2244 2429 Senefflte
2257 2386 2384 2418 crescen-
2404 2398 2439 2422 H.
2458 2394 2487 2424 6,

1318 2429 1617 2499 ffssefflsifffiffss
1635 2427 1715 2497 ‘³5⁰3
1733 2426 1837 2494 &il-'sqoe
1854 2424 2122 2494 mignizc‘l‘ff‘ss
2141 2425 2181 2492 {i'i
2199 2424 2332 2455 ¹²³¹¹⁶⁰¹⁰
2350 2425 2385 2456 ὃ(
2404 2437 2463 2461 ¹²³³·
2479 2442 2524 2470 ³5·

1569 2478 1656 2507 pnoa
1717 2476 1730 2496 a
1756 2473 1878 2495 iamenta
1904 2474 1939 2495 eu
1981 2472 2085 2494 oneiia
2102 2472 2142 2493 no
2169 2472 2197 2492 ra
2210 2462 2246 2493 de
2263 2463 2386 2494 Manda-
2407 2476 2441 2500 H.
2461 2473 2490 2500 6.

2408 2516 2433 2548 p.
2459 2519 2483 2539 ι.
2501 2519 2540 2540 ιιι.

2407 2559 2441 2586 J·

2047 3890 2092 3921 seu
2112 3888 2305 3926 quovismodo
2318 3889 2339 3909 ²*
2353 3889 2392 3920 de
2406 3891 2427 3912 *
2446 3892 2501 3923 XI,
2545 3876 2555 3891 k

1329 3951 1366 3973 eo
1387 3939 1489 3979 aliquid
1512 3938 1653 3974 Levemr3
1677 3938 1772 3976 aliquo
1788 3935 1917 3970 Statuto,
1943 3930 2042 3967 Αᾶυ,
2067 3927 2114 3960 vel
2132 3925 2341 3967 ordinatione,
2360 3929 2390 3959 in
2411 3930 2474 3969 387„

1330 3979 1506 4012 contraxium
1519 3977 1587 4009 inde
1600 3976 1699 4016 fietis,
1719 3984 1781 4007 non
1795 3970 1980 4005 obstantibus.
2360 4003 2394 4037 In
