2555 4266
0 270 70 302 Ann.
81 269 125 313 D.-

0 318 106 378 sitm]

20 1071 43 1093 ἢ
56 1071 95 1101 X&

32 1112 98 1145 761.

5 1147 84 1178 Ann.
98 1144 138 1176 D.

28 1195 41 1215 1
86 1193 116 1215 Ο.

5 1229 59 1253 An.
78 1224 120 1251 18.

9 1267 44 1290 H.
61 1262 88 1289 6.

4 1299 141 1329 Franc.18.

9 1339 84 1366 H.6.
99 1348 137 1367 m.

16 1376 61 1404 28.

21 3218 101 3250 Arm.
110 3216 152 3249 D.

46 3266 133 3295 1440.

21 3301 77 3324 An.
96 3296 138 3323 18.

23 3338 61 3362 IL
81 3335 113 3360 6.

24 3372 90 3399 ibid.
99 3381 137 3400 m.

27 3418 71 3445 ²7·

46 3973 127 4003 ⁴*K

67 4016 133 4050 7⁶²·

728 190 862 239 Ε’Τψ
914 196 1176 239 ACTA

177 273 259 320 Et'in
273 275 336 308 casii
349 277 426 316 quod
439 278 549 311 eaedem
566 279 688 319 Literae,
707 281 745 312 fic
760 280 962 321 conficiendae,
990 294 1022 313 ro
1034 283 1115 321 pleni
1122 283 1199 313 Exo-

141 321 281 344 nerarione
303 313 336 346 &
357 316 575 355 Acquietatione
590 321 716 358 praedic‘li
732 320 947 359 Archiepistopi,
1001 323 1124 351 aeredum
1141 345 1149 357 ,
1168 322 1201 351 &-

140 349 333 383 Executorum
350 353 463 400 suorum
480 358 507 386 in
528 359 579 388 hac
598 369 673 396 parte
690 369 759 395 erga
777 359 858 396 Nos,
875 359 1007 389 Haeredes
1020 381 1030 396 ,
1049 358 1202 389 Succeffo-

142 399 183 419 res
200 390 311 434 nostros
330 393 497 433 praedielos,
514 396 544 426 iri
564 396 657 435 aliquo
676 398 770 427 minus
787 397 887 427 validae
905 399 938 428 &
957 396 1157 427 insufficientes
1169 398 1199 426 in

142 427 224 464 Lege
234 427 366 468 existant,
383 433 462 469 quod
479 443 580 465 extunc
601 435 751 472 predictus
770 434 957 465 Cancellarius
973 434 1084 470 plenam
1105 434 1202 463 simili-

141 475 183 510 τες
198 466 480 512 Potestatembabeat
495 474 528 503 δε
542 474 820 511 Au&oritatem,per
834 472 1004 509 Praesentae,
1022 471 1082 501 fieri
1096 471 1202 502 facien-

143 504 174 551 di
193 506 224 535 &
242 506 376 536 liberandi
388 508 507 548 praefato
521 511 741 550 Archippifiopo,
761 520 809 547 per
823 510 1025 540 avis-amentum
1038 509 1155 540 Conlilii
1173 520 1202 539 e-

139 543 249 588 jusdem
263 544 457 586 Archfepiscopi
474 572 482 586 ,
500 553 543 579 tot
565 551 599 581 &
621 552 686 579 tales
699 549 763 578 alias
778 549 883 578 Literas
899 547 1025 578 Patentes
1036 547 1086 578 sub
1101 548 1202 585 Sigillo

141 582 281 626 praedicsto
295 606 305 620 ,
332 594 402 622 quor
426 587 459 616 δε
483 586 573 625 quales
591 588 673 616 eidem
690 585 888 624 Archiepiscopo
912 587 946 616 ὃς
963 586 1044 616 dieto
1069 585 1200 616 Consilio

140 621 189 652 suo
207 631 237 650 iri
254 620 403 654 Praemiffis
421 624 481 654 fore
499 624 668 655 videbuntur
686 623 866 662 necessariae,
883 624 960 654 utiles
975 648 985 661 ,
1000 623 1147 662 efficaces,
1167 626 1201 656 &

141 661 427 728 gfftssffibabsque
441 662 531 720 aliqpa
547 663 612 731 ali&
618 664 661 693 vel
681 663 801 730 υὶῑεὲἰςῖτὶί
820 662 1087 732 Ρῖξίεειὲίοηὲζρξπ
1098 663 1202 731 Ρνιιῖἱίέ-

143 747 186 767 res
208 700 574 782 nostroseflsggmanliguffigs
602 709 1147 782 fiistegilrimisspsssaediglaiuffi'laciehlgiii
1165 712 1202 771 gc-

145 774 246 844 absl‘que
266 776 415 844 Ρεοάιέζδε
433 776 506 807 Fine
523 786 621 815 quovis
639 778 728 808 modo
748 776 880 808 faciendis
895 788 947 816 pro
960 777 1073 809 eisdem.

201 823 221 842 n
240 823 332 851 cujus,
381 824 408 844 c.

219 852 306 884 Teste
322 851 404 891 Rege
416 851 488 890 apud
503 852 611 896 Reaiyng
625 876 635 892 ,
655 862 756 892 quarto
773 854 820 885 die
837 854 988 885 Februarii.

898 933 951 961 Per
963 931 1044 972 ipficm
1066 934 1170 970 Regem.

159 1014 235 1022 ,ηρ-

399 1061 427 1089 ²5⁶
452 1066 545 1108 Super
568 1064 740 1108 Intercurfh
763 1064 925 1099 Flandriae.

155 1147 232 1203 RE
242 1147 292 1187 X,
309 1147 432 1180 Diletstis
446 1148 480 1180 &
495 1148 637 1180 Fidelibus
650 1149 718 1186 suis,
736 1148 842 1178 Thomae
856 1148 969 1187 Kyryell
983 1148 1090 1187 Militi,
1110 1147 1209 1187 Magi-

228 1187 285 1218 stro
300 1187 435 1226 Stephano
461 1187 571 1218 Wilton
591 1187 783 1218 Decretorum
805 1187 948 1226 Doetori,
963 1186 1069 1217 Thomae
1086 1186 1205 1217 Chalton

153 1225 328 1294 Mgrcatori,
346 1228 381 1295 &d
393 1225 539 1256 lVillielmo
553 1225 702 1264 Ludlo-we,
720 1225 854 1256 Salutem.

210 1274 287 1294 cratis
324 1275 362 1294 uo

190 1302 270 1333 Cum
289 1275 351 1333 alias
372 1287 456 1333 certae
478 1303 603 1341 Treugae
616 1302 649 1333 δε
665 1300 1018 1333 Intercornmunicationes
1038 1301 1207 1333 Mercandi-

151 1341 257 1378 sarum,
271 1342 342 1372 inter
357 1340 490 1371 Subditos
505 1340 613 1370 nostros
629 1340 739 1378 Angliae
755 1364 763 1378 ,
782 1339 929 1370 Hiberniae
946 1363 955 1378 ,
972 1344 1005 1372 &
1023 1341 1106 1370 Villae
1122 1340 1206 1370 Cale-

152 1379 324 1417 sii,&1psos
339 1379 374 1409 de
387 1379 548 1416 Brabantia,
566 1378 710 1416 Flandria,
726 1389 759 1409 ac
774 1378 957 1409 Dominio&
968 1379 1041 1409 Villa
1055 1379 1090 1409 de
1101 1379 1208 1415 Magh-

153 1418 238 1456 linia,
256 1418 339 1456 usque
359 1418 388 1447 in
404 1417 502 1447 Finem
519 1418 652 1447 Triennii
666 1426 768 1447 extunc
784 1416 921 1448 duraturae
935 1439 945 1455 ,
960 1417 1075 1448 Habitae
1090 1419 1208 1455 fuerint,

153 1458 183 1488 Τ
184 1458 312 1487 saetam,
333 1455 558 1493 Appunistuatae,
577 1456 609 1485 &
627 1455 795 1493 Conclusae,

190 1496 235 1526 Ac
248 1493 433 1532 postmodum
449 1517 458 1529 ,
475 1493 510 1523 ad
527 1493 769 1531 Supplicationem
785 1516 795 1531 ,
813 1492 962 1523 carissimae
978 1492 1206 1529 Consanguineae

151 1532 256 1564 nostrae
265 1554 275 1569 ,
292 1531 406 1570 Duciffae
427 1532 610 1570 Burgundiae,
626 1532 710 1569 usque
727 1540 837 1562 certum
859 1540 971 1570 tempus
984 1532 1117 1570 prolixius
1129 1531 1207 1562 suffi—

151 1572 238 1639 cielrilti
254 1570 429 1601 Auel-oritate
444 1569 597 1607 Ampliitae
611 1571 643 1601 δε
659 1571 837 1609 Prorogatae,

225 1619 257 1639 os
280 1618 326 1638 arn

190 1646 238 1677 Ut
251 1619 345 1677 bJonus²
358 1669 368 1685 ,
382 1646 500 1677 sincerus
514 1669 524 1684 ,
542 1647 574 1677 &
589 1646 743 1677 amicabilis
763 1645 960 1678 Mercandifiae
975 1645 1146 1677 Intercursus
1162 1655 1209 1685 ge-

155 1685 282 1718 neraliter
296 1686 368 1715 inter
391 1695 490 1716 omnes
512 1687 546 1716 &
569 1686 688 1724 fingulos
703 1685 835 1716 Subditos
849 1686 976 1721 nostros,
994 1687 1052 1716 tam
1076 1684 1210 1715 Cismari-

158 1734 212 1755 nos
223 1748 233 1761 .,
252 1725 338 1762 quam
359 1724 572 1754 Transmarinos
587 1746 597 1762 ,
615 1726 648 1755 &
669 1724 780 1755 illoside
799 1724 880 1753 <lieris
898 1723 1022 1754 Partibus
1038 1723 1212 1761 Brabantiae,

159 1763 316 1800 Flandriae,
333 1772 368 1793 ac
385 1761 528 1792 Dominio
546 1762 580 1793 δί
597 1762 671 1794 Villa
686 1763 721 1793 de
737 1762 922 1800 Maghlinia,
936 1772 1048 1792 exnunc
1063 1762 1213 1800 habeatur,

154 1803 266 1839 vigeat,
284 1801 317 1832 &
332 1800 486 1838 accrescat,

193 1839 240 1870 Ad
263 1838 408 1877 specialem
432 1839 659 1877 Requifitionem
675 1840 734 1870 tam
750 1839 932 1870 Subditorum
955 1839 1119 1869 nostrorum
1138 1849 1214 1876 prae-

156 1878 299 1909 diocorum
313 1879 399 1922 quam
416 1877 528 1908 illorum
542 1878 577 1908 de
590 1878 694 1908 eisdem
714 1878 840 1909 Partibus
855 1878 1013 1908 Brabantiae
1022 1901 1032 1916 ,
1051 1878 1074 1908 F
1075 1878 1189 1908 landriae
1202 1900 1212 1916 ,

156 1928 191 1948 ac
206 1916 350 1946 Dominio
367 1917 400 1947 &
417 1916 442 1945 V
444 1916 489 1947 illa
505 1917 541 1946 de
554 1915 735 1955 Maghlinizl,

193 1955 399 1993 Affignavimus
413 1954 490 1992 Vos,
507 1955 596 1993 Tres,
616 1956 648 1986 &
665 1955 748 1985 Duos
760 1953 906 1993 vestrum,
924 1954 959 1985 ad
975 1954 1215 1985 Conveniendum

157 2003 226 2024 cum
242 1994 413 2024 Oratoribus
436 1993 492 2022 five
511 1993 544 2023 N
550 1994 637 2023 unciis
653 1992 774 2032 rvraefatae
789 1996 991 2032 Carisanguineae
1009 1992 1121 2032 nostre,
1139 1992 1215 2023 suffi-

156 2033 278 2063 cientem
293 2032 327 2062 &
337 2031 492 2070 requisitam
504 2031 672 2062 Potestatem
689 2033 871 2070 habentibus,
891 2033 972 2062 cenis
989 2031 1216 2062 Locis&Tem-

157 2072 292 2138 poi‘iibus,
312 2079 395 2108 prout
410 2071 480 2100 inter
493 2080 545 2101 vos
561 2071 594 2101 &
608 2070 682 2108 ipsos
697 2070 873 2103 Oratores&
883 2070 1019 2101 Nuncios
1034 2070 1136 2111 poterit
1144 2080 1214 2100 con-

159 2119 212 2140 cor
234 2119 290 2146 ari,

198 2147 235 2177 Et
257 2147 292 2177 ad
317 2146 575 2186 Appuntfluandum
598 2149 632 2179 &
654 2147 898 2178 Concludendum
920 2158 988 2178 cum
1010 2147 1115 2177 eisdem
1136 2146 1216 2185 quod

160 2185 271 2216 Subditi
292 2185 377 2215 nostri
403 2185 567 2215 Ducatuum
591 2185 753 2217 nostrorum
776 2186 966 2216 Normanniae
989 2186 1022 2216 &
1036 2186 1217 2226 Aquitanniae

158 2234 192 2254 ac
210 2222 405 2254 Marchiarum
421 2223 508 2254 dietae
524 2224 607 2254 Villae
621 2224 726 2255 nostrae
742 2224 858 2255 Calesiae
873 2226 902 2254 in
925 2226 957 2255 &
978 2224 1026 2254 sub
1043 2226 1166 2261 Treugis
1183 2225 1216 2255 δε

158 2261 546 2294 Intercommunicationibus
560 2263 717 2301 praedietis,
735 2274 768 2293 ac
783 2263 976 2301 Ampliatione
987 2263 1019 2293 &
1035 2262 1108 2293 Pror
1148 2263 1219 2293 atio-

157 2311 195 2331 ne
206 2301 386 2339 earumdem,
402 2300 678 2338 comprehendantur
692 2302 725 2332 &
736 2303 930 2332 contineantur
940 2324 949 2339 ,
966 2311 999 2331 ac
1015 2301 1119 2331 eisdem
1153 2311 1219 2332 ene-

157 2339 245 2376 ficiis,
265 2338 440 2376 Privilegiis,
460 2339 493 2369 &
512 2339 696 2370 Libertatibus
712 2342 739 2370 in
755 2341 891 2370 omnibus
908 2340 1045 2376 gaudeant
1056 2340 1220 2378 &utantur,

158 2378 230 2408 ficut
245 2377 316 2407 dieti
332 2377 442 2407 Subditi
466 2377 580 2414 Angliae
597 2400 606 2414 ,
624 2377 774 2408 Hiberniae
791 2401 800 2416 ,
816 2381 849 2410 &
874 2378 957 2409 Villae
980 2377 1096 2408 Calesiae
1111 2400 1121 2416 ,
1135 2379 1221 2408 ratio-

159 2426 198 2446 ne
217 2415 354 2446 dictarum
376 2415 555 2454 Treugarum
570 2417 603 2447 &
619 2415 992 2455 Intercommunicationum
1007 2439 1016 2454 ,
1034 2426 1068 2447 ac
1090 2416 1220 2454 Amplia-

160 2455 246 2522 tdionis
269 2454 302 2484 &
330 2452 542 2492 Prorogationis
565 2454 729 2493 earumdem
748 2477 757 2493 ,
783 2455 881 2485 melius
905 2456 946 2485 uti
969 2454 1073 2485 debent
1098 2455 1131 2485 &
1151 2465 1222 2493 gau-

185 2502 230 2522 ere
631 2517 634 2522 ,

199 2515 317 2561 Et'ideo
333 2530 414 2560 vobis
435 2529 607 2561 Mandamus
623 2531 703 2569 quod
717 2531 795 2562 circa
811 2531 957 2562 Praemiffa
971 2531 1118 2570 diligenter
1131 2533 1221 2562 inten-

161 2568 237 2638 rcllata'is
247 2591 258 2607 ,
284 2569 317 2599 ὃς
336 2579 369 2599 ea
386 2569 513 2607 faciatis,
537 2570 712 2608 exequamini
731 2592 741 2608 ,
768 2571 801 2601 &
824 2570 954 2608 expleatis
979 2571 1010 2600 in
1027 2570 1123 2601 forma
1148 2580 1223 2608 prae-

184 2617 194 2637 i
225 2618 256 2638 a:
788 2635 792 2639 .

198 2645 235 2676 Et
253 2645 449 2676 Promittimus
465 2645 532 2676 Nos
546 2646 622 2676 bona
636 2645 690 2676 fide
704 2646 810 2677 Ratum
825 2668 835 2682 ,
854 2646 974 2677 Gratum
990 2669 1000 2685 ,
1018 2647 1145 2678 Firmum
1161 2671 1171 2685 ,
1188 2649 1221 2679 &

162 2684 268 2715 Stabile
282 2684 425 2715 habituros
438 2694 530 2714 totum
546 2686 579 2716 δε
597 2684 734 2723 quicquid
752 2695 799 2723 per
816 2685 896 2723 Vos,
915 2685 1008 2725 Tres,
1024 2686 1068 2716 vel
1078 2686 1160 2716 Duos
1170 2696 1222 2716 ve-

163 2723 256 2754 strsim
272 2723 381 2754 Aoium
395 2746 404 2761 ,
423 2722 548 2753 Gestum
564 2747 572 2761 ,
591 2724 635 2753 leu
656 2722 829 2754 Conclusam
851 2723 933 2754 fuerit
956 2725 985 2754 in
1000 2724 1169 2762 Praemiffis,
1187 2735 1219 2755 ac

163 2772 212 2804 ea,
229 2771 278 2800 per
293 2771 344 2791 vos
356 2762 394 2791 sic
413 2761 501 2798 Aeta,
518 2771 568 2798 per
583 2762 688 2792 Literas
703 2762 810 2793 nostras
822 2761 951 2793 Patentes
964 2763 1147 2804 Approbare,
1163 2763 1224 2794 Ra-

164 2800 286 2836 tilicare,
304 2800 337 2830 &
353 2798 539 2830 Confirmare.

202 2836 236 2869 In
255 2838 350 2875 cujus,
369 2838 430 2868 &Q

246 2875 336 2907 Teste
355 2875 437 2916 Rege
456 2875 528 2914 apud
546 2876 669 2916 Redyng,
687 2876 773 2908 Sexto
791 2876 838 2909 die
856 2878 1008 2909 Februarii.

901 2957 954 2985 Per
969 2953 1050 2995 ipficm
1067 2957 1172 2993 Regem.

369 3109 464 3152 Super
481 3102 567 3137 modo
588 3101 755 3148 conficiendi
777 3104 833 3136 Sal
850 3107 882 3136 in
900 3104 1028 3150 Anglia.

168 3190 291 3262 REiX
309 3191 439 3223 universis
457 3191 490 3222 ὅτ,
509 3189 618 3229 singulis
637 3188 818 3227 Admirallis,
844 3189 904 3220 &c.
928 3187 963 3219 ad
985 3198 1058 3227 quos
1071 3212 1080 3227 ,
1098 3189 1160 3221 &c.
1175 3189 1226 3221 Sa-

256 3239 343 3262 utem.

202 3265 303 3300 Sciatis
318 3267 397 3308 quod
407 3290 417 3306 ,

205 3305 264 3338 Pro
277 3318 314 3339 eo
331 3307 410 3346 quod
424 3315 530 3343 nuper,
549 3312 579 3335 ut
595 3303 785 3334 informamur
801 3326 811 3341 ,
828 3312 919 3335 certus
938 3303 1047 3334 Modus
1066 3304 1225 3335 conficien-

170 3340 200 3371 di
213 3345 257 3376 Sal
272 3346 301 3376 in
315 3345 373 3375 hoc
387 3344 491 3383 Regno
507 3343 605 3373 nostro
621 3343 736 3379 Angliae
753 3344 842 3380 magis
856 3342 968 3373 abunde
984 3344 1068 3380 quam
1086 3345 1225 3381 tempori-

169 3380 222 3412 bus
235 3385 375 3414 retroactis
387 3383 447 3413 fieri
463 3382 568 3412 solebat
577 3404 586 3419 ‚
604 3389 723 3425 repertus
737 3380 798 3419 est,

208 3419 324 3460 Propter
347 3422 422 3460 quod
443 3420 594 3458 expediens
614 3419 724 3449 Videtur
745 3429 797 3456 pro
814 3418 975 3457 Republica
992 3442 1000 3457 ,
1020 3420 1117 3449 venire
1131 3418 1226 3450 facere

172 3458 208 3488 de
222 3458 378 3490 Hollandiii'
391 3461 424 3491 &
439 3458 584 3489 Zellandia
600 3458 711 3489 Gentes
724 3459 757 3488 ad
771 3457 985 3488 conficiendum
1004 3457 1168 3496 hujusmodi
1182 3457 1226 3488 Sal

175 3496 275 3528 doetas
287 3499 317 3527 in
331 3499 389 3528 hoc
403 3500 439 3529 ὅτ,
450 3506 590 3536 expertaS,

172 3575 179 3580 ‚
199 3534 247 3565 ‘Et
267 3535 301 3565 ad
323 3535 424 3565 Finem
439 3535 577 3579 Donandi
591 3534 750 3578 hujusmodi
765 3533 908 3579 Gen-tibus
921 3535 1103 3565 occasionem
1117 3536 1151 3566 &
1167 3544 1226 3565 ma-

166 3572 1096 3655 teracissimis{risun}&sarireesdras&
1107 3572 1225 3654 fessis:

170 3659 249 3681 rante
264 3649 377 3680 Guerra
390 3655 499 3679 ruerunt
513 3660 581 3681 cum
591 3650 750 3687 Flamengis
761 3648 806 3679 vel
818 3649 876 3679 aliis
889 3648 1016 3680 Inimicis
1030 3649 1131 3680 nostris
1144 3649 1224 3687 supra

169 3688 257 3719 Mare
271 3710 280 3725 ,
300 3697 348 3725 per
370 3687 444 3724 quod
459 3696 507 3717 aut
521 3696 634 3726 propter
649 3687 749 3727 aliquas
763 3687 827 3717 alias
841 3687 942 3717 Causas
954 3711 964 3725 ,
987 3688 1064 3725 supra
1081 3687 1164 3718 Mare
1179 3688 1224 3718 seu

170 3727 203 3795 {in
210 3727 301 3795 ghero
322 3725 429 3762 Regno
450 3724 545 3755 nostro
565 3735 627 3756 ante
643 3726 708 3756 haec
725 3733 855 3764 tempora
869 3735 1047 3763 emergentes
1062 3748 1072 3765 ,
1090 3726 1222 3757 accedere

233 3773 330 3795 itarent

194 3776 268 3834 uPro
292 3786 347 3840 qu}
368 3800 483 3840 quidem
499 3799 658 3839 Republica
673 3802 812 3833 Dedimus
827 3803 860 3834 &
880 3801 1079 3833 concessimus
1090 3824 1099 3840 ‚
1126 3812 1160 3832 ac
1178 3812 1226 3840 per

169 3840 324 3872 Praesentes
337 3839 449 3870 Dimus
463 3838 496 3868 &
513 3836 724 3876 Concedimus,
733 3840 843 3871 Salvam
854 3839 989 3871 Gardiam
1005 3841 1163 3877 generalem
1172 3851 1225 3878 pro

171 3878 317 3918 Sexaginta
341 3878 468 3909 Personis
488 3876 750 3919 vel-‚paucioribuz
773 3888 841 3917 quas
861 3878 1009 3916 Johannes
1031 3879 1063 3908 de
1087 3879 1226 3908 Shiedame

174 3917 309 3958 Armiger
324 3940 334 3956 ‚
352 3918 382 3946 in
409 3913 556 3945 Zellandia
578 3914 711 3956 oriundus
727 3937 737 3952 ,
755 3917 784 3945 in
807 3916 945 3953 Regnum
971 3916 1100 3947 nostrum
1125 3918 1228 3954 praedi-

178 3955 260 3998 &um
283 3956 319 3987 ad
344 3953 559 3986 conficiendum
578 3953 597 3971 *
618 3951 728 3982 dietum
753 3953 798 3983 Sal
823 3954 967 3993 adducet,
991 3955 1037 3986 seu
1061 3954 1164 3986 adduci
1189 3956 1230 3986 fa-

181 4002 297 4070 cieQae
309 4030 571 4075 quidemylffersonae
593 4029 698 4059 ibidem
714 4029 904 4065 operabuntur
919 4031 1022 4070 absque
1037 4041 1074 4062 eo
1091 4031 1166 4070 quod
1180 4042 1233 4062 oc-

179 4069 253 4139 ca&
271 4068 480 4139 ίειὶῐιιὲρεῑῑιιιο
493 4093 503 4108 ,
521 4068 558 4100 de
572 4076 752 4107 quacumque
765 4066 812 4098 Re
825 4076 889 4100 ante
900 4068 963 4102 haec
977 4078 1106 4109 tempora
1117 4071 1230 4103 conrin-

237 4118 288 4139 ωπ-
330 4129 338 4138 ,
383 4130 390 4138 .
426 4130 435 4139 .

1257 184 1735 241 Poenica,⁴
2246 220 2298 260 75

1243 292 1349 352 gente,
1367 285 1397 315 in
1412 284 1608 324 Corporibus,
1624 295 1714 323 neque
1727 283 1828 323 Bonis,
1847 284 2008 325 aliquatenus
2021 290 2065 323 fiat
2079 291 2135 324 five
2147 289 2228 322 detur
2242 292 2293 322 eis·
2313 289 2388 321 Ann.
2402 289 2446 321 D.

1264 333 1329 360 em,-
2338 339 2351 359 1
2395 336 2423 357 0.

1280 361 1317 390 Et
1339 360 1404 390 ideo
1427 363 1508 391 vobis
1534 360 1703 391 Mandamus
1724 360 1801 398 quod
1817 360 1851 390 ad
1865 364 2144 403 prser'ltassexaginm
2160 367 2291 399 Ρενΐοῃῃς
2313 336 2421 397 Half-6.

1241 398 1287 427 vel
1305 400 1449 435 pauciores
1463 422 1472 437 ,
1497 409 1546 436 per
1567 400 1713 438 praefatum
1730 398 1889 436 Johannem
1903 401 1933 429 de
1957 401 2090 434 Shieianie
2104 409 2131 436 in
2147 407 2289 438 Remum

1241 435 1372 466 nostrum
1386 438 1554 473 praediclum
1570 447 1602 467 ex
1619 438 1700 467 causa
1716 437 1850 476 praedi‘sta
1864 437 2038 470 adducendis
2054 465 2062 479 ‚
2088 455 2139 481 qua
2166 439 2216 481 pro
2234 444 2289 474 230-

1241 483 1280 503 no
1296 474 1419 504 Publico
1435 476 1463 504 in
1473 475 1584 505 Salvam
1594 475 1732 505 Gardiarn
1748 475 1927 514 suscepimus,
1936 486 1965 507 ut
1973 479 2139 514 praedurum
2154 482 2289 521 est,Ma-

1241 513 1392 543 nuteneatii
1403 538 1410 548 ,
1426 511 1595 551 Protegatis,
1615 514 1647 544 &
1663 512 1846 550 Desendatis‚

1280 550 1355 581 Non
1369 551 1534 589 inferentes,
1549 552 1609 582 &c.

1278 587 1315 618 Et
1329 589 1346 618 si
1364 590 1448 628 quid,
1465 590 1526 620 &c.

1278 626 1400 657 Proviso
1417 629 1524 665 semper
1538 627 1617 665 quod
1632 627 1763 658 Personae
1777 628 1934 668 hujusmodi
1949 630 1977 659 in
1996 629 2102 669 Regno
2110 631 2204 662 nostro
2219 644 2290 671 prae.

1244 663 1327 695 dicto
1349 665 1495 696 existentes
1518 667 1670 706 quicquam
1688 689 1697 703 ,
1716 666 1792 704 quod
1816 669 1845 697 in
1869 667 1972 697 Nostri
1993 668 2036 698 sei
2053 668 2233 700 subditorum
2248 681 2293 704 aut

1242 702 1448 734 Dominiorum
1471 704 1634 746 nostrorum
1658 704 1827 743 Dsmpnum
1849 705 1895 736 vel
1911 705 2111 746 Praejudicium
2132 707 2229 738 cedere
2246 720 2293 741 va-

1243 740 1315 779 leat,
1334 743 1453 772 minime
1471 744 1573 773 iaciant
1590 743 1634 773 vel
1651 751 1827 781 attemptent.

1279 778 1312 809 In
1333 782 1429 819 cujus,
1450 783 1510 812 &e
1530 792 1580 819 per
1597 790 1686 811 unum
1703 781 1823 812 Annum
1840 781 1989 812 duraturas.

1318 818 1407 850 Teste
1428 819 1511 859 Rege
1523 819 1596 860 apud
1613 819 1738 860 Redyng,
1755 821 1860 851 oCtavo
1878 821 1924 851 die
1942 821 2092 851 Februarii.

1815 898 1869 927 Per
1884 899 1976 927 Breve
1990 897 2021 927 de
2033 900 2153 928 Privato
2168 897 2266 944 Sigillo.

1467 1024 1526 1055 Pro
1547 1021 1681 1067 Eptftopo
1699 1009 1840 1072 (flandico
1863 1019 1899 1052 de
1919 1020 2117 1056 Providendo.

2320 1104 2394 1135 Ann.
2408 1101 2450 1134 D:

1244 1102 1334 1164 RE

2344 1150 2428 1181 1440.

1282 1179 1361 1210 Cum
1375 1192 1423 1217 per
1436 1184 1574 1220 quandam
1583 1182 1839 1221 Supplicationem,
1859 1182 1959 1213 Nobis
1974 1192 2023 1221 per
2034 1183 2192 1222 Johannem
2204 1181 2298 1213 Seche-
2316 1185 2368 1210 Aa.
2393 1180 2434 1208 18-

1238 1216 1311 1258 ford
1323 1219 1354 1249 ὅτ.
1370 1220 1529 1257 Johannem
1545 1221 1674 1251 Candeler
1689 1222 1861 1258 exhibitam,
1879 1223 2070 1259 acceperimus
2086 1223 2199 1260 qualiter
2213 1221 2296 1252 Con·
2321 1225 2353 1248 H.
2374 1222 2401 1248 6.

1246 1257 1330 1287 feffor
1353 1258 1486 1288 carissimi
1503 1260 1603 1289 Fratris
1622 1260 1708 1290 nostri
1721 1262 1909 1296 Regis-Daciae
1954 1261 2046 1298 quiin
2068 1260 2243 1298 Episcopum
2263 1259 2299 1290 de
2322 1263 2369 1286 Par
2395 1255 2436 1283 ι8.

1245 1295 1384 1337 Scallielte
1407 1298 1435 1326 in
1458 1296 1573 1327 Illandia
1595 1308 1682 1335 nuper
1703 1298 1742 1328 est
1765 1298 1880 1328 Crestus
1894 1321 1904 1336 ,
1922 1282 2046 1336 Fanem,
2067 1298 2191 1336 Vinum,
2209 1298 2302 1328 Servi·
2322 1302 2355 1325 H.
2371 1298 2398 1322 6-
2412 1300 2437 1330 P·

1246 1337 1329 1372 liam,
1349 1344 1438 1371 neque
1454 1336 1538 1365 alium
1556 1335 1732 1374 Liquorem,
1748 1336 1798 1366 nisi
1814 1336 1874 1366 Lac
1888 1337 1921 1367 δε
1938 1336 2110 1374 Aquam,ad
2127 1336 2303 1366 Nhnducan-
2326 1341 2451 1369 2.m.17-

1245 1372 1316 1402 dum
1333 1372 1366 1401 &
1382 1372 1539 1404 Bibendum
1554 1395 1564 1411 ,
1582 1374 1627 1404 seu
1649 1373 1781 1412 Pannum
1800 1374 1834 1404 ad
1848 1373 1874 1405 se
1889 1375 1923 1405 &
1937 1374 2094 1405 Servientes
2108 1374 2169 1406 suos
2183 1373 2306 1406 Induen-

1246 1410 1315 1440 dum
1330 1419 1391 1440 non
1407 1411 1523 1449 habeat,

1283 1448 1341 1478 Pro
1359 1449 1414 1486 qua
1432 1449 1544 1487 quidem
1563 1448 1658 1480 Causa
1677 1450 1746 1478 idem
1763 1452 1814 1487 Epi
1827 1458 1898 1489 copus
1913 1451 2005 1482 dielos
2025 1451 2185 1490 Johannem
2198 1453 2231 1483 &
2247 1450 2304 1489 Jo-

1246 1486 1381 1524 hannem,
1400 1487 1433 1517 ad
1450 1488 1610 1519 Licentiam
1631 1497 1683 1526 pro
1703 1487 1824 1517 Duabus
1839 1489 1972 1520 Navibus
2005 1499 2078 1520 exrra
2096 1490 2232 1527 Regnum
2249 1499 2303 1520 no-

1247 1525 1347 1568 strum·
1357 1526 1471 1561 Angliae
1485 1528 1514 1556 in
1528 1527 1650 1556 Terram
1664 1526 1827 1564 praedictam
1843 1549 1853 1564 ,
1879 1537 1946 1558 cum
1962 1512 2135 1558 &iemalibus
2150 1530 2182 1559 &
2199 1528 2302 1559 Panno

1248 1563 1362 1600 (solutis
1376 1565 1451 1601 prius
1466 1564 1613 1595 Custumis
1627 1565 1660 1596 &
1675 1564 1733 1595 aliis
1749 1563 1877 1595 Deveriis
1884 1565 1980 1595 Nobis
1992 1565 2108 1604 debitis)
2118 1566 2204 1596 libere
2218 1565 2303 1597 trans-

1246 1602 1344 1632 eundis
1358 1624 1367 1639 ,
1387 1602 1563 1641 habendam,
1582 1613 1666 1641 penes
1681 1602 1749 1632 Nos
1762 1603 1888 1641 prosequi
1900 1604 2080 1640 desideravit,

1286 1640 1354 1670 Nos
1365 1664 1374 1677 ,
1394 1641 1537 1672 Praemissa
1555 1641 1759 1672 considerantes
1777 1664 1786 1678 ,
1805 1651 1838 1672 ac
1862 1643 1946 1672 etiam
1964 1642 2041 1679 quod
2058 1642 2195 1673 Divinum
2212 1643 2308 1674 Servi-

1248 1678 1318 1709 tium
1356 1677 1677 1718 Communionemque,
1695 1680 1728 1710 &
1745 1679 1914 1717 Baptismum
1929 1682 1957 1710 in
1974 1680 2063 1721 Terra
2079 1681 2230 1718 praedicstfi,
2248 1682 2310 1712 abs-

1249 1728 1303 1754 que
1316 1701 1500 1748 Relevamine
1514 1719 1547 1749 &
1561 1719 1678 1749 Auxilio
1692 1717 1792 1748 nostris
1806 1720 1834 1747 in
1851 1718 1903 1748 hac
1919 1728 1996 1756 parte
2013 1742 2022 1756 ,
2040 1719 2188 1749 verisimile
2207 1719 2246 1749 est
2260 1719 2311 1750 de-

1250 1756 1333 1786 ficere
1347 1757 1380 1786 &
1395 1756 1514 1794 cessare,
1532 1767 1568 1787 eo
1586 1758 1664 1795 quod
1679 1757 1708 1786 in
1720 1756 1798 1786 dieta
1811 1757 1902 1786 Terra
1917 1767 2008 1794 neque
2025 1756 2214 1788 Frumentum
2228 1780 2238 1795 ,
2256 1757 2311 1787 Vi-

1251 1804 1321 1824 num
1331 1817 1339 1832 ,
1358 1805 1449 1833 neque
1463 1795 1507 1825 Sal
1521 1795 1654 1832 existant,
1665 1804 1693 1826 ut
1706 1795 1907 1832 informamur,
1925 1795 1960 1826 de
1976 1794 2078 1826 Gratia
2093 1795 2185 1826 nostra
2197 1795 2310 1833 speciali

1250 1832 1452 1863 Conceffimus
1468 1835 1500 1865 ὃς
1522 1834 1676 1864 Licentiam
1695 1832 1832 1864 Dedimus
1854 1832 1959 1863 eisdem
1973 1833 2102 1872 Johanm'
2118 1835 2150 1864 &
2164 1833 2311 1873 Johanm',

1251 1871 1330 1909 quod
1353 1871 1401 1909 ipsi
1425 1871 1504 1902 Duas
1521 1872 1617 1903 Naves
1632 1895 1641 1910 ,
1661 1881 1728 1902 cum
1754 1870 1963 1902 Mercatoribus
1977 1875 2010 1902 ἃ
2026 1871 2189 1902 Marinariis
2203 1873 2311 1903 eisdem

1252 1909 1424 1947 necessariis,
1441 1911 1470 1940 in
1487 1911 1566 1941 dieto
1581 1910 1687 1950 Regno
1704 1909 1818 1948 nostro,
1838 1920 1906 1940 cum
1923 1909 2050 1940 Centum
2067 1911 2223 1946 Quarteriis
2237 1911 2261 1941 F
2263 1922 2309 1942 ru-

1253 1948 1359 1986 menti,
1378 1949 1406 1978 in
1423 1958 1538 1986 utraque
1560 1951 1569 1980 (
1579 1949 1728 1984 videlicet)
1749 1948 1879 1978 Navium
1894 1948 2089 1988 praedicsstarum
2105 1971 2116 1986 ,
2135 1959 2168 1980 ac
2185 1948 2242 1979 aliis
2256 1949 2311 1980 Vi-

1252 1986 1388 2017 &ualibus
1401 1988 1434 2018 &
1449 1987 1550 2018 Panno
1567 1987 1695 2018 Onerare
1710 1988 1743 2018 &
1761 1985 1941 2023 Carcare‚ac
1954 1995 2029 2017 extra
2044 1986 2154 2016 dielum
2172 1987 2313 2025 Regnum

1253 2024 1382 2055 nostrum
1397 2026 1425 2056 in
1439 2025 1560 2056 Terram
1575 2026 1741 2064 praedictam
1763 2025 1872 2062 (solutis
1887 2025 1961 2062 prius
1975 2024 2119 2055 Custumis
2132 2036 2164 2056 ac
2177 2026 2234 2056 aliis
2249 2026 2312 2057 De-

1252 2065 1334 2093 veriis
1348 2063 1445 2093 Nobis
1459 2064 1576 2100 debitis)
1598 2065 1685 2095 libere
1701 2064 1813 2095 transire
1830 2087 1837 2100 ,
1856 2073 1888 2093 ac
1911 2064 2018 2093 ibidem
2034 2063 2145 2094 eisdem
2163 2063 2262 2094 Naves
2275 2066 2309 2095 ad

1254 2103 1332 2132 usum
1350 2103 1415 2131 dieii
1429 2103 1548 2142 Epifiopi
1564 2103 1721 2134 Exonerare
1737 2103 1770 2132 &
1787 2101 1967 2143 Discarcare,
1986 2111 2019 2132 ac
2033 2103 2069 2131 ab
2085 2102 2171 2131 eodem
2188 2101 2313 2141 Epist-opo

1254 2141 1286 2171 &
1305 2140 1452 2178 Deputatis
1474 2142 1525 2171 suis
1545 2141 1705 2180 hujusmodi
1728 2140 1919 2170 Mercandilas
1932 2163 1941 2177 ,
1960 2149 2041 2178 prout
2057 2141 2086 2169 in
2103 2140 2201 2171 eadem
2219 2141 2315 2172 Terra

1254 2178 1373 2209 existunt
1387 2201 1396 2217 ,
1417 2179 1577 2218 Recipere,
1594 2181 1626 2211 &
1642 2189 1710 2210 curn
1727 2178 1832 2209 eisdem
1850 2178 2035 2209 Mercandilis
2051 2178 2150 2208 Naves
2167 2180 2314 2216 praedffias

1255 2217 1398 2255 Onerare,
1416 2218 1448 2248 &
1465 2220 1494 2248 in
1511 2218 1646 2257 Regnum
1661 2217 1788 2248 nostrum
1804 2217 1972 2254 praedicstum
1988 2216 2100 2247 Cariare
2114 2218 2222 2248 valeant
2236 2218 2315 2249 licite

1255 2256 1288 2286 &
1304 2256 1437 2324 imqffiie3
1449 2256 1548 2324 {liquo
1563 2257 1673 2288 Statuto
1688 2256 1744 2287 five
1760 2255 1966 2293 Ordinatione,
1984 2256 2014 2286 in
2029 2257 2204 2286 contrarium
2217 2256 2314 2295 saetis,

1255 2304 1315 2324 non
1332 2305 1350 2324 ο
1398 2303 1454 2324 anti
1478 2305 1517 2325 us.

1292 2332 1326 2363 In
1345 2333 1438 2370 cujus,
1459 2333 1522 2363 &c.

1257 2410 1277 2441 b
1330 2371 1418 2415 'If-este
1438 2370 1524 2410 Rege
1541 2372 1615 2411 apud
1635 2371 1846 2412 Castrumsuum
1862 2371 1895 2402 de
1909 2369 2070 2412 Wyndefire
2086 2393 2097 2410 ,
2121 2371 2186 2410 xxvj
2202 2370 2248 2402 die
2263 2370 2317 2401 Fe-

1279 2420 1374 2441 ruarii.

1343 1103 1374 1134 X
1394 1106 1543 1144 omnibus,
1558 1104 1593 1137 ad
1609 1115 1695 1145 quos,
1710 1107 1773 1138 &c.
1791 1105 1927 1137 Salutem.

1346 1143 1445 1174 Sciatis
1460 1146 1556 1183 quod,

1832 2451 1886 2479 Per
1899 2451 1993 2480 Breve
2006 2449 2038 2478 de
2051 2449 2170 2478 Privato
2183 2446 2286 2486 Sigillo.

1458 2579 1515 2610 Pro
1535 2576 1656 2625 Acolyto
1679 2579 1778 2622 Papae,
1805 2574 1840 2611 de
1857 2577 1958 2609 Scotia
1977 2573 2115 2608 oriundo.

1263 2659 1346 2713 RE
1357 2661 1406 2700 X,
1420 2671 1470 2701 per
1489 2662 1592 2692 Literas
1606 2661 1662 2693 suas
1676 2661 1804 2693 Parentes
1818 2684 1828 2700 ,
1846 2671 1897 2700 per
1920 2660 2073 2692 Biennium
2096 2660 2228 2699 proximo
2245 2659 2320 2690 futu-

1339 2711 1400 2730 rurn
1413 2702 1553 2731 duraturas
1569 2723 1578 2738 ,
1596 2700 1631 2730 de
1646 2700 1747 2731 Gratia
1761 2700 1808 2731 sua
1823 2700 1933 2736 speciali
1951 2723 1960 2736 ⁷
1977 2699 2093 2737 suscepit
2112 2701 2141 2730 in
2156 2699 2264 2730 salvum
2284 2700 2318 2730 &

1258 2738 1388 2769 securum
1405 2738 1594 2769 Condutff'tum
1613 2739 1694 2769 suum
1731 2749 1764 2770 ac
1780 2740 1809 2769 in
1828 2738 2042 2770 Proteffionem
2053 2760 2063 2775 ,
2081 2738 2265 2776 Tuitionem,
2283 2737 2316 2768 δε

1259 2777 1464 2808 Defen2ionem
1481 2778 1536 2808 suas
1551 2777 1677 2814 speciales
1696 2761 1869 2814 Magistrum
1885 2775 2062 2806 Willielmum
2079 2774 2204 2820 Croyfir,
2219 2777 2318 2807 Acco·

1258 2816 1341 2847 litum
1364 2815 1487 2846 Domini
1508 2819 1607 2845 Summi
1629 2815 1767 2854 Pontificir
1782 2839 1790 2853 ‚
1820 2816 1855 2846 de
1879 2814 1986 2851 Regno
2011 2814 2117 2845 Scotiae
2138 2814 2292 2845 oriundum
2307 2837 2317 2851 ,

1259 2854 1411 2885 Nuncium
1427 2854 1505 2885 Sedis
1522 2853 1714 2892 Apostolicae,
1728 2854 1826 2885 aVillii
1841 2854 1932 2891 Regis
1946 2853 2048 2884 Calefii
2065 2853 2095 2882 in
2111 2852 2249 2889 Regnum
2258 2851 2317 2883 Re-

1261 2895 1303 2930 gis
1317 2893 1431 2930 Angliae
1447 2916 1456 2930 ,
1481 2902 1549 2923 cum
1565 2892 1648 2923 Octo
1664 2892 1858 2923 Familiaribus
1871 2917 1881 2930 ,
1900 2892 2000 2922 Rebus
2013 2914 2023 2929 ,
2041 2892 2073 2922 &
2091 2891 2175 2933 Bonis
2188 2890 2240 2922 suis
2255 2913 2265 2929 ,
2282 2900 2314 2921 ac

1259 2931 1379 2962 totidem
1396 2931 1480 2969 Equis
1495 2954 1504 2970 ,
1521 2930 1661 2961 veniendo
1674 2954 1684 2969 ,
1704 2931 1811 2961 ibidem
1828 2930 1967 2961 morando
1982 2953 1992 2968 ,
2009 2931 2043 2961 ὅτ,
2055 2930 2158 2959 abinde
2173 2930 2203 2959 in
2219 2928 2318 2967 praedi-

1266 2971 1348 3000 &um
1364 2969 1502 3007 Regnum
1524 2969 1540 2987 ⁸*
1562 2969 1667 3000 Scotiae
1683 2969 1868 3007 transeundo,
1885 2970 1917 3000 &
1929 2968 2030 2999 exinde
2045 2969 2074 2997 in
2092 2967 2169 2998 idem
2183 2967 2316 3006 Regnum

1263 3007 1351 3047 Regis
1374 3007 1488 3045 Angliae
1510 3008 1677 3038 revertendo
1690 3031 1699 3045 ,
1714 3018 1747 3038 ac
1768 3008 1888 3038 demum
1908 3007 1942 3038 ad
1956 3005 2075 3038 Curiam
2092 3005 2259 3038 Romanam
2274 3015 2315 3036 re-

1263 3046 1376 3077 deundo
1387 3046 1491 3084 libere,
1510 3046 1603 3083 licite,
1621 3047 1654 3076 ὃ(
1669 3046 1804 3084 impune,

1298 3084 1415 3114 Proviso
1431 3085 1538 3122 semper
1556 3084 1634 3122 quod
1651 3084 1794 3121 praedielus
1814 3082 1979 3113 Willielmus
1996 3093 2030 3115 ac
2050 3082 2208 3114 Familiares
2217 3081 2255 3112 sui
2270 3082 2318 3111 be-

1261 3124 1298 3153 ne
1317 3124 1350 3153 &
1367 3124 1486 3154 honeste
1512 3132 1579 3160 erga
1602 3121 1719 3159 Regem
1736 3123 1769 3153 ὃς
1788 3122 1934 3160 Populum
1959 3121 2040 3152 suum
2058 3121 2083 3152 se
2102 3130 2200 3159 gerant
2218 3120 2250 3151 &
2269 3118 2319 3149 ha-

1262 3163 1346 3192 beant

1298 3200 1332 3230 Et
1352 3185 1506 3237 quicquam
1521 3221 1530 3236 ,
1550 3198 1626 3237 quod
1648 3200 1676 3229 in
1700 3198 1788 3238 Regis
1810 3198 2021 3237 Contemptum
2042 3197 2087 3228 vel
2103 3195 2317 3235 Praejudicium,

1260 3247 1307 3269 aut
1322 3237 1425 3275 Populi
1441 3237 1531 3274 Regis
1542 3237 1668 3275 praediffi
1683 3236 1853 3275 Dampnum
1876 3237 1922 3267 seu
1942 3237 2108 3267 Gravamen
2123 3257 2140 3278 ².
2151 3233 2250 3264 cedere
2268 3243 2318 3264 va-

1259 3278 1331 3314 leat,
1351 3287 1410 3306 non
1423 3284 1588 3315 attemptent
1602 3299 1611 3313 ,
1630 3286 1682 3306 nec
1700 3276 1805 3306 saciant
1819 3275 1970 3315 aliqualiter
1985 3281 2158 3311 attemptari,
2209 3310 2214 3314 ι

1298 3314 1335 3345 Et
1357 3314 1436 3353 quod
1460 3314 1509 3351 ipsi
1533 3314 1641 3345 nullum
1663 3313 1828 3344 Castrorum
1846 3337 1854 3351 ,
1874 3313 2076 3344 Fortalitiorum
2119 3309 2162 3353 seu
2179 3307 2317 3340 Villamm

1262 3353 1352 3383 Reois
1374 3353 1545 3383 firmatarum
1562 3376 1570 3391 ,
1588 3352 1689 3391 absque
1715 3352 1846 3383 Licentia
1859 3353 1892 3382 &
1908 3351 2056 3381 Voluntate
2078 3331 2318 3392 Capitaneohrum,

1263 3378 1444 3428 Cufiodum,
1463 3391 1507 3421 seu
1524 3391 1756 3421 Gubernatorum
1771 3389 1935 3421 eorumdem
1951 3411 1960 3426 ,
1979 3388 2012 3418 &
2028 3385 2127 3428 absque
2144 3385 2319 3429 exhibitione

1263 3429 1487 3468 praesentissalvi
1508 3428 1679 3460 Conducliis
1701 3428 1795 3466 Regis
1817 3427 2003 3467 ingrediantur
2026 3433 2079 3454 nec
2093 3423 2202 3463 ingredi
2216 3423 2319 3462 praesu-

1263 3477 1341 3537 maIinit
1357 3469 1455 3512 quovis
1467 3468 1564 3536 ἓοάο.
2233 3482 2235 3484 -

1354 3517 1390 3537 cu
1402 3516 1432 3536 us
1502 3515 1528 3535 c.
1778 3535 1781 3537 ,

1263 3583 1282 3614 b
1335 3517 1424 3576 Teiie
1439 3528 1520 3583 Rege
1536 3542 1610 3581 apud
1627 3545 1786 3573 Manerium
1793 3542 1874 3581 situm
1886 3540 1918 3570 de
1934 3538 2052 3568 Eltham
2067 3561 2078 3577 ,
2100 3539 2185 3577 xxviij
2204 3538 2249 3570 die
2264 3538 2319 3569 Fe-

1284 3592 1377 3614 ruarii.

2340 2679 2412 2711 Ann.
2428 2679 2469 2712 D.

2358 2727 2443 2757 1440.

2336 2761 2378 2784 An
2409 2758 2452 2786 18.

2337 2800 2370 2823 H.
2397 2797 2424 2822 6.

2335 2839 2400 2862 Scot.
2425 2834 2470 2863 18,

2337 2876 2370 2900 H.
2387 2874 2413 2900 6.
2431 2882 2469 2901 m.

2340 2919 2379 2946 15.

2353 2995 2372 3014 ὓ
2399 2996 2437 3024 Χ.

2361 3036 2426 3071 763.

1940 3616 1996 3645 Per
2013 3614 2097 3655 ipſstm
2109 3616 2215 3653 Regem.

1263 3745 1356 3789 Super
1373 3739 1576 3777 Traiflatubus
1595 3744 1625 3773 in
1644 3736 1799 3773 Marchiis
1818 3737 1944 3781 Caleiae,
1967 3740 2004 3776 ὠ·
2022 3737 2058 3771 de
2078 3731 2269 3778 potestatibus
2277 3746 2317 3767 ex

1668 3796 1757 3831 parte
1774 3787 1914 3819 Franciae.

1338 3875 1456 3913 Hmles,
1474 3884 1520 3912 par
1539 3872 1563 3902 la
1579 3871 1677 3901 Grace
1694 3870 1730 3901 de
1747 3870 1841 3909 Dieu,
1858 3873 1913 3908 qu
1925 3870 1957 3899 de
1971 3873 2088 3907 France,
2106 3877 2123 3898 a
2139 3875 2201 3898 tous
2219 3867 2319 3907 ceulx,
2336 3882 2411 3914 Ann-
2426 3880 2458 3911 D

1346 3916 1392 3952 qui
1409 3924 1453 3944 ces
1467 3910 1600 3950 presentes
1616 3909 1724 3940 Lettres
1739 3919 1854 3940 verront
1864 3932 1873 3947 ,
1891 3908 1975 3940 Salut.
2363 3906 2468 3959 1442‘

1306 3954 1434 3985 Comme
1449 3960 1519 3988 pour
1533 3949 1557 3978 le
1573 3946 1643 3978 Bien
1657 3947 1694 3978 de
1708 3948 1795 3985 Paix,
2168 3983 2174 3988 ·
2334 3964 2386 3987 An.
2398 3959 2440 3985 ,8-

1306 3994 1374 4029 Que
1397 3999 1467 4019 nous
1489 3996 1575 4017 avons
1595 3987 1729 4025 tousjours
1747 3985 1832 4016 delire
1852 3985 1886 4015 &
1908 3983 2030 4014 defirons
2049 3981 2120 4013 estre
2138 3981 2224 4014 fauste
2237 3991 2314 4014 enne
2333 4001 2367 4025 H.
2388 3998 2415 4023 6.

1268 4031 1355 4063 Nous
1369 4028 1401 4058 &
1416 4024 1510 4056 nostre
1525 4023 1696 4064 Adversaire
1709 4023 1932 4060 d'Angletterre,
1990 4059 1995 4064 ι
2337 4039 2375 4062 Ex
2390 4037 2449 4062 Au-

1308 4067 1395 4100 Nous
1412 4065 1490 4096 aions
1507 4064 1652 4096 entention
1665 4063 1702 4095 de
1717 4064 1833 4131 εηνῗὲετ
1850 4069 1865 4090 a
1882 4058 2088 4098 Gravelingues
2100 4060 2133 4092 &
2143 4070 2172 4092 es
2188 4059 2322 4129 Marqhes
2336 4081 2402 4109 togr.
2447 4063 2451 4067 ’

1827 4107 1847 4128 2
2287 4107 2337 4129 en-
