2555 4266
111 199 190 230 Ann.
204 198 245 230 D.

108 247 219 306 effi:

101 887 178 919 Ann.
194 888 236 921 D.

119 937 206 967 1452.

97 970 152 993 An.
170 977 216 1003 30.

98 1008 133 1031 H.
151 1007 180 1036 6,

97 1043 160 1072 Paell.

80 2391 101 2413 ⁸
120 2395 175 2424 xl.

83 2433 146 2469 308.

80 3845 157 3875 Ann.
173 3844 215 3876 D.

103 3893 188 3923 1452-

79 3926 132 3949 An.
152 3933 196 3960 5⁰·

76 3966 115 3988 Η.
133 3963 160 3990 6.

77 3998 139 4029 Pell.

272 132 326 170 40
753 116 792 158 C
819 118 862 161 O
889 117 934 160 N
962 118 1003 161 V
1030 119 1065 160 E
1094 117 1140 159 N
1169 118 1210 160 T
1237 118 1257 160 1
1287 117 1329 159 O

306 206 345 238 Et
369 214 399 238 ut
424 205 533 237 Statum
559 203 658 244 suum,
681 203 776 235 donec
793 203 889 245 Ipsum
908 203 944 235 ad
966 203 1147 244 Obsequium
1171 206 1334 245 hujusmodi

267 245 366 276 Nobis
401 243 642 283 impendendum,
668 242 846 273 invitandum
859 265 870 282 ‚
896 244 1116 286 vocandumque
1138 245 1332 284 censebimus,

264 283 500 315 honorificentius
515 282 664 314 sustentare
678 282 780 319 valeat,
800 281 968 320 Concqffi'mus
989 281 1045 321 Ei,
1062 282 1099 312 de
1118 282 1219 314 Gratia
1236 284 1330 315 nostra

263 322 389 360 speciali,
407 321 560 352 Summam
581 324 704 351 Duorum
724 318 835 349 Mlium
858 319 1044 357 salariorum,
1062 329 1109 351 aut
1125 331 1225 352 verum
1243 323 1332 354 Valo-

264 371 325 391 rem
339 359 708 398 eorundem,Percipienda
719 359 879 396 annuatim,
898 369 914 389 a
926 358 1013 390 Festo
1021 358 1134 403 Paschaej
1147 360 1249 391 ultimo
1257 371 1331 399 prae-

263 399 347 432 terito
358 421 368 435 ,
386 398 423 429 de
436 397 607 429 Redditibus
621 399 653 429 ὅ(
669 397 870 428 Proventubus
889 396 1021 430 Ducatfis
1043 396 1132 429 nostri
1154 398 1331 439 Cornubiae,

263 448 313 477 per
330 436 435 468 Manus
451 436 622 475 Receptoris
633 436 679 466 seu
693 435 891 475 Receptorum
908 436 1032 474 ejusdem
1046 436 1176 467 Ducatfis
1189 448 1243 475 pro
1258 448 1330 470 tem—

264 486 335 515 pore
355 474 534 507 existentium
545 498 554 514 ‚
572 475 606 506 ad
626 475 783 506 Terminus
800 473 899 505 Sanffl
922 475 1073 507 Michaelis
1099 476 1133 506 δε
1150 475 1264 508 Paschae
1282 486 1332 517 per

265 514 387 553 aequales
408 514 568 545 Portiones.

300 554 334 585 In
353 553 449 592 cujus,
466 553 526 584 ὅτε.
995 591 1002 596 .
1091 591 1096 596 .
1253 588 1272 596 ι,

317 592 407 623 Teste
422 592 505 632 Rege
516 590 590 631 apud
607 590 884 632 westmonasterium,
898 589 1054 621 undecimo
1068 589 1115 620 die
1129 590 1279 620 Februaru.

504 671 558 699 Per
576 668 658 708 ipfirm
676 671 772 707 Regem
790 666 828 703 ὠ
845 667 878 697 de
897 670 981 697 Data
992 666 1145 705 prediaeffa,
1160 665 1223 702 &aa

619 801 678 836 Ad
700 805 810 849 Regem
836 804 947 836 Daciae.

261 887 468 946 SErenissimo
491 889 524 920 ὃς
541 886 780 919 Excellentiffimo
800 885 930 926 Principi
944 887 1124 927 christierno,
1143 886 1202 917 Dei
1221 887 1326 927 gratia,

316 930 430 963 Daciae,
455 927 625 963 Norwegiae,
644 924 820 964 Stlavorum,
843 929 1040 967 Getarumque,
1055 929 1138 963 Regi,
1158 937 1190 955 ac
1209 930 1326 957 Domino

258 965 290 994 de
304 964 512 1002 Owdenbourgh
533 963 571 999 ὠ
587 963 796 1003 Delmanhorst,
812 964 901 995 Fratri
923 967 957 997 &
979 964 1199 1003 consanguineo
1225 964 1326 996 nostro

260 1003 418 1041 carissimo,
438 1005 588 1042 Hemicus,
605 1003 703 1034 eadem
718 1002 824 1040 gratia,
841 1005 901 1032 Rex
919 1004 1033 1041 Angliae
1056 1001 1095 1037 ὠ·
1119 1005 1259 1042 Franciae,
1270 1003 1323 1048 ιώ·

255 1045 388 1072 Dominus
403 1042 562 1079 Hibernae,
580 1051 650 1072 cum
668 1041 772 1072 sincera
795 1041 979 1080 Dilec‘tione,
996 1040 1140 1080 Salutem,
1158 1043 1192 1074 &
1216 1052 1323 1074 votivae

255 1079 445 1118 Prosperitatis
459 1082 630 1111 continuum
647 1079 867 1110 Incrementum.

289 1117 452 1157 Seremffime
465 1118 504 1155 ό·
518 1118 743 1158 Excellentiffime
761 1120 906 1157 Princeps,
923 1117 1122 1158 consanguinee
1135 1118 1221 1160 noster
1233 1120 1325 1159 Caris:

264 1168 315 1187 lme

246 1157 276 1196 s
292 1181 483 1227 Meminimus
497 1196 596 1235 quod,
615 1196 754 1234 superiore
769 1203 913 1233 ternpore,
930 1196 1080 1227 nonnullae
1095 1195 1232 1235 Qierelae
1247 1196 1323 1229 Gra-

253 1245 303 1265 voe
316 1236 350 1266 ὃ(
366 1235 572 1266 Lamentabiles
590 1235 663 1272 apud
680 1234 750 1264 Nos
764 1233 868 1265 habitae
889 1235 953 1265 sunt
967 1234 1010 1270 ,de
1026 1235 1096 1270 hiis,
1114 1245 1178 1273 quae
1199 1236 1322 1267 Subditis

252 1272 356 1304 nostris
372 1285 388 1304 a
404 1274 546 1304 nonnullis
563 1273 752 1304 Subditorum
764 1272 943 1311 vestrorum,
961 1272 1062 1313 Regna
1080 1273 1184 1305 Terras
1204 1275 1236 1306 &
1253 1274 1321 1305 Do-

253 1313 342 1342 minia
357 1311 457 1342 vestra:
474 1312 588 1342 Ditioni
603 1311 723 1349 subjelia
734 1312 947 1350 Incolentium,
967 1312 1039 1342 illata
1053 1313 1140 1344 fuere.

290 1350 362 1381 Nec
378 1351 460 1381 obiiti
475 1350 567 1380 sumus
582 1350 688 1388 qualia,
705 1351 769 1382 vice
783 1350 879 1388 versi,
896 1359 931 1380 ex
943 1359 1018 1389 parte
1034 1350 1191 1382 Serenitatis
1205 1351 1319 1391 vestrae,

250 1390 372 1427 exposita
386 1389 446 1419 sunt
465 1389 589 1419 sonantia
604 1391 634 1419 in
649 1389 729 1428 Βίῳ
739 1390 773 1421 &
786 1390 988 1420 Amicitiarum
1004 1388 1211 1428 violationem,

291 1428 369 1466 Qiae
384 1429 418 1459 ὃ(
435 1427 603 1466 longiffimis
619 1437 696 1459 retro
709 1429 886 1467 temporibus
906 1429 978 1459 inter
999 1426 1196 1467 progenitores
1213 1428 1318 1460 vestros

249 1464 283 1494 &
311 1466 439 1505 nostros,
457 1467 640 1504 ipsorumque
659 1466 777 1506 Regna,
795 1467 919 1504 Terras,
938 1467 971 1497 &
994 1465 1150 1506 Dominia,
1175 1466 1317 1511 Nosque,

246 1513 308 1534 non
326 1505 421 1544 impari
437 1505 544 1543 modo,
552 1504 587 1535 ad
596 1515 655 1535 non
664 1506 825 1543 minimam,
837 1505 874 1536 set
887 1506 1018 1535 eximiam
1026 1505 1212 1537 Subditorum
1221 1507 1318 1536 utrius-

250 1551 307 1580 que
322 1542 411 1573 Partis
425 1543 588 1575 Utilitatem
600 1566 609 1582 ,
624 1545 790 1583 viguerunt,
806 1545 862 1581 uti,
876 1544 1000 1574 donante
1012 1543 1164 1583 Domino,
1183 1554 1242 1575 non
1261 1546 1317 1575 mi-

246 1583 510 1651 fffffflssessssffl
541 1582 1316 1660 “'ssssmffhssrliiasssfiffl”iffimmplffidissffnfflffiffl

248 1667 316 1688 nem
333 1658 366 1689 ad
382 1658 440 1689 hoc
457 1668 504 1696 ut,
518 1631 586 1698 'qiiae
602 1661 734 1698 utrinque
747 1661 840 1690 minus
850 1659 926 1697 juste
944 1658 1033 1690 Gesta
1046 1644 1130 1699 sunt:
1147 1660 1244 1697 dignae
1253 1660 1314 1692 Re-

246 1696 415 1728 formationi
433 1697 597 1736 subdantur,
616 1698 785 1736 redeantque
799 1700 833 1730 &
847 1697 1031 1729 restaurentur
1047 1699 1077 1728 in
1096 1698 1205 1743 Statum
1223 1698 1314 1737 pristi-

247 1745 318 1765 num
334 1736 447 1766 fincerae
469 1737 525 1767 reci
547 1745 678 1775 rocaeque
701 1737 872 1767 Dfleffionis
891 1737 926 1768 &
945 1735 1076 1767 Affefflis
1094 1746 1253 1781 integritas,
1278 1739 1313 1769 &

245 1774 345 1813 firma,
362 1774 499 1813 fraterna,
516 1746 703 1815 &lucidisque
717 1775 881 1807 nostrorum
897 1784 993 1806 mutua
1009 1773 1198 1808 &aversano
1211 1777 1313 1809 Subdi-

245 1821 350 1844 torum.

283 1851 502 1891 Qamobrem,
519 1851 553 1883 ad
569 1853 637 1884 tanti
645 1851 718 1883 Boni
731 1852 941 1884 Executionem
952 1863 1147 1894 properantes,
1164 1853 1312 1886 transmisi·

243 1899 309 1920 mus
321 1900 410 1929 nuper
425 1892 460 1923 ad
473 1895 651 1922 Serenitatem
666 1891 803 1932 vestram,
821 1901 870 1930 per
883 1892 1001 1931 longum
1018 1891 1093 1932 Iter,
1107 1893 1241 1926 Oratores
1258 1904 1311 1924 no-

246 1928 334 1968 strOS,
354 1930 390 1960 de
408 1929 502 1960 nostra
517 1930 681 1962 Intentione
697 1931 757 1962 satis
776 1931 945 1969 lusti-uetes,
962 1941 1030 1962 cum
1045 1932 1132 1971 pleno
1148 1932 1311 1971 Mandat03

245 1977 282 2012 ex
296 1978 418 2006 quorum
435 1970 582 2006 manibus,
597 1970 668 2000 crim
682 1969 716 2000 ad
731 1969 800 2000 Nos
819 1969 919 2000 reversi
934 1970 1058 2008 fuerant,
1075 1971 1206 2016 quaedam
1228 1981 1312 2003 acce-

243 2007 628 2085 Ξῗάἓξοέἓοηςερῐεῗωῗ
635 2008 1313 2093 ᾞΙξὲξίξτῗΐξξῐῐέςῑῇἰνὲἶξὲίὲἔέῗῃίἓῗὲκαοῑὲἓζ

242 2085 419 2115 continentia
441 2085 538 2124 quod,
568 2095 636 2125 uper
659 2085 868 2124 Appuneruans
888 2087 922 2116 &
947 2085 1140 2118 Concordaus
1156 2097 1228 2119 inter
1248 2089 1311 2120 eos—

242 2122 329 2161 dem,
347 2123 471 2161 nostras‚
488 2132 637 2162 quamtum
659 2124 694 2154 ad
717 2124 786 2155 Nos
810 2125 934 2162 specffare
956 2134 1080 2164 poterat,
1101 2125 1310 2158 Ratificationis

240 2160 362 2192 Litteras
377 2162 559 2193 transmittere
571 2172 750 2202 curaremus,
768 2163 931 2195 consimiles
953 2163 1055 2195 vestrae
1071 2164 1228 2197 Serenitatis
1245 2166 1309 2198 Lit-

237 2208 308 2230 teras
327 2201 385 2230 fine
400 2201 534 2231 dilatione
550 2202 701 2240 recepturi:

279 2238 393 2276 Quibus
403 2240 471 2270 hinc
488 2240 554 2270 inde
568 2240 686 2280 peraetis
698 2243 786 2270 Dicta
801 2242 1062 2280 communis,juxta
1076 2243 1153 2281 vim,
1171 2243 1305 2282 formam,

237 2276 272 2308 &
285 2277 424 2308 effieecum
443 2279 610 2309 eorumdem
632 2280 986 2319 Appunfflamenrorum,
1004 2281 1039 2311 ad
1062 2281 1178 2313 Festum
1203 2282 1308 2314 Pente-

237 2315 329 2347 costes
344 2316 448 2347 ultimo
462 2319 519 2355 jam
533 2316 671 2348 effluxum
686 2318 819 2350 celebrari
832 2319 978 2350 debuisset.

273 2353 329 2394 Et,
355 2355 445 2394 licet,
467 2365 520 2396 pro
541 2356 723 2394 praefatorum
747 2356 924 2388 Executione
946 2358 1305 2397 Appuncfluamentorum,

239 2393 347 2423 Literas
359 2393 467 2424 nostras
480 2394 684 2426 Ratificaton'as
696 2395 924 2428 transmiserimus
934 2420 943 2435 ,
961 2397 1047 2428 nullas
1061 2407 1154 2428 tamen
1167 2399 1186 2417 ³
1197 2398 1233 2429 de
1239 2399 1305 2436 post

236 2433 302 2462 vice
317 2432 396 2463 versa
411 2432 508 2470 vestre
522 2436 722 2465 fraternitatis
732 2435 847 2466 Litteras
859 2436 1020 2475 accepimus
1028 2459 1037 2475 ,
1056 2438 1097 2467 uti
1105 2446 1158 2475 pro
1171 2438 1305 2468 constan-

238 2471 261 2500 ti
278 2469 347 2501 Nos
360 2481 522 2509 recepturos
536 2472 617 2502 fuiffe
632 2478 806 2504 tenebamus.

277 2509 350 2546 Quo
361 2510 470 2540 faeturn
485 2509 525 2540 est
540 2511 636 2549 quod,
655 2511 690 2542 ad
705 2511 862 2549 hujusmodi
880 2511 1080 2544 Communem
1106 2517 1217 2544 Dietam
1230 2515 1304 2545 cele-

237 2547 307 2578 bran
383 2571 393 2586 ,
411 2547 446 2578 N
450 2550 549 2580 uncios
562 2559 622 2579 non
638 2551 836 2582 transmisimus
851 2560 881 2581 ut
894 2551 1017 2589 dispositi
1029 2552 1134 2584 fuimus
1147 2554 1304 2593 &optaba-

236 2595 300 2616 mus

272 2624 351 2663 Quae
366 2633 460 2656 tamen
475 2625 534 2656 Res
549 2625 690 2656 Animum
705 2626 835 2658 nostrum
850 2638 865 2658 a
880 2627 1107 2660 Continuatione
1123 2630 1303 2669 praefatarum

235 2662 499 2700 Antiquiffimarum
523 2664 744 2703 Amicitiarum,
763 2668 851 2703 inter,
868 2667 974 2697 inclitae
997 2669 1211 2707 recordationis,
1230 2669 1303 2699 Pro-

235 2702 374 2740 genitores
391 2701 520 2740 nostros,
537 2703 570 2734 &
586 2703 672 2742 Nos,
690 2704 880 2742 Subditosque
892 2706 1020 2743 nostrOS,
1038 2717 1053 2736 a
1074 2706 1240 2746 longiffimis
1257 2718 1301 2738 rc-

234 2748 281 2770 tro
299 2742 491 2779 temporibus,
511 2743 651 2779 utrimque
661 2742 885 2781 observatarum,
903 2744 1060 2775 nullatenus
1072 2747 1233 2783 revocavit,
1251 2747 1301 2776 sic-

234 2787 338 2845 utknec
360 2789 494 2810 revocare
509 2780 627 2819 debuit,
645 2782 715 2812 cum
739 2783 819 2812 omni
842 2791 970 2820 tempore
992 2783 1087 2822 diligat
1110 2786 1159 2823 qui
1181 2785 1302 2816 Amicus

234 2825 262 2847 ei
279 2839 285 2845 .

271 2855 340 2887 Nec
354 2857 468 2888 obicem
486 2857 570 2888 nobis
582 2858 659 2889 dedit
672 2869 731 2897 quo
747 2860 840 2890 minus
852 2858 984 2891 Vestram
1000 2861 1182 2891 Serenitatem
1202 2861 1298 2899 (quam

235 2893 415 2925 Cariffimam
431 2897 578 2932 habemus)
595 2899 654 2935 jam
674 2898 824 2928 reddamus
841 2897 1004 2930 Certiorem
1023 2899 1109 2937 Nos,
1132 2901 1188 2930 tam
1206 2901 1298 2938 quoad

232 2931 458 2965 Restitutionem
475 2936 508 2966 &
527 2934 751 2975 Reparationem
771 2937 993 2976 Dampnorum,
1021 2939 1087 2969 hinc
1109 2939 1175 2968 inde
1192 2961 1201 2975 ,
1227 2939 1297 2969 licut

254 2971 397 3010 raefertur,
422 2973 577 3012 illatorum,
601 2976 688 3014 quam
714 2977 806 3015 quoad
825 2976 877 3006 alia
899 2977 1050 3015 quaelibet,
1071 2986 1135 3017 quae
1155 2977 1295 3008 Fraternas

268 3010 405 3041 ilefflonis
426 3021 499 3041 nexu
520 3022 553 3042 ac
576 3013 774 3044 Amicitiarum
790 3015 864 3045 inter
880 3015 999 3054 Terras,
1017 3016 1174 3054 Dominia,
1192 3015 1294 3046 Subdi-

230 3048 330 3087 tosque
350 3048 461 3079 nostros
478 3050 611 3093 haef-tenus
628 3053 794 3091 viguerunt,
809 3053 997 3093 observanda,
1015 3063 1152 3094 quantum
1173 3055 1207 3084 ad
1226 3055 1294 3085 Nos

229 3087 353 3125 speetare
365 3088 476 3126 potest,
493 3088 637 3126 dispositos
653 3091 708 3122 efle
725 3091 758 3121 ὃς
773 3092 934 3123 inclinatos:

267 3126 402 3157 Arbitrati
416 3126 497 3164 quod
510 3127 592 3157 cordi
607 3128 707 3158 vestrae
728 3128 892 3160 Celsitudini
915 3133 966 3162 erit
989 3132 1050 3170 tali,
1067 3141 1162 3168 tant0,
1180 3132 1293 3170 [fimque

230 3165 374 3195 universali
390 3164 474 3196 Bono
487 3164 639 3196 efficaciter
654 3167 814 3205 intendere,
831 3168 865 3199 de
877 3179 952 3208 quo,
969 3173 1138 3210 quamcitius
1158 3180 1292 3200 commo—

229 3203 266 3233 de
280 3202 339 3233 fieri
354 3205 457 3240 poterit
467 3227 477 3241 ,
492 3202 643 3234 Certiorari
658 3204 779 3236 Gratum
797 3206 893 3237 Nobis
908 3211 975 3246 erit,
995 3211 1029 3240 &
1046 3211 1199 3249 intelligere
1221 3208 1293 3239 Mo-

229 3242 282 3271 dos
296 3243 330 3273 &
348 3242 446 3273 Media
464 3252 528 3281 quae
543 3241 710 3273 Clariffimae
731 3243 833 3274 vestrae
854 3245 1010 3276 Serenitatis
1030 3247 1288 3286 Circumspeffioni

226 3280 292 3310 huic
308 3282 348 3310 rei
363 3289 489 3320 congrua
501 3281 686 3312 censebuntur
701 3282 733 3312 &
747 3292 905 3321 oportuna,
925 3293 1001 3322 quae,
1018 3286 1088 3316 dum
1098 3287 1196 3316 Nobis
1209 3286 1290 3324 ligni-

229 3317 307 3348 ficara
319 3319 418 3357 fuerit,
434 3328 552 3358 operam
564 3319 694 3350 dabimus
709 3329 739 3350 ut
752 3322 885 3351 omnibus
901 3323 990 3359 palam
1012 3322 1058 3353 fiat
1075 3334 1124 3361 per
1144 3325 1211 3354 Nos
1226 3324 1289 3353 nul-

229 3356 504 3425 lffmffusffexmmm
516 3367 576 3396 quo
589 3360 682 3388 minus
696 3357 860 3397 Negotium
875 3360 966 3397 ipsum
981 3361 1110 3392 foelicem
1133 3364 1289 3394 deducatur

230 3405 245 3425 a
278 3404 293 3423 e
316 3405 347 3425 ec
362 3406 420 3426 um.

271 3431 396 3471 Datum,
411 3434 510 3464 nostro
525 3434 574 3464 sub
586 3433 702 3465 Privato
715 3433 829 3474 Sigillo,
848 3444 883 3465 ex
897 3436 1009 3466 Palatio
1023 3437 1110 3478 nostro
1123 3440 1288 3477 nestrum-

223 3469 318 3539 'fimi'
332 3470 442 3541 {jem}
457 3473 556 3504 Martii
565 3472 612 3504 die
621 3472 746 3504 Decima
757 3474 870 3514 quinta,
885 3474 1114 3516 Regnorumque
1122 3479 1285 3513 nostrorum

260 3518 318 3538 nno
364 3520 421 3540 rice
443 3521 500 3542 mo.

391 3588 435 3615 De
454 3589 594 3620 Mandato
610 3592 690 3628 Regis
701 3597 752 3629 per
770 3588 986 3630 Avil'amentum
996 3591 1045 3631 fici
1063 3593 1179 3624 concilii.

546 3725 608 3756 Pro
631 3727 760 3771 Hugone
781 3724 947 3772 Johannis.

585 3802 691 3839 PER
729 3809 933 3843 Rae-fin.

231 3883 578 3985 {Inrxergbffiaamm
596 3921 694 3966 quod,
712 3921 762 3954 sub
783 3923 899 3957 Privato
915 3926 1014 3967 sigillo
1037 3928 1156 3974 nostro,
1174 3930 1204 3960 in
1218 3929 1282 3961 Cu-

230 3957 738 4036 glciigiadfflegeinadasexistfiegitefgalaitiitsteras
758 3961 882 4003 nostras,
900 3964 1078 4000 Cancellario
1099 3967 1198 4000 nostro
1218 3969 1280 4001 An·

474 4022 484 4038 ³
681 4022 692 4039 ³

1360 115 1558 170 NES,

1394 204 1584 249 ⁴Mandantes
1598 205 1804 251 eidemfluod,
1819 208 1870 240 sub
1886 208 1999 249 Magno
2022 209 2124 249 Sigillo
2144 211 2256 250 nostro,
2274 212 2305 242 in
2328 210 2436 243 Custo-
2455 210 2555 245 Ann.l

1370 244 1485 323 gffensffi
1494 243 1630 275 enstente
1639 267 1650 284 ‚
1665 245 1786 278 Litteras
1800 247 1907 279 nostras
1920 248 2050 280 Parentes
2059 250 2124 281 fieri
2140 250 2223 283 faciat
2243 252 2274 281 in
2287 250 2380 283 forma
2395 251 2437 282 se·
2454 250 2555 319 ἐξςέ.

1373 359 1498 415 REX
1518 360 1682 399 Omnibus,
1697 361 1732 393 ad
1746 371 1836 401 quos,
1853 362 1914 394 &c.
1935 362 2070 395 Salutmi.

1469 399 1567 430 Sciatis
1584 399 1682 440 quod,

1407 435 1505 476 Cum,
1522 438 1609 469 fidelis
1625 438 1725 478 Ligeus
1741 439 1776 471 &
1786 439 1914 470 Servitor
1930 439 2042 479 noster,
2063 443 2142 480 Hngo
2160 441 2300 481 Jobannis
2324 442 2429 481 Miles,

1369 481 1467 506 contra
1481 476 1609 508 Infideles
1623 477 1761 509 lnirnicos
1777 477 1886 508 Christi
1898 478 2068 518 Saracenos,
2082 480 2114 510 in
2128 481 2371 514 Fortifioetionem
2381 483 2429 512 Fi-

1368 510 1414 543 dei
1428 513 1612 554 Christianae,
1627 517 1657 547 in
1670 516 1800 547 Partibus
1814 516 1932 556 Trojae,
1951 516 2093 556 Graeciae,
2111 519 2145 550 δε
2163 519 2289 558 Turkae,
2307 522 2365 551 tam
2380 530 2430 560 per

1367 547 1490 592 Terram
1527 556 1592 585 uam
1609 565 1659 593 per
1673 555 1802 594 Aquam,
1817 566 1866 596 per
1880 566 1940 586 non
1955 556 2106 587 modicum
2123 561 2251 597 tempus,
2267 559 2431 590 Laborave-

1366 596 1419 627 rit,
1438 591 1471 621 &
1487 564 1526 623 a}
1537 592 1656 628 Sacrum
1670 594 1796 625 Domini
1808 593 1898 625 nostri
1910 593 1974 633 Jesu
1989 592 2096 625 Christi
2111 594 2300 634 Sepulchrum
2319 597 2430 628 Milita-

1369 636 1430 657 rem
1451 628 1605 670 Receperit
1619 630 1777 671 Ordinem,
1792 643 1826 664 ac
1840 634 1961 664 Terram
1976 633 2112 665 Sanam
2134 634 2311 672 personaliter
2326 634 2427 667 Vifita-

1366 667 1457 705 verit,
1473 677 1558 706 prout
1570 679 1619 707 per
1632 669 1842 710 Inspestionem
1861 672 2019 702 Literarum
2033 671 2282 711 Apostolicarum,
2300 682 2335 704 ac
2348 673 2427 705 Lite-

1368 713 1464 735 rasum
1485 709 1660 747 Imperatoris
1678 709 1984 750 constantinopolitani,
2006 712 2040 743 &
2062 711 2165 743 Fidelis
2186 713 2265 750 Regis
2288 714 2367 752 Cypri
2390 711 2430 748 ό·

1368 745 1530 784 Ameniae,
1547 747 1695 778 manifeste
1708 749 1886 787 accepimus,

1383 780 1475 824 uNos
1490 806 1499 821 ,
1535 785 1594 814 tam
1613 785 1836 818 consideratione
1858 787 2073 819 Praemifforum
2089 812 2099 827 ,
2125 789 2210 827 quam
2239 788 2310 818 boni
2334 787 2431 820 Servi-

1368 827 1401 849 tu
1417 824 1495 857 quod
1542 823 1654 854 aediHus
1672 826 1751 863 Hugo
1765 825 1864 856 Nobis
1883 827 1911 856 in
1928 825 2046 858 Guerris
2059 827 2178 866 nostris,
2193 828 2260 865 tam,
2273 828 2302 857 in
2321 825 2431 867 Regno

1368 858 1468 889 nostro
1517 863 1639 899 ranciae,
1656 872 1690 894 ac
1719 863 1833 894 Ducatu
1857 864 1955 895 nostro
1978 865 2188 904 Normanniae‚
2212 868 2297 904 quam
2317 866 2384 896 alibi
2400 867 2431 897 in

1367 894 1496 940 Partibus
1512 899 1741 940 Transmarinis,
1759 903 1789 932 in
1803 901 2041 934 Sustentationem
2053 904 2126 944 Juris
2139 904 2229 935 nostri
2238 928 2247 942 ,
2266 905 2431 942 multiplici⁴

1367 943 1410 965 ter
1433 937 1590 979 impendit,
1608 936 1644 969 de
1664 938 1763 970 Gratia
1780 940 1877 971 nostra
1897 942 2003 979 speciali
2025 942 2193 982 Conceffimus
2216 947 2299 973 eidem
2320 945 2432 981 Hugoni

1366 972 1509 1013 Officium
1522 976 1670 1007 SenescaJli
1687 977 1817 1008 Dominii
1828 979 1914 1010 nostri
1929 982 1962 1012 &
1971 980 2123 1012 Curiarum
2136 982 2296 1013 nostrarum
2311 982 2348 1012 de
2362 982 2430 1013 Ma·

1365 1017 1418 1050 gor
1433 1014 1466 1045 &
1484 1013 1651 1054 Redewyke
1666 1017 1696 1046 in
1711 1015 1849 1048 Marchiis
1863 1016 1995 1056 Walliae,

1402 1050 1578 1095 Habendum
1595 1056 1629 1086 δε
1645 1053 1859 1094 Occupandum
1872 1056 1947 1087 idem
1962 1056 2104 1089 Officium
2117 1069 2166 1097 pet
2179 1059 2231 1098 Se,
2249 1059 2294 1090 vel
2308 1068 2356 1097 per
2370 1058 2427 1090 suf-

1364 1089 1491 1122 ficientes
1513 1091 1689 1131 Deputat05‚
1708 1095 1742 1124 ad
1764 1094 1940 1126 Terminum
1961 1095 2039 1126 Vitae
2055 1097 2125 1135 suae,
2150 1099 2207 1128 una
2226 1108 2295 1129 cum
2316 1096 2426 1137 Vadiis,

1364 1128 1389 1158 F
1390 1130 1485 1168 eodis,
1503 1129 1658 1170 Proficuis,
1676 1133 1708 1163 &
1729 1131 1996 1164 Commoditatibus
2008 1134 2100 1165 eidem
2116 1135 2230 1167 Officio
2248 1138 2285 1167 ab
2306 1137 2424 1174 antiquo

1363 1166 1480 1206 debitis,
1500 1171 1702 1207 pertinentibus
1713 1194 1722 1210 ,
1737 1171 1794 1204 sive
1810 1172 1966 1210 consuetis3
1983 1172 2078 1211 aliquo
2097 1172 2229 1212 Statuto,
2247 1175 2344 1212 Αᾶιι,
2364 1176 2424 1206 Or-

1361 1205 1523 1275 ffitigne,
1546 1209 1592 1240 seu
1613 1209 1826 1249 Restrifflme,
1845 1212 1875 1240 in
1899 1212 2071 1242 contrarium
2092 1212 2158 1243 inde
2180 1212 2277 1252 faffls,
2293 1222 2353 1244 non
2370 1216 2427 1246 ob·

1425 1255 1445 1275 [l
1470 1257 1513 1276 us:

1361 1288 1373 1308 >
1399 1283 1572 1316 Mandamus
1587 1286 1697 1326 insuper
1713 1288 1889 1319 omnibus&
1906 1287 2016 1327 singulis
2034 1287 2206 1326 Officiariis,
2225 1288 2424 1329 Ministris‚&

1358 1320 1483 1354 Subditis
1499 1324 1599 1355 nostris
1615 1325 1748 1356 Dominii
1761 1327 1849 1357 nostri
1864 1328 2007 1366 praedie‘ti,
2024 1328 2105 1367 quod
2111 1327 2234 1367 prefato
2246 1330 2371 1368 Hugoni,
2391 1331 2423 1360 iu

1359 1360 1472 1392 Officio
1494 1364 1634 1401 praedffio
1655 1366 1832 1404 exercendo,
1851 1366 2028 1397 Intendentes
2051 1367 2118 1405 sint,
2137 1366 2293 1406 Faventes,
2311 1366 2425 1399 Consu-

1357 1398 1461 1468 lerites,
1478 1401 1663 1471 Auxgiantes,
1681 1405 1714 1435 ὃ(
1731 1406 1760 1434 in
1777 1406 1912 1435 omnibus
1927 1404 2102 1437 Obedientes
2118 1414 2203 1445 prout
2217 1406 2308 1437 decet.

1409 1449 1427 1469 n
1441 1449 1529 1479 cu1us,
1569 1450 1608 1472 ἐ.

1394 1477 1433 1507 Et
1445 1479 1508 1509 haec
1523 1479 1629 1511 Literae
1644 1481 1747 1512 nostrae
1763 1480 1856 1513 Vobis
1870 1491 1951 1512 erunt
1969 1482 2110 1514 sufficiens
2122 1484 2154 1513 in
2168 1482 2349 1515 Warantum.

1394 1515 1464 1547 Dat.
1479 1517 1529 1548 sub
1552 1518 1674 1557 Signeto
1692 1519 1792 1551 nostro
1809 1521 1882 1558 apud
1903 1520 2026 1560 Castrum
2045 1521 2163 1560 nist-nm
2187 1523 2308 1563 ernsbr.
2331 1523 2422 1556 Deci-

1356 1563 1407 1585 mo
1428 1565 1528 1594 quarto
1545 1557 1593 1588 die
1611 1558 1735 1598 Aprilis,
1754 1559 1843 1590 Anno
1857 1559 1953 1599 Regni
1966 1560 2056 1591 nostri
2067 1560 2240 1592 Tricefimo.

1391 1629 1496 1701 3222
1521 1671 1616 1703 dileHo
1640 1673 1739 1706 clerico
1761 1674 1848 1714 nostro
1873 1675 2008 1716 Magistro
2031 1675 2156 1708 Andreae
2178 1675 2288 1716 Holee,
2311 1676 2416 1716 Custodi

1355 1709 1471 1741 Privati
1489 1711 1576 1750 sigilli·
1593 1712 1684 1753 nostri.

1617 118 2013 176 LITERAE,

2307 1600 2419 1631 Esr.

1547 1866 1574 1893 *ἵ
1593 1871 1641 1903 De
1661 1867 1986 1916 Transubstantiatione
2011 1871 2225 1905 Metallorum.
2435 1864 2530 1941 5031·

1353 1960 1650 2018 REXpmnibuS,
1668 1962 1800 2003 inques,
1820 1965 1881 1996 &c.
1895 1964 2030 1996 Salutem.
2432 1941 2555 2021 Affi?

1392 2017 1397 2019 Δ
1449 2005 1548 2032 beiatis
1564 2003 1643 2040 quod
2432 2022 2485 2047 Aa.
2502 2030 2546 2058 30⁴

1373 2037 1485 2082 ‚Canu
1503 2040 1622 2071 dilectus
1640 2025 1758 2079 Nobis,
1782 2041 1927 2081 Johmes
1950 2040 2116 2084 mstelden,
2132 2049 2200 2084 curn
2221 2039 2329 2070 Tribus
2348 2038 2414 2069 Ser-

1351 2079 1491 2148 vientibouj
1504 2080 1686 2118 operantibus
1701 2081 1732 2110 in
1745 2080 1896 2120 subscripta
1913 2081 2001 2119 Arte,
2019 2079 2261 2120 supplicationem
2275 2077 2414 2109 monstra-

1351 2124 1393 2146 vit
1433 2120 1462 2147 u*
1499 2141 1509 2154 ,

1386 2127 1525 2195 Q‘isamvis
1548 2155 1610 2196 Ipse
1632 2156 1713 2195 super
1730 2158 1811 2188 certis
1829 2156 1974 2196 Materiis,
2029 2167 2042 2187 r
2059 2156 2157 2188 Artem
2176 2156 2233 2186 five
2258 2155 2410 2186 Scientiam

1348 2191 1558 2234 Philosophi-22,
1578 2206 1694 2234 operare
1718 2197 1801 2227 vellet
1819 2196 1978 2233 (videlicet)
2037 2196 2114 2226 etalla
2131 2194 2297 2233 imperfecsta
2315 2194 2349 2224 de
2366 2193 2416 2235 suo

1347 2234 1942 2313 ἕξῖἔηῗὲἓεῶεἱὲυῗυᾚῑῖῗζιεᾸξωὲἓς
1952 2234 2413 2312 pffffe’zfizffssffnsssgffa‘sssssff

2401 2294 2410 2308 ²

1345 2311 1380 2340 ad
1399 2312 1580 2342 omnimodas
1600 2311 1786 2343 probationes
1803 2314 1836 2343 ὃ(
1855 2312 2102 2350 Examinationes,
2126 2311 2197 2341 sicut
2215 2309 2329 2348 aliquod
2349 2309 2410 2339 Au-

1345 2358 1410 2391 rum
1429 2350 1475 2380 vel
1494 2351 1676 2390 Argentum,
1693 2352 1721 2381 in
1740 2351 1829 2390 aliqua
1848 2350 1962 2381 Minera
1981 2350 2125 2388 crescens,
2149 2349 2356 2388 expectandum
2376 2348 2411 2378 &

1346 2387 1536 2419 indurandum
1557 2398 1586 2419 ut
1604 2389 1692 2428 dicit,
2270 2427 2276 2432 .

1382 2426 1418 2456 N
1420 2427 1598 2458 ichilominus
1615 2437 1701 2459 certae
1719 2428 1868 2466 Personae,
1889 2428 1939 2459 fibi
1956 2427 2146 2459 malivolentes
2163 2427 2195 2458 &
2209 2426 2410 2470 malignantes,

1343 2464 1504 2505 supponunt
1529 2467 1618 2506 ipsum
1644 2477 1692 2505 per
1719 2467 1819 2498 Artem
1846 2467 1972 2511 illicitam
1997 2467 2108 2509 operari
2123 2488 2134 2503 ,
2160 2474 2191 2496 ut
2209 2469 2246 2495 iic
2264 2464 2360 2502 lpium
2379 2473 2409 2492 in

1343 2502 1518 2535 Probatione
1536 2505 1620 2536 dietae
1638 2506 1713 2536 Artis
1729 2506 1786 2536 sive
1803 2505 1936 2536 Scientiae
1956 2515 1997 2535 im
2055 2515 2094 2534 ire
2112 2506 2147 2535 ὃς
2164 2504 2325 2546 perturbare
2347 2501 2410 2540 pos-

1341 2541 1418 2573 sent:
1440 2543 1525 2582 Nos,
1543 2543 1688 2574 Praemissa
1701 2544 1924 2583 confiderantes,
1943 2544 1977 2575 &
2038 2542 2212 2573 nclufionem
2228 2541 2312 2585 diQae
2327 2540 2409 2577 Ope·

1343 2582 1457 2612 rationis
1476 2583 1531 2613 sive
1547 2582 1696 2620 Scientiae,
1711 2583 1730 2612 si
1750 2593 1814 2613 vera
1831 2583 1880 2620 sit,
1894 2583 1963 2612 scire
1982 2582 2125 2618 volentes,
2141 2581 2176 2611 de
2195 2579 2297 2626 Gratia
2314 2584 2408 2609 noma

1341 2619 1470 2658 speciali,
1489 2620 1692 2652 Conceffimus
1711 2621 1744 2651 ὃς
1763 2621 1922 2652 Licentiam
1935 2620 2062 2651 dedimus
2073 2620 2156 2649 eidem
2167 2618 2314 2663 Johanm,
2334 2626 2407 2657 quo-

1342 2667 1468 2696 cumque
1486 2659 1620 2689 Nomine
1638 2660 1796 2697 censeatur,
1814 2659 1894 2697 quod
1913 2658 1990 2697 Ipse,
2007 2659 2123 2689 durante
2140 2658 2205 2688 Vita
2219 2657 2284 2695 sua,
2304 2657 2407 2700 Artem

1342 2696 1398 2727 five
1415 2697 1570 2728 Scientiam
1590 2699 1757 2736 praedst‘sstam
1776 2700 1901 2736 operari,
1919 2699 2054 2737 probare,
2072 2700 2104 2729 ὅ(
2123 2707 2252 2728 exercere
2270 2695 2407 2739 possitli-

1342 2736 1400 2766 cite
1420 2737 1453 2767 δε
1472 2737 1608 2774 impune,
1634 2737 1736 2775 absque
1753 2737 1955 2775 impetitione,
1977 2736 2204 2775 impedimento,
2223 2734 2406 2779 Molestatio-

1342 2783 1378 2803 ne
1392 2796 1400 2811 ,
1423 2774 1486 2843 gg}
1500 2774 1801 2844 βτᾳνᾏωίῃεΓΝοίξιὶὶὶ
1816 2775 2036 2844 γιεὶὶΥΙ-Ικῐεάυῑῖιὶ
2052 2773 2404 2844 ῃοίὶῑοῐυωεῄ-ῗὲῑωὲὶιυζ

1341 2821 1776 2893 z‘zfifosuffifflffn’cusszzse
1789 2824 2384 2896 3”2¹11{513²{¹12¹{310‘f‘i'i‘0‘idssordrqqaone

1341 2894 1396 2920 iive
1420 2888 1600 2932 Brovilione,
1630 2892 1694 2921 inde
1710 2893 1739 2921 in
1756 2901 1930 2922 contrarium
1957 2892 2053 2931 facitis,
2076 2891 2227 2928 ordinatis,
2243 2889 2322 2920 editis
2328 2912 2339 2928 ,
2355 2872 2404 2920 vel

1339 2929 1474 2967 provin-s,
1490 2939 1547 2959 non
1565 2929 1760 2968 obstantibus,
2180 2967 2186 2972 .
2339 2967 2344 2971 ,
2368 2967 2374 2972 ¹

1376 2965 1483 2997 Dantes
1497 2970 1628 2998 universis
1642 2970 1675 3000 ὃ(
1694 2969 1805 3008 singulis
1820 2966 2258 3011 VicecomitibusQMajonbu-s,
2278 2965 2400 3010 Baliivss,

1337 3003 1575 3044 Constabulariis,
1593 3007 1761 3045 Officiariis,
1779 3009 1811 3039 &
1833 3006 1973 3037 Ministris
1990 3006 2092 3036 nostris
2098 3028 2108 3044 ,
2132 3015 2165 3035 ac
2183 3005 2241 3034 aliis
2258 3004 2399 3035 Fidelibus

1336 3044 1368 3073 &
1383 3044 1506 3074 Subditis
1522 3045 1620 3076 nostris
1635 3046 1875 3085 quibuscumque,
1895 3045 2011 3075 firmiter
2027 3045 2056 3074 in
2074 3043 2216 3074 Mandatis
2229 3043 2308 3080 quod
2322 3052 2396 3089 gre·

1326 3079 1394 3120 fato
1416 3083 1563 3120 Johanni,
1589 3085 1617 3114 in
1642 3084 1817 3115 Executione
1834 3083 2064 3120 Praemifforum,
2081 3082 2204 3114 faventes
2223 3081 2293 3119 fint,
2311 3083 2395 3112 Lon-

1334 3121 1464 3189 sulfntes,
1484 3122 1517 3152 &
1536 3123 1707 3155 Auxiliantes
1723 3124 1755 3153 in
1770 3123 1904 3152 omnibus
1922 3121 2077 3160 diligenter.

1388 3169 1404 3187 n
1495 3170 1501 3174 ·
1594 3184 1600 3190 .

1388 3162 1668 3238 Tgsiizukssecapud
1689 3198 1962 3239 Wstmonasterium,
1979 3195 2142 3228 Tricefimo
2157 3197 2203 3227 die
2217 3195 2330 3236 Aprilis.

1525 3277 1578 3304 Per
1593 3274 1677 3314 icfitm
1689 3277 1785 3313 Regem
1803 3273 1841 3310 ὠ·
1858 3274 1892 3304 de
1911 3277 1994 3305 Data
2003 3273 2154 3312 prediaa,
2172 3274 2352 3303 Audoritate

1594 3313 1785 3344 Parliamenti.

2433 2182 2459 2212 p.
2496 2196 2503 2203 .

2435 2222 2471 2241 m.
2482 2221 2527 2248 ²7·

1657 3456 1707 3487 De
1727 3456 1864 3487 Licentia
1887 3458 1917 3489 E
1918 3457 2038 3504 ligendi.

1328 3545 1413 3605 RE
1423 3546 1607 3591 X=.D³³effl⁵
1622 3548 1671 3593 fibi
1690 3550 1721 3579 in
1738 3548 1871 3589 Christo,
1888 3549 1981 3583 Priori
2004 3552 2039 3584 &
2062 3552 2227 3587 Conventui
2248 3553 2381 3587 Ecclefiae
2403 3566 2534 3599 Anao&

1407 3585 1514 3616 Christi
1531 3585 1750 3632 Cantuariensis,
1768 3587 1902 3633 Salutem.
2007 3629 2012 3635 Π
2419 3614 2508 3645 1452,

1361 3623 2318 3712 {zsffiqisezsfflsssffi&semesam
2325 3667 2381 3714 J,
2396 3648 2514 3712 ἔξω
2530 3665 2533 3673 ‚

1324 3701 1424 3730 hannis
1431 3700 1518 3731 ultimi
1532 3702 1728 3743 Arcbiepifiopt
1740 3703 1874 3735 Eceleuae
1887 3705 1975 3745 illius,
1992 3706 2113 3740 Pastoris
2121 3709 2155 3740 fit
2167 3707 2275 3738 801200
2291 3707 2375 3738 destl·
2389 3725 2450 3750 Pax.
2471 3730 2516 3760 3⁰·

1322 3748 1460 3807 tux,Ziium
1472 3778 1553 3822 vobis
1566 3778 1697 3819 Eligendi
1707 3781 1737 3810 in
1753 3780 2007 3822 Archiepiscopum
2022 3783 2208 3816 &Pastorem
2217 3782 2379 3816 Licentiam
2393 3764 2428 3835 ξ
2439 3760 2509 3827 fn„

1323 3815 1700 3898 f⁰i¹xigsdf¹ssrffssgissflieffefflis
1714 3858 1743 3887 in
1756 3857 1809 3903 isac
1823 3867 1900 3897 parte
1913 3859 2099 3904 fiavorabiliter
2111 3859 2251 3898 inclinari,
2270 3861 2378 3893 Licen-
2394 3837 2439 3864 ²⁶·

1323 3899 1391 3922 tiam
1406 3892 1499 3931 illam,
1516 3893 1635 3941 Tenore
1648 3893 1844 3941 praesentium,
1865 3897 1995 3928 duximus
2005 3896 2219 3941 concedendam
2229 3922 2240 3936 ,

2343 4049 2377 4083 In
