2555 4266
752 253 861 296 ET
942 252 1210 296 'ACTA
1293 251 1768 301 PUBLICA.

33 339 113 373 'Ann
124 339 166 372 D.
189 337 319 383 Rumpat
332 333 526 381 veiDestmat
539 338 680 379 eundem,
697 348 752 378 pro
774 351 834 372 non
858 350 1024 380 attemptato
1044 341 1250 381 Reputabitur3

54 389 141 419 1502.
184 381 219 411 ὅ(
236 376 439 408 nichilominus
454 378 504 409 alia
516 378 688 416 Attemptata
704 389 882 418 quaecunque
896 382 1104 423 reparabuntur,
1118 380 1156 409 sic
1166 378 1245 418 quod

2262 270 2341 313 169

1323 336 1450 381 iren,
1469 343 1540 373 inter
1555 342 1623 374 Nos
1645 343 1884 384 Commissarios,
1906 346 2041 379 Oratores
2056 370 2066 386 ,
2089 347 2122 379 &
2141 346 2338 380 Procuratores
2354 345 2487 378 Arin.D,·

1286 376 1446 414 praedictos,
1463 380 1668 420 Conventum,
1687 383 1919 423 Concordatum,
1938 387 1971 417 ὃς
1986 385 2161 416 Conclusam
2183 387 2224 416 eit
2248 388 2338 425 quod,
2376 396 2460 424 1502.

33 421 100 450 Hen-
113 429 140 455 7-

32 1693 128 1725 ⁸X11.

183 415 336 454 Reparatio
350 414 396 444 seu
415 414 577 447 Distruffio
589 418 668 446 diCJae
685 416 710 446 le
720 416 780 455 Fifh
794 417 888 446 Garth
902 427 961 447 non
981 418 1118 454 impediat
1137 417 1242 448 Refor-

186 455 346 496 mationem
368 453 487 483 aliorum
510 455 755 494 Attemptatorum
778 477 788 493 ,
807 464 862 486 nec
881 455 1042 486 introducat
1062 455 1244 493 Ruptionem

182 491 370 525 Praesentium
384 492 464 521 Pacis
479 494 512 524 &
529 494 737 524 Amicitiamm.

222 529 354 567 ITEM,
375 529 564 562 Conventum
585 533 618 563 &
643 530 823 562 Conclusum
846 529 888 560 est
906 529 986 566 quod
1010 530 1040 559 in
1063 529 1244 567 praesentibus

182 567 258 599 Pace
274 568 307 599 ὃς
322 568 458 598 Amicitia
473 569 747 608 comprehendantur
761 569 880 605 Amici,
911 567 1108 598 Confoederati
1127 569 1160 598 δ’.
1174 568 1246 597 Alli⁴

180 607 238 645 gati
253 606 392 644 utriusque
408 606 548 645 Principis
563 608 733 646 Principum
748 606 958 643 praedictorum,
976 605 995 635 fi
1009 605 1242 637 voluerintcom-

180 645 333 685 prehendi,
353 645 385 675 &
400 654 501 675 eorum
516 645 617 685 Regna
631 646 664 676 &
680 645 838 681 Dominia,
856 644 889 674 δε
907 643 986 681 super
1001 643 1058 674 hoc
1071 654 1119 684 per
1140 643 1239 674 distin-

181 684 242 714 etas
253 684 286 713 &
303 683 432 722 separatas
444 683 567 721 Literas,
587 682 705 719 Magnis
717 682 819 718 sigillis
832 682 884 712 suis
903 683 1048 720 sigillatas,
1075 684 1108 714 &
1131 684 1244 720 utrique

181 722 353 760 Principum
368 721 587 759 praedictorum,
602 721 672 751 infra
695 719 776 750 Octo
798 719 911 750 Menses
929 721 1063 757 proximo
1086 722 1119 752 &
1140 722 1243 750 imme-

182 760 256 791 diate
270 760 417 798 sequentes
429 758 535 789 Datam
549 759 733 801 Praesentium
751 781 771 801 ,ι
785 759 895 789 traditas
915 759 950 790 &
971 759 1134 791 deliberatas
1147 782 1159 798 ,
1173 759 1245 790 Ani-

181 808 246 830 mos
262 798 328 828 suos
341 797 562 834 declaraverint,
579 798 613 829 δε
629 797 705 827 idem
718 796 928 829 desideraverint
943 819 953 835 ,

218 879 258 910 Et
271 878 410 916 specialter
428 886 480 915 pro
495 876 578 908 Parte
595 881 674 915 Regis
690 877 819 916 Angli-e,

215 920 279 948 Rex
297 920 493 953 Romanorum,

215 959 278 986 Rex
296 953 450 983 Ludovicus
468 957 606 992 Franciae,

217 996 300 1029 Reges
317 991 477 1030 Hispaniae,
496 991 661 1029 Portugalioe
675 992 714 1028 &
728 996 834 1031 Daciae,

218 1029 374 1061 Archidux
392 1030 533 1069 Austriae,

219 1071 309 1099 Duces
325 1070 512 1108 Veneriorum,
531 1072 681 1108 Ferrariae,
699 1068 738 1104 ῤ’
755 1069 915 1107 Sabaudiae;

215 1105 351 1138 Necnon
369 1109 487 1137 Societas
505 1110 693 1139 Mercatorum
710 1111 823 1141 Hanzae
841 1107 1029 1147 Zbeutonicae3

221 1183 262 1215 Et
278 1194 331 1221 pro
344 1185 430 1215 Parte
449 1184 538 1222 Regis
555 1184 674 1222 Scotiae,

219 1223 384 1253 Ludowicus
397 1225 458 1252 Rex
471 1225 610 1260 Franciae,

220 1260 367 1299 Johannes
383 1263 444 1290 Rex
464 1263 574 1298 Darae,

219 1302 281 1329 Rex
299 1299 458 1339 ffispaniae,

218 1340 280 1368 Rex
298 1340 495 1376 Romanorum,

216 1375 368 1406 Archidux
389 1379 440 1406 Au
478 1379 530 1415 iae,

219 1413 338 1443 Geldriae
357 1415 417 1444 Hol
429 1419 495 1444 atiae
513 1413 551 1450 ὠ·
570 1415 603 1445 de
620 1414 697 1457 Cletf
705 1419 803 1455 Dum]

220 1451 260 1484 Et
275 1451 402 1483 lnarchio
421 1454 698 1496 Brandenhurgensis,

179 1569 182 1572 .
221 1533 337 1569 Quibus
352 1535 435 1565 Οᾶο
448 1535 596 1564 Menfibus
607 1533 701 1572 elapsis
714 1556 724 1570 ,
743 1532 764 1562 fi
794 1531 869 1563 nulla
883 1530 1066 1564 eNotificatio
1086 1527 1249 1568 hujusmodi

181 1570 257 1613 §aeta
268 1572 352 1603 fuerit
367 1572 494 1611 Regibus
509 1571 665 1611 praedietis.
685 1570 754 1601 dieti
769 1569 973 1602 Confoederati
989 1580 1050 1601 non
1063 1569 1248 1608 intelligentur

179 1617 213 1639 m
231 1610 284 1640 hac
297 1619 374 1648 parte
386 1619 434 1640 aut
449 1610 583 1641 Amicitia
597 1608 804 1649 comprehensi,

219 1647 275 1686 Et,
291 1650 418 1687 quamvis
431 1649 577 1688 contingat
591 1647 700 1678 dietum
715 1650 810 1684 Regem
824 1644 937 1682 Angliae
951 1645 1044 1684 ejusve
1058 1645 1194 1676 Haeredes
1213 1646 1248 1677 &

184 1685 368 1718 Successores
379 1687 531 1726 praedietos
545 1686 591 1717 vel
611 1694 712 1716 eorum
732 1686 768 1715 ali
788 1694 854 1715 uem
876 1684 988 1715 Bellum
1014 1687 1029 1701 ⁴*
1055 1684 1101 1714 seu
1121 1684 1246 1715 Guerras

185 1734 285 1756 contra
300 1726 424 1763 aliquem
440 1725 484 1755 vel
499 1725 606 1762 aliquos
619 1724 763 1754 dictorum
804 1723 943 1760 rincipum
956 1723 986 1751 in
1006 1723 1059 1752 hac
1072 1731 1150 1760 parte
1164 1731 1247 1752 corn-

185 1764 390 1801 prehensorum
404 1769 540 1801 movere,
557 1762 636 1792 idem
650 1771 745 1793 tamen
757 1764 818 1791 Rex
833 1764 926 1791 Scotiae
937 1760 1048 1799 ejusque
1062 1760 1198 1792 l-laeredes
1214 1761 1247 1791 &

182 1801 365 1833 Successor-es
378 1801 509 1839 praeditsti
521 1803 554 1832 &
569 1810 671 1831 eorum
687 1800 804 1838 quilibet
819 1810 834 1829 a
850 1809 1017 1838 quacunque
1038 1799 1200 1837 Invafione,
1218 1800 1246 1828 in

182 1838 322 1880 Regnum
338 1840 450 1878 Angliae
463 1840 497 1870 &
514 1839 595 1868 Loca
607 1848 640 1868 ac
655 1838 798 1869 Dominia
810 1838 934 1876 ejusdem
943 1861 954 1876 ,
972 1838 1031 1867 tam
1045 1847 1094 1877 per
1108 1837 1145 1867 Se
1159 1839 1245 1876 quam

181 1888 235 1918 per
253 1879 328 1910 Suos
339 1876 484 1915 facienda,
501 1877 627 1907 omnino
645 1875 815 1914 abstinebit,
837 1877 932 1907 licebit
955 1884 1049 1906 tamen
1066 1879 1131 1914 Regi
1151 1879 1244 1905 Scotiae

182 1917 275 1949 eidem
291 1916 432 1953 Principi,
451 1924 552 1946 contra
570 1924 657 1953 quem
672 1914 784 1946 Bellum
807 1923 842 1944 ex
863 1923 940 1952 parte
961 1917 1040 1952 Regis
1056 1914 1168 1952 Angliae
1182 1921 1246 1945 mo*

181 1957 313 1993 vebitur,
330 1955 494 1992 Auxilium,
512 1953 682 1992 Subiidium,
700 1953 839 1984 favorem
854 1954 887 1985 ὃς
905 1952 1077 1984 Succursum
1093 1953 1246 1983 solomodo

180 2004 238 2033 pro
249 1994 296 2023 sua
311 1993 488 2023 Defensione
502 1992 567 2023 dare
581 1994 614 2024 &
628 1994 784 2031 impartiri,
802 1992 835 2023 δε
852 2002 912 2022 non
935 1991 1011 2022 aliter
1031 2001 1086 2022 nec
1107 1991 1161 2021 alio
1182 2001 1246 2021 mo—

182 2033 244 2069 do,
258 2032 310 2062 hac
319 2031 529 2069 'nichilominus
543 2031 617 2062 Pace
631 2032 664 2063 &
678 2030 815 2061 Amicitia
832 2031 863 2061 in
881 2030 933 2060 suis
956 2029 1061 2060 effectu
1078 2030 1112 2060 ὃς
1126 2030 1247 2060 Robore

178 2070 288 2102 illibata
306 2070 340 2101 &
355 2069 521 2101 inconcussa
534 2068 696 2110 persistente
710 2070 742 2100 ὃς
753 2070 957 2110 perseverante}
1211 2098 1214 2099 ⁷

220 2109 276 2149 Et,
295 2110 354 2148 pari
370 2109 478 2147 mod0,
495 2109 622 2146 quamvis
634 2108 781 2147 contingat
802 2108 913 2138 dietum
932 2111 1029 2145 Regem
1040 2110 1134 2138 Scotiae
1152 2106 1245 2146 ejusve

183 2147 324 2179 Haeredes
343 2149 376 2179 ὃ(
398 2147 574 2178 Succeffores
597 2146 750 2185 praedi&os
768 2155 815 2177 aut
840 2155 942 2177 eorum
959 2148 1080 2185 aliquem
1103 2146 1178 2178 Bella
1199 2146 1244 2176 seu

182 2186 311 2218 Guerras
327 2194 428 2217 contra
446 2186 568 2225 aliquem
582 2185 629 2215 vel
654 2185 758 2224 aliquos
780 2185 922 2215 &brorum
943 2184 1111 2221 Principum
1138 2186 1169 2215 in
1191 2184 1244 2215 hae

220 2234 262 2256 rte
273 2224 543 2262 comprehensorum
557 2234 692 2262 movere,
709 2224 788 2254 idem
810 2231 904 2254 tamen
927 2225 987 2252 Rex
1002 2223 1115 2260 Angliae
1133 2223 1246 2262 ejusque

182 2234 318 2296 ffiaeredffl
334 2265 367 2295 &
382 2263 562 2294 Succeffores
576 2262 704 2301 praedieti
721 2262 754 2293 δε
769 2271 873 2292 eorum
887 2261 1006 2299 quilibet
1027 2271 1042 2291 a
1064 2263 1244 2299 quacumque

182 2302 344 2339 invasione,
361 2303 390 2331 in
408 2302 546 2340 Regnum
560 2301 667 2332 Scotiae
682 2302 716 2332 &
732 2300 813 2330 Loca
828 2310 863 2330 ac
880 2299 1020 2330 Dominia
1032 2299 1172 2338 ejusdem,
1186 2301 1245 2330 tam

222 2351 235 2371 r
248 2341 287 2371 Se
302 2350 388 2378 quam
403 2350 453 2378 per
466 2341 528 2370 suos
538 2340 664 2369 subditos
680 2339 808 2369 facienda
818 2361 828 2376 ‚
844 2339 969 2369 omnino
991 2337 1158 2378 abstinebit,
1176 2338 1243 2369 lice-

208 2380 229 2410 it
242 2388 337 2410 tamen
353 2380 469 2416 praefato
483 2382 548 2415 Regi
564 2377 676 2415 Angl.ae
695 2377 788 2407 eidem
804 2377 941 2415 Principi,
958 2385 1055 2407 contra
1077 2385 1162 2415 quem
1182 2375 1245 2407 Bel-

183 2417 249 2449 !urn
262 2425 296 2448 ex
313 2418 397 2449 Parte
408 2420 487 2455 Regis
500 2421 593 2446 Scotiae
610 2417 789 2453 movebitur,
815 2415 974 2453 Auxilium,
998 2414 1172 2454 Subsidium,
1191 2414 1244 2445 Fa-

183 2464 288 2487 vorem
304 2457 338 2488 &
351 2456 526 2487 Succursum
540 2455 690 2485 solomodo
704 2465 755 2492 pro
771 2454 816 2485 sua
832 2453 1006 2484 Defensione
1020 2453 1084 2484 dare
1093 2455 1125 2485 &
1141 2454 1245 2491 impar-

183 2496 229 2525 tiri
248 2496 281 2527 &
295 2503 355 2525 non
369 2495 445 2525 aliter
460 2504 516 2525 nec
527 2494 584 2523 alio
599 2493 708 2532 modo,
725 2493 778 2523 hac
793 2492 995 2523 nichilominus
1016 2491 1150 2529 perpetus
1171 2491 1245 2522 Pace

182 2533 219 2565 &
236 2533 373 2564 Amicitia
384 2534 414 2563 in
428 2532 481 2563 suis
498 2531 605 2564 effeetu
618 2533 652 2564 &
663 2531 783 2562 Robore
798 2530 907 2562 Illibata
920 2531 953 2561 δε
976 2530 1143 2561 inconcussa
1164 2530 1248 2568 perfi-

180 2572 274 2603 stente
290 2574 324 2603 &
336 2571 538 2610 perseverante.
579 2605 582 2608 ‚
630 2604 633 2605 γ
895 2603 898 2605 Α
1023 2599 1027 2603 .
1073 2607 1076 2609 ,

221 2609 267 2641 Ῑτ
277 2618 333 2641 EM
344 2633 354 2648 ,
371 2609 559 2642 Conventum
574 2611 608 2642 &
624 2608 802 2641 Conclusurn
817 2609 876 2647 est,
894 2606 913 2639 fi
925 2605 1030 2648 aliquid
1052 2617 1153 2641 contra
1173 2617 1247 2646 prae-

184 2648 295 2680 sentem
307 2649 478 2680 Tractatum
491 2649 572 2680 Pacis
586 2648 848 2680 Confoederationis
862 2649 896 2680 ὅ(
911 2648 1056 2678 Amicitiae
1065 2648 1110 2677 vel
1123 2648 1246 2685 aliquem

186 2687 352 2719 Articulum
369 2687 414 2717 seu
431 2687 596 2725 Capitulum
611 2687 736 2725 ejusdem
752 2697 801 2725 per
815 2686 921 2725 Ligeos
933 2708 942 2725 ,
967 2686 1120 2724 Subditos,
1139 2685 1246 2716 Vassal⁴

186 2725 231 2756 los
241 2748 249 2763 ,
262 2725 450 2756 inhabitantes
465 2726 511 2756 vel
525 2725 635 2755 Incolas
647 2726 798 2763 praedfflos
812 2726 857 2756 vel
871 2734 971 2756 eorum
985 2725 1105 2763 aliquem
1114 2725 1194 2754 unius
1202 2723 1248 2754 vel

188 2763 298 2795 alterius
311 2763 438 2794 Partium
452 2763 652 2801 praedic‘tarum
665 2764 711 2794 vel
725 2764 811 2794 alium
825 2772 872 2795 aut
892 2763 959 2794 alios
980 2772 1180 2802 quemcunque
1202 2762 1246 2792 vel

188 2802 371 2842 quoscunque
385 2812 433 2841 per
446 2802 567 2834 Terram
584 2802 640 2834 slve
654 2812 703 2840 per
719 2802 804 2832 Mare
825 2802 872 2833 vel
894 2802 988 2839 Aquas
1005 2801 1101 2831 dulces
1125 2801 1182 2831 fieri
1202 2800 1248 2830 vel

188 2842 350 2879 attemptari
363 2842 527 2880 contingat,
542 2849 691 2879 propterea
705 2850 765 2871 non
781 2848 863 2871 erunt
883 2849 938 2870 nec
960 2839 1144 2870 censebuntur
1163 2839 1248 2877 Rup-

186 2885 247 2916 tae,
264 2877 418 2909 Infirmatae
429 2882 474 2909 vel
489 2879 648 2909 Adnullatae
660 2879 812 2908 Ppaesentes
826 2878 901 2915 Pax,
925 2877 1142 2908 Confoederatio
1154 2879 1188 2908 ὃς
1206 2878 1248 2908 Α-

185 2917 312 2955 micitia,
329 2916 375 2946 sed
388 2916 590 2947 nichilominus
600 2916 631 2945 in
644 2915 694 2945 suo
711 2915 835 2946 Robore
847 2915 1104 2954 permanebunt,&
1116 2916 1248 2954 Artempa

186 2963 243 2987 tata
257 2954 416 2994 hujusmodi
431 2954 526 2985 debit'e
541 2952 805 2992 Reformabuntur,

227 2995 266 3025 Et
281 2996 301 3025 fi
316 2993 476 3032 hujusmodi
486 2992 718 3023 Reformationes
730 3002 779 3030 per
800 2991 959 3023 Gardianos
983 2992 1179 3022 Marchiarum
1200 2998 1247 3022 aut

188 3042 290 3065 eorum
305 3033 510 3063 Locatenentes
523 3054 534 3070 ,
558 3029 623 3068 post
648 3029 875 3068 RequisitIOnem
896 3031 954 3062 five
973 3031 1247 3070 Interpellstionem,

187 3082 239 3111 per
255 3072 370 3103 Partem
384 3070 540 3102 Gravatam
557 3070 591 3101 &
605 3068 809 3108 Qerelantem
830 3071 859 3099 in
875 3079 907 3099 ea
928 3079 1006 3109 parre
1027 3070 1121 3100 debite
1142 3068 1247 3106 factas,

190 3111 314 3142 minime
328 3110 396 3140 fiant
408 3133 418 3148 ,
442 3117 509 3139 tunc
529 3107 663 3146 Princeps
675 3130 685 3144 ,
708 3109 787 3146 cujus
807 3107 940 3138 Subditus
961 3107 998 3138 Se
1019 3107 1178 3138 Gravatutn
1201 3115 1247 3136 aut

189 3147 440 3187 Dampnificatum
455 3146 621 3186 praetendet,
638 3155 689 3183 per
706 3146 812 3177 Literas
825 3145 883 3176 suas
902 3145 1040 3184 Requiret
1063 3146 1246 3183 Principem,

189 3197 242 3228 per
253 3187 333 3225 cujus
349 3186 502 3217 Subditum
522 3193 569 3215 aut
588 3184 723 3215 Subditos
743 3184 912 3221 Dampnum
936 3194 984 3215 aut
1004 3185 1106 3221 Iniuria
1124 3183 1184 3213 Irro
1204 3191 1247 3213 ata

213 3224 393 3271 raetenditur,
412 3233 444 3255 ut
457 3222 652 3255 Damnificato
663 3222 774 3262 Justitia
789 3222 959 3254 ministretur
973 3225 1007 3256 &
1027 3223 1162 3261 Darnpna
1216 3231 1246 3253 e—

230 3272 340 3296 ciantur

229 3302 269 3334 Et
282 3287 422 3340 casu³quo
436 3301 574 3340 Princeps
586 3300 764 3339 Requisitus‚
793 3300 863 3331 infra
889 3300 945 3332 Sex
961 3300 1076 3331 Menses
1098 3298 1244 3338 hujusmo-

186 3341 222 3373 'di
240 3340 467 3380 Requisitionem
481 3342 616 3378 proximo
633 3342 666 3372 &
681 3339 845 3370 immediate
858 3339 1016 3378 sequente-3,
1034 3339 1109 3369 Parti
1132 3339 1245 3376 Qere-

187 3379 407 3418 lantiJustitiam
418 3389 479 3409 non
493 3378 690 3409 ministraverit
703 3378 748 3408 seu
769 3377 917 3408 ministrari
933 3378 1108 3414 fecerit,non
1117 3385 1247 3414 propter-

187 3428 223 3450 oa
234 3418 386 3458 Princeps,
399 3419 478 3456 cujus
490 3417 623 3448 Subditus
638 3415 864 3454 Dampnificatus
878 3416 1067 3454 praetenditur,
1080 3414 1191 3445 Bellum
1198 3422 1246 3444 aut

190 3457 318 3489 Guerras
329 3456 520 3497 quovismodo
534 3456 665 3486 movebit
681 3479 690 3492 ‚
706 3465 761 3485 nec
782 3453 888 3485 Pacem
909 3454 1016 3485 diredte
1039 3463 1086 3485 aut
1107 3453 1245 3484 indirecte

191 3495 332 3533 infringet
345 3505 392 3527 aut
404 3495 541 3533 violabit,
558 3504 613 3525 nec
634 3494 670 3524 ab
683 3493 741 3524 aliis
762 3493 877 3531 infringi
900 3501 947 3523 aut
968 3492 1065 3522 violari
1084 3493 1245 3530 permittet;

190 3532 239 3564 sed
248 3555 260 3571 ,
277 3534 359 3565 dictis
375 3533 420 3565 sex
435 3533 585 3564 Mensibus
597 3532 706 3573 elapsis,
723 3532 819 3563 licebit
840 3531 935 3562 eidem
958 3530 1082 3569 Principi
1097 3554 1107 3568 ,
1131 3532 1161 3560 in
1181 3530 1244 3561 casu

189 3571 334 3611 denegatae
346 3580 465 3603 autnon
478 3571 638 3602 ministratae
650 3571 770 3609 Justitiae
810 3569 963 3610 postquam
983 3570 1019 3600 de
1040 3572 1172 3607 denegata
1190 3568 1242 3606 Ju-

188 3609 265 3641 stitia
278 3610 373 3641 debite
387 3610 438 3640 sibi
454 3610 611 3640 constiterit
620 3631 630 3647 ,
647 3610 755 3639 Literas
798 3609 979 3646 eprisaliarum
990 3607 1040 3638 suo
1062 3607 1183 3639 Subdito
1197 3615 1244 3637 aut

186 3648 315 3679 Subditis
329 3648 367 3679 sic
383 3647 600 3685 Dampnificato
612 3656 658 3678 aut
670 3647 894 3684 Dampnificatis‚
915 3655 1014 3676 contra
1028 3647 1062 3677 ὃς
1086 3646 1162 3686 super
1176 3655 1242 3674 om-

188 3696 239 3718 nes
254 3686 288 3717 ὃς
298 3685 420 3725 singulos
434 3685 566 3716 Subditos
576 3685 649 3715 illius
663 3684 822 3722 Marchiae,
841 3685 859 3714 sl
876 3694 926 3720 per
940 3684 1082 3722 Terram,
1100 3685 1144 3714 vel
1166 3683 1239 3713 Por-

186 3733 232 3756 tus
248 3726 282 3757 &
296 3724 420 3764 ipsorum
433 3723 536 3754 Crecas
551 3733 584 3753 ac
596 3723 682 3752 Villas
692 3723 726 3752 &
742 3722 859 3760 Villagia
872 3723 951 3760 super
965 3721 1108 3753 Litoribus
1117 3721 1240 3760 ipsorum

187 3763 330 3795 Portuum
342 3763 375 3793 &
392 3761 547 3792 Crecarum
560 3760 705 3791 existentia
717 3769 870 3797 earumque
883 3759 1070 3791 Inhabitantes
1083 3763 1116 3793 &
1130 3760 1240 3790 incolas

189 3802 214 3834 fi
227 3811 276 3840 per
292 3800 394 3838 Mare,
414 3800 464 3829 ubi
478 3801 510 3831 ὃς
530 3800 558 3828 in
573 3809 625 3837 qua
641 3799 685 3828 vel
696 3800 728 3829 in
743 3809 800 3836 quo
816 3798 861 3828 vel
887 3799 987 3836 quibus
1009 3799 1167 3836 hujusmodi
1189 3798 1241 3827 At-

189 3847 333 3878 temptans
345 3840 391 3869 vel
405 3837 618 3875 Dampnificans
630 3845 758 3874 ternpore
772 3836 901 3873 Dampni
919 3836 962 3866 vel
985 3836 1154 3876 Attemptati
1172 3836 1241 3865 fieti

190 3878 333 3910 habitabat
345 3878 390 3909 vel
404 3885 514 3906 moram
528 3875 670 3913 trahebat,
689 3876 721 3905 &
736 3885 797 3904 non
811 3883 911 3904 contra
923 3874 1009 3904 alium
1021 3875 1067 3906 vel
1082 3877 1149 3906 alios
1169 3883 1240 3912 quo-

191 3915 342 3955 vismodo,
359 3916 423 3946 dare
437 3915 470 3946 &2
484 3914 660 3950 concedere,
678 3922 730 3942 nec
747 3914 892 3951 propterea
913 3912 1038 3952 praesenti
1058 3913 1141 3951 Paci,
1160 3913 1242 3943 Ami-

192 3954 288 3991 citiae,
305 3955 386 3993 Ligae
400 3962 446 3985 aut
461 3951 712 3983 Confoederationi
727 3952 756 3980 in
769 3951 862 3989 aliquo
877 3952 1016 3982 censeatur
1035 3951 1211 3990 Derogatum
1229 3974 1239 3987 ‚

194 3991 243 4024 sed
257 3994 352 4023 omnia
364 3995 394 4023 in
407 3992 530 4032 praesenti
549 3990 621 4019 Pace
639 4011 648 4026 ,
665 3987 738 4025 Liga
752 4012 762 4026 ,
788 3990 921 4019 Amicitia
934 3990 967 4020 &
985 3988 1242 4020 Confoederatione

191 4031 259 4062 inita
274 4029 308 4059 &
322 4031 452 4061 conclusa
463 4032 493 4059 in
507 4032 556 4059 suo
573 4028 692 4058 Robore
709 4027 822 4057 Virtute
834 4028 867 4058 &
883 4026 1024 4056 Firmitate
1042 4029 1241 4058 nichilominus

194 4069 371 4105 manebunt,
383 4077 516 4106 tanquam
530 4069 562 4098 &
577 4066 596 4096 si
612 4065 699 4095 nichil
714 4067 743 4096 in
756 4066 931 4097 contrarium
951 4065 1078 4105 Aditum,
1103 4067 1222 4099 Factum
1231 4087 1243 4104 ,

192 4105 318 4139 Gestum
331 4114 381 4136 aut
394 4105 600 4146 Attemptatum
613 4102 715 4142 suisset,

249 4147 322 4177 Tam.
340 4146 373 4176 1⁷.
390 4145 425 4175 P.
439 4146 490 4182 IV,

1286 415 1414 448 quamvis
1425 417 1516 447 diistus
1532 419 1805 458 DominusJacahur
1817 426 1876 451 Rex
1890 427 1982 452 Scotiae
1990 425 2034 454 vel
2048 425 2119 453 dicia
2129 427 2247 453 Domina
2255 429 2337 454 Mar·
2357 430 2417 452 Heu.
2432 434 2445 460 7

1280 458 1379 485 gareta
1390 461 1453 482 ante
1467 455 1665 488 Traditionem
1679 462 1711 489 &
1727 459 1965 491 Deliberationem
1983 461 2106 499 ejusdem
2119 466 2243 491 Dommae
2256 467 2340 492 Mar-

1282 495 1387 531 garetaee
1393 491 1515 533 'praefato
1524 494 1655 538 Domino
1661 496 1765 534 Jacobo
1773 501 1837 535 Regi
1851 499 1940 535 ejusve
1948 498 2178 530 Procuratotibus
2188 510 2236 531 aut
2245 500 2340 531 Com-

1286 526 1411 556 ΠἩΠἨΗΞ
1424 528 1459 557 ad
1473 528 1529 558 hoc
1540 531 1709 577 ‚sufficiente-r
1733 535 1879 573 Deputan's
1892 558 1901 574 ,
1927 537 1983 574 ipsa
2005 537 2154 574 Superstite
2168 562 2177 575 ,
2196 538 2341 568 Termino

1286 562 1391 615 statuto
1406 565 1438 595 δε
1454 568 1606 609 promisse,
1624 571 1821 613 nichilominus
1836 574 1954 611 praesens
1967 576 2115 606 Trai-:tatus
2137 586 2277 614 perpetuae
2285 576 2337 607 Pa-

1285 611 1325 632 cis
1341 604 1374 634 &
1391 612 1489 634 omnia
1505 604 1538 634 &
1552 608 1652 649 lingula
1665 619 1694 638 in
1711 611 1812 653 eodem
1827 621 1962 642 contenta
1974 614 2003 643 in
2020 613 2068 643 suo
2082 613 2206 644 Robore
2218 625 2270 652 pro
2277 625 2341 654 per-

1285 649 1373 678 petuo
1387 651 1519 673 maneant
1533 643 1565 673 &
1581 643 1713 686 effectu,
1723 652 1772 677 niu
1787 650 1851 680 alter
1868 650 1981 689 Regum
2005 652 2204 689 praediciorum
2223 662 2339 683 eorum-

1283 689 1320 709 ve
1335 679 1492 724 Haeredum
1508 682 1541 712 &
1557 680 1758 712 Successorum
1772 686 1883 717 suorum
1901 689 2100 725 praedietorum
2121 691 2196 720 alteri
2219 701 2318 721 corum
2328 712 2339 728 ,

1283 727 1332 756 per
1349 717 1451 762 Litteras
1465 719 1521 749 suas
1536 719 1683 764 Parentes,
1702 720 1811 758 Magno
1825 723 1920 761 Sigillo
1934 726 1984 756 suo
1999 727 2133 758 &Manu
2148 728 2192 758 sug}
2207 729 2330 760 stanam

1285 755 1456 800 subscriptas,
1465 758 1498 788 &
1508 767 1638 796 munitas,
1648 763 1661 775 ⁸
1672 759 1743 788 infra
1759 760 1830 789 duos
1844 761 1956 793 Menses
1965 765 2026 800 post
2037 765 2158 795 Obituni
2167 756 2272 798 masan
2281 751 2348 797 Do⁷-

1288 804 1362 824 mini
1370 795 1472 834 Jacobi
1479 799 1557 833 Regis
1570 797 1616 826 vcl
1632 796 1753 834 praefacae
1760 799 1885 826 Domine
1896 802 2073 839 A‘argaretae,
2081 804 2124 834 vel
2135 796 2192 834 non
2199 805 2343 836 Traditio-

1289 842 1358 863 nem
1374 835 1406 864 δε
1424 834 1667 877 Deliberationem
1685 834 1804 872 ejusdem
1814 838 1938 865 Dominae
1952 842 2118 876 Jilargaretae
2127 842 2269 873 Termino
2278 844 2340 875 Sta-

1289 879 1352 902 tuto
1364 875 1500 910 prorumo
1514 874 1547 903 ὃς
1559 873 1725 904 immediate
1735 873 1879 911 sequentes
1894 896 1904 912 ,
1921 875 1961 905 ob
1979 878 2084 907 easdem
2105 878 2206 910 Causas
2225 882 2271 912 vel
2296 893 2340 913 ea·

1289 919 1354 940 rum
1367 911 1480 941 alteram
1493 911 1690 948 significaverit
1703 913 1737 942 ὃς
1753 911 1928 943 declaraverit
1943 913 2023 950 quod
2044 916 2207 951 praesentem
2221 918 2340 950 Tracta-

1288 956 1351 978 tum
1369 958 1511 988 perpetuae
1526 949 1606 979 Pacis
1615 958 1719 981 extunc
1734 959 1786 987 pro
1798 951 1877 980 irrito
1890 951 1924 981 δε
1938 951 2018 981 nullo
2038 955 2176 992 tenuerit,
2200 957 2326 989 habuerit

1288 987 1325 1017 &
1338 990 1525 1026 reputaverit,
1542 989 1575 1018 &
1593 998 1645 1026 pro
1658 989 1736 1018 irrito
1750 989 1782 1019 &
1797 989 1875 1019 nullo
1891 998 2001 1027 tenere,
2018 989 2137 1028 habere,
2161 994 2193 1022 &
2215 981 2339 1032 reputat}

1289 1025 1430 1068 voluerit,
1453 1025 1566 1064 ipsaque
1586 1026 1707 1056 Domind
1727 1027 1892 1064 Margaretd
1912 1027 2029 1066 praefato
2049 1027 2181 1059 Domino
2209 1035 2342 1063 Scotorum

1289 1065 1369 1106 Regi,
1387 1063 1480 1101 ejusve
1494 1063 1715 1106 Commislario,
1735 1065 1867 1103 Oratori,
1887 1067 1931 1096 vel
1945 1065 2123 1097 procuratori
2137 1067 2235 1100 tradita
2251 1072 2341 1101 &de-

1287 1100 1422 1140 liberata,
1443 1108 1561 1140 praeiens
1574 1103 1630 1133 Pax
1646 1105 1679 1135 δε
1693 1104 1751 1141 ejus
1774 1104 1923 1135 Traiiitus
1937 1128 1947 1142 ‚
1970 1114 2002 1135 ac
2022 1106 2117 1136 omnia
2137 1106 2170 1137 &
2192 1108 2295 1146 lingula
2313 1110 2343 1140 in

1289 1140 1394 1170 eodem
1409 1150 1542 1172 contenta
1557 1151 1609 1179 pro
1625 1151 1762 1180 perpetuo
1778 1143 1806 1171 in
1819 1143 1873 1172 suis
1884 1152 2061 1179 permaneant
2076 1143 2195 1174 Robore
2209 1146 2243 1176 &
2263 1146 2343 1177 Effe-

1289 1177 1357 1221 &u,
1375 1180 1596 1223 quibuscumque
1618 1182 1676 1210 aliis
1699 1179 1948 1212 Conventionibus
1973 1182 2010 1212 de
2029 1182 2087 1220 ejus
2107 1182 2199 1215 Obitu
2213 1185 2264 1218 ‚vel
2283 1195 2345 1217 non

1288 1213 1500 1248 Deliberatione
1515 1218 1630 1250 fafflsve
1642 1219 1742 1249 habitis
1755 1228 1815 1249 non
1829 1220 2011 1251 obstantibus.

1335 1254 1455 1299 Volumus
1488 1265 1619 1294 praeterea
1634 1280 1643 1295 ,
1681 1256 1880 1289 Convenimus
1896 1283 1906 1298 ,
1939 1257 2141 1290 Conzra'nimus
2156 1284 2166 1299 ,
2195 1260 2323 1292 &Con-

1289 1292 1429 1324 cludimus
1453 1295 1532 1333 quod
1550 1319 1560 1334 ,
1584 1297 1613 1326 in
1636 1295 1710 1326 Casu
1733 1307 1789 1334 quo
1813 1299 1960 1336 contigerit
1986 1298 2147 1337 prcesentem
2175 1299 2344 1332 Tractatum

1289 1340 1433 1376 perpetuae
1448 1334 1539 1377 Pacis,
1557 1334 1718 1373 Amicitiae,
1741 1336 1836 1375 Ligae,
1853 1337 1885 1366 ὃ(
1902 1335 2179 1375 confoederationis,
2195 1339 2346 1370 occasione

1291 1369 1400 1401 Mortis
1414 1373 1518 1409 praefati
1534 1373 1655 1403 Domini
1671 1373 1771 1411 Jacobi
1785 1378 1861 1412 Regis
1875 1377 2007 1404 Scotorum
2019 1378 2065 1406 vei
2077 1376 2197 1414 praefetae
2221 1380 2345 1408 Deminae

1289 1410 1478 1450 Margaretae,
1495 1420 1559 1443 ante
1570 1411 1769 1443 Traditionein
1785 1414 1817 1444 ὅ(
1832 1413 2069 1444 Deliberationem
2085 1415 2207 1452 ejusdem
2223 1419 2347 1446 Domine

1290 1449 1480 1486 Margaretae,
1498 1451 1611 1487 irritari,
1630 1451 1759 1488 dissolvi,
1777 1451 1821 1482 vel
1835 1452 1987 1490 adnullari,
2005 1452 2085 1489 quod
2106 1462 2175 1483 tunc
2196 1454 2225 1484 T
2227 1455 2348 1485 radiatus

1291 1483 1438 1529 Treugae,
1458 1487 1620 1527 Amicitiae,
1635 1489 1731 1526 Pacis,
1749 1490 1782 1519 &
1796 1490 2078 1529 ConfoederationiS,
2095 1493 2143 1529 qui
2157 1493 2229 1523 inter
2251 1492 2344 1522 diffitos

1288 1523 1489 1555 Illustriffimos
1505 1526 1649 1564 Principes
1663 1527 1773 1557 nostros
1786 1528 1821 1558 ad
1834 1528 2006 1560 Terminum
2021 1529 2095 1559 Vitae
2110 1540 2211 1560 eorum
2225 1531 2258 1561 &
2273 1532 2342 1561 utri-

1291 1562 1490 1607 usque-eorum
1504 1565 1604 1594 diutius
1620 1564 1766 1602 Viventis,
1784 1567 1817 1595 ἃ
1831 1567 1864 1597 ad
1884 1577 1971 1597 unum
1990 1568 2107 1598 Annum
2129 1569 2193 1608 post
2216 1569 2344 1600 Obitum

1290 1601 1384 1645 ultimi
1398 1601 1584 1645 Decedentis,
1601 1602 1637 1632 de
1651 1603 1714 1634 data
1728 1603 1860 1634 Vicefimi
1874 1605 1931 1635 diei
1946 1605 2053 1635 Mensis
2069 1606 2137 1644 Julii
2146 1630 2156 1646 ,
2173 1608 2260 1638 Anno
2275 1607 2342 1638 Do-

1290 1649 1362 1671 mini
1377 1639 1550 1679 Milleiimo,
1576 1640 1862 1680 Qadringentefimo
1879 1665 1888 1680 ,
1913 1642 1986 1673 Non
2004 1644 2108 1674 eezimo
2132 1655 2211 1676 nono
2226 1669 2237 1684 ,
2261 1647 2346 1677 initus

1290 1680 1356 1717 fuit,
1376 1680 1537 1710 contractus
1548 1703 1558 1718 ,
1577 1681 1610 1722 ᾃ
1622 1680 1786 1721 conclusus,
1805 1681 1835 1709 in
1850 1682 1932 1711 omni
1946 1681 1995 1711 suo
2040 1683 2129 1712 obore
2144 1686 2344 1721 permaneat&

1290 1718 1414 1753 effectu,
1431 1727 1562 1760 tanquam
1575 1720 1595 1760 si
1609 1721 1726 1755 praelens
1752 1718 1902 1749 Tradiatus
1923 1729 2064 1757 perpetuae
2079 1720 2170 1758 Pacis,
2189 1723 2344 1761 Amiciriae,

1288 1757 1604 1826 ἔὲοῃΐοεάεῑαῐιοηιε
1619 1766 1776 1795 numquam
1801 1758 1904 1796 initus,
1928 1758 2108 1797 contractus,
2134 1760 2179 1792 vel
2200 1761 2348 1792 conclusus

1321 1807 1328 1826 1
1352 1806 1389 1828 et.

1326 1835 1400 1866 ΙτΕ
1411 1844 1456 1874 Μ,
1473 1835 1679 1875 Convenmm,
1700 1836 1935 1875 Concordatum,
1952 1838 1986 1868 &
2008 1836 2185 1868 Conclusum
2205 1837 2245 1868 est
2266 1838 2348 1876 quod

1290 1873 1426 1904 Haeredes
1441 1876 1474 1905 δε
1488 1875 1615 1912 Ρῐκάἰέὶί
1628 1875 1807 1907 Succeffores
1823 1876 1988 1913 Principum
2007 1876 2228 1916 praediotorum,
2246 1877 2279 1907 &
2295 1887 2346 1907 eo-

1290 1922 1353 1943 rum
1370 1912 1468 1952 finguli
1483 1913 1652 1952 succeffive,
1667 1914 1737 1944 infra
1762 1915 1816 1945 Sex
1841 1914 1954 1945 Menses
1975 1916 2108 1952 proximo
2130 1916 2163 1945 δε
2184 1915 2347 1946 immediate

1291 1951 1436 1989 sequentes
1449 1951 1581 1983 Mortem
1595 1952 1636 1982 sui
1651 1953 1838 1984 Antecefforis
1853 1953 1897 1983 vel
1912 1953 2122 1984 Praedecefforis
2144 1952 2246 1992 Regis,
2265 1953 2344 1984 Lite-

1295 2000 1335 2020 ras
1348 1991 1423 2030 suas,
1439 1991 1580 2029 praesentis
1595 1990 1747 2021 TraCbitfis
1761 1993 1794 2022 δε
1808 1992 1940 2021 omnium
1956 1992 1988 2022 &
2010 1992 2180 2030 singulorum
2199 1992 2346 2022 Articulo-

1292 2038 1358 2059 rum
1373 2030 1401 2058 in
1417 2029 1521 2059 eodem
1535 2038 1736 2060 contentorum
1751 2028 1954 2060 Ratificatorias
1967 2030 2000 2060 &
2016 2029 2262 2068 Confirmatorias,
2275 2030 2345 2061 Ma-

1289 2075 1349 2135 {no
1364 2067 1462 2106 Sigillo
1474 2067 1524 2098 suo
1537 2068 1676 2107 sigillatas,
1694 2069 1727 2099 &
1744 2067 1838 2098 Manu
1861 2067 1908 2098 sua
1931 2067 2042 2105 propria
2066 2069 2245 2107 subscriptas,
2266 2069 2344 2100 alteri

1316 2106 1417 2145 rincipi
1429 2114 1498 2137 tunc
1511 2105 1692 2146 superstiti&
1707 2116 1759 2144 pro
1775 2115 1903 2144 tempore
1915 2106 2042 2137 existenti
2054 2107 2140 2137 tradet
2155 2107 2188 2137 ὅ(
2209 2106 2345 2139 delibera-

1290 2144 1348 2182 bit,
1364 2144 1471 2176 tradive
1486 2145 1519 2175 &
1534 2145 1684 2175 deliberavi
1696 2145 1788 2175 faciet.

1326 2182 1373 2213 IT
1382 2191 1455 2221 EM,
1472 2183 1507 2214 ad
1520 2183 1678 2214 firmiorem
1693 2184 1727 2214 &
1742 2183 1900 2214 solidiorem
1916 2183 2014 2221 Pacis,
2029 2182 2344 2221 Confoederationis‚&

1291 2221 1492 2256 Amicitiarum
1520 2222 1717 2260 praediCiarum
1749 2221 2003 2253 Conservationem
2029 2222 2063 2252 &
2090 2222 2346 2261 Observarionem,

1291 2259 1482 2291 Conventum
1497 2284 1507 2297 ,
1534 2259 1713 2291 Conclusum
1728 2284 1738 2297 ‚
1764 2260 1797 2290 &
1817 2259 2036 2291 Concordatum
2056 2260 2097 2290 est
2125 2260 2207 2298 quod
2230 2270 2346 2300 uterque

1288 2297 1425 2337 Princeps
1439 2299 1607 2336 Principum
1621 2298 1825 2336 praediCtorum
1839 2298 2003 2336 praesentem
2016 2298 2232 2336 Tractatumstc
2247 2301 2345 2331 omnia

1288 2336 1321 2367 &
1338 2337 1440 2367 finoula
1462 2337 1595 2376 Capitula
1615 2338 1645 2367 in
1664 2337 1765 2367 eodem
1788 2336 1927 2367 Tractatu
1950 2338 2020 2367 inita
2039 2338 2072 2367 δε
2093 2337 2224 2368 conclusa
2238 2359 2248 2375 ‚
2273 2338 2347 2370 infra

1288 2374 1362 2406 Tres
1376 2361 1489 2406 Menses
1501 2375 1565 2415 post
1581 2374 1802 2405 Matrimonium
1819 2376 1892 2405 inter
1906 2376 2019 2406 dictum
2032 2374 2244 2406 Sereniffimum
2256 2375 2341 2406 Prin-

1287 2414 1383 2452 cipem
1399 2413 1566 2444 Dominum
1579 2412 1715 2451 Jacobum
1736 2416 1870 2443 Scotorum
1898 2417 1993 2451 Regem
2013 2414 2046 2444 &
2068 2413 2173 2444 (1ίᾶεηῖ
2192 2416 2341 2444 Dominam

1289 2455 1481 2489 Margaretam
1494 2463 1544 2492 per
1558 2452 1652 2483 Verba
1665 2453 1701 2483 de
1717 2451 1849 2482 Praesenti
1863 2452 2057 2487 commerum,
2070 2451 2254 2491 jurejurando
2278 2463 2341 2490 per-

1287 2492 1415 2522 sonaliter
1430 2492 1467 2522 ad
1481 2491 1583 2522 Sancta
1599 2491 1657 2521 Dei
1671 2491 1822 2529 Evangelia
1835 2490 1960 2529 praestito
1973 2513 1985 2530 ,
2003 2490 2183 2529 Conveniet,
2200 2489 2342 2530 Vallabic,

1288 2528 1468 2568 Ratificabit,
1487 2531 1520 2562 &
1535 2529 1739 2560 Confirmabit.

1325 2567 1370 2598 I·r
1380 2578 1398 2599 Ε
1409 2576 1436 2598 Μ
1446 2592 1456 2607 ,
1475 2567 1665 2599 Conventum
1679 2569 1712 2599 &
1728 2566 1946 2598 Concordatum
1960 2566 2002 2598 est
2025 2567 2105 2605 quod
2128 2567 2245 2605 praesens
2267 2567 2340 2598 Tra-

1289 2607 1397 2645 dimus,
1413 2617 1445 2637 ac
1461 2608 1558 2638 omnia
1573 2607 1605 2637 &
1619 2606 1722 2646 singula
1738 2605 1869 2644 Capitula
1882 2607 1912 2636 in
1926 2606 2027 2636 eodem
2044 2615 2188 2644 contenta,
2205 2607 2274 2637 citra
2288 2606 2344 2636 Fe-

1289 2645 1364 2676 stum
1379 2646 1545 2678 Nativitatis
1556 2645 1741 2683 Dominicae,
1759 2644 1837 2683 quod
1852 2644 2006 2675 secundum
2021 2643 2277 2682 computationem
2285 2643 2344 2674 Ec-

1289 2685 1378 2715 clefiae
1393 2685 1559 2724 Anglicanae
1573 2685 1623 2715 erit
1637 2685 1667 2714 in
1682 2683 1769 2713 Anno
1786 2683 1912 2713 Domini
1924 2682 2080 2714 Millefimo
2103 2682 2347 2720 Qingentesimo

1289 2723 1412 2754 secundo
1428 2746 1437 2761 ,
1460 2733 1508 2761 per
1528 2723 1637 2754 Literas
1654 2722 1782 2752 Patentes
1807 2721 1949 2758 utriusque
1978 2721 2097 2758 Regum
2127 2721 2346 2758 praedictorum,

1290 2761 1404 2799 Magnis
1419 2763 1518 2800 Sigillis
1528 2762 1580 2791 suis
1595 2760 1772 2799 sigillatas,&
1787 2758 1924 2789 Manibus
1941 2758 1994 2789 suis
2005 2759 2123 2798 propriis
2137 2758 2296 2796 subscriptas
2309 2760 2343 2789 &

1289 2799 1472 2839 subfiguaras,
1489 2799 1743 2829 Confirmabuntur
1759 2798 1791 2828 δί
1808 2796 2048 2834 Ratificabuntur3
2069 2796 2147 2834 Quas
2163 2797 2277 2833 quidem
2293 2797 2344 2827 Li-

1290 2847 1362 2869 teras
1376 2837 1609 2869 Confirmarorias
1623 2838 1655 2868 δε
1671 2835 1891 2872 Ratificatorias,
1906 2843 1936 2864 ut
1950 2835 2143 2872 praemittitur,
2169 2835 2289 2872 sigillatas
2307 2836 2342 2866 δε

1288 2877 1468 2914 subfignatas,
1485 2885 1602 2913 uterque
1620 2874 1785 2910 Principum
1799 2872 1999 2908 praedictorum
2014 2872 2081 2902 alter
2102 2872 2192 2907 alteri,
2223 2873 2293 2902 citra
2317 2874 2342 2902 i-

1289 2915 1356 2944 dem
1369 2915 1486 2944 Festum
1501 2913 1661 2944 Nativitatis
1676 2910 1859 2947 Dominicae,
1876 2910 1999 2941 viciffim
2012 2910 2100 2940 tradet
2112 2910 2145 2941 δε
2162 2909 2323 2941 deliberabit
2332 2933 2344 2949 ,

1288 2953 1396 2982 tradive
1408 2962 1454 2982 aut
1461 2952 1603 2983 deliberari
1616 2950 1707 2980 faciet.

1324 2989 1370 3020 ΙΤ
1381 2998 1453 3028 EM,
1470 2989 1675 3026 Conventum,
1694 2986 1930 3024 Concordatum,
1946 2987 1979 3018 &
2001 2984 2176 3017 Conclusam
2197 2986 2237 3016 est
2257 2986 2339 3026 quod

1287 3037 1404 3067 uterque
1419 3027 1585 3066 Principum
1602 3026 1820 3064 praedietorum,
1839 3026 1906 3055 citra
1921 3024 2051 3055 Primum
2068 3024 2155 3055 Diem
2171 3024 2342 3063 MensisJu-

1287 3067 1332 3105 lii,
1350 3068 1464 3106 quierit
1481 3068 1510 3096 in
1532 3066 1618 3096 Anno
1640 3065 1762 3094 Domini
1784 3063 1937 3093 Millesimo
1960 3062 2198 3101 Qingenteiimo
2219 3064 2338 3102 Tertio,

1288 3104 1472 3142 Rescriptum
1502 3104 1559 3134 sive
1574 3104 1678 3132 Literas
1703 3101 1878 3139 Apostolicas
1890 3124 1900 3139 ,
1925 3104 1954 3130 in
1977 3103 2068 3132 forma
2093 3101 2168 3139 Juris
2195 3101 2339 3139 efficaces,

1286 3143 1450 3181 Sumptibus
1466 3143 1499 3173 &
1513 3141 1645 3181 Expensis
1660 3141 1710 3171 suis
1722 3141 1856 3178 propriis,
1880 3140 2040 3177 impctrabit
2065 3140 2109 3170 seu
2127 3140 2268 3175 impetrari
2295 3139 2336 3168 fa-

1286 3184 1359 3221 ciet,
1377 3182 1477 3220 quibus
1491 3182 1587 3209 omnia
1599 3180 1631 3209 &
1647 3179 1748 3217 lingula
1761 3179 1790 3207 in
1813 3177 1940 3215 praesenti
1957 3178 2092 3208 Traciatu
2113 3186 2244 3208 contenta
2264 3177 2336 3214 ejus-

1281 3221 1351 3288 {iem
1365 3220 1441 3251 Sedis
1464 3218 1641 3257 Apostolicae
1659 3218 1836 3248 Auctoritate
1857 3216 2097 3256 Approbabuntur
2117 3216 2151 3246 δε
2174 3215 2338 3251 Confirmaff

1303 3267 1400 3289 untur:

1318 3296 1374 3335 Et,
1391 3296 1516 3336 insuper,
1533 3305 1648 3335 uterque
1662 3294 1829 3332 Principum
1844 3292 2063 3332 praedioorum,
2079 3302 2218 3325 eorumve
2229 3293 2337 3326 Haerei

1284 3336 1330 3367 des
1344 3336 1389 3367 vel
1404 3335 1596 3371 Successore-s,
1611 3335 1680 3364 citra
1693 3333 1802 3363 dictum
1818 3331 1949 3373 Primum
1964 3330 2053 3361 Diem
2068 3330 2173 3361 Mensis
2183 3331 2270 3370 Julii,
2286 3334 2331 3364 in-

1284 3374 1387 3404 stanter
1402 3375 1434 3404 &
1451 3383 1518 3403 cum
1533 3373 1638 3403 effectu
1652 3373 1768 3410 requiret
1784 3369 1993 3400 Sacroiane‘tam
2009 3369 2111 3399 Sedem
2133 3369 2332 3407 Apostolicam

1285 3414 1317 3444 &
1333 3415 1466 3443 Summum
1479 3410 1633 3451 Pontificem
1646 3409 1725 3450 quod
1741 3410 1808 3440 ferat
1822 3408 1994 3438 Sententiam
2006 3406 2331 3447 Excommunicationis,

1284 3461 1362 3482 nunc
1378 3459 1509 3488 protunc
1527 3450 1559 3480 &
1573 3459 1642 3480 tunc
1665 3457 1718 3487 pro
1741 3457 1833 3483 nunc,
1858 3448 1887 3476 in
1906 3455 1972 3476 eum
1990 3454 2024 3475 ex
2043 3446 2185 3482 praedictis
2208 3447 2334 3478 Duobus

1284 3489 1464 3526 Principibus
1479 3498 1635 3525 eorumque
1643 3486 1777 3517 Haeredes
1790 3486 1822 3515 ὃ(
1831 3484 2010 3527 Successores
2020 3484 2168 3521 praedictos
2181 3487 2214 3517 &
2229 3495 2330 3516 eorum

1282 3529 1454 3566 quemlibet,
1473 3528 1521 3564 qui
1536 3527 1698 3564 praesentem
1712 3524 1832 3566 Pacem,
1848 3532 1895 3552 aut
1910 3522 1943 3565 ali
1965 3522 2021 3565 uod
2034 3522 2200 3560 Capitulum
2214 3525 2330 3564 praesen-

1283 3570 1317 3596 tis
1328 3565 1478 3597 Tradimus
1492 3566 1655 3602 violaverit,
1671 3571 1716 3592 aut
1733 3562 1836 3591 Violari
1852 3570 1940 3598 permi
1954 3569 2022 3597 erit,
2040 3560 2084 3591 seu
2108 3561 2258 3592 Violationi
2299 3571 2329 3591 er

1282 3605 1308 3636 se
1320 3606 1364 3636 vel
1378 3606 1444 3635 alios
1458 3603 1640 3634 occasionem
1657 3599 1812 3637 praestiterit
1822 3622 1832 3639 ,
1847 3607 1945 3636 praeter
1959 3600 1991 3629 ὃς
2008 3598 2078 3628 ultra
2091 3598 2264 3630 Sententiam
2296 3610 2329 3630 n-

1283 3643 1391 3673 terdicti
1411 3644 1439 3673 in
1453 3643 1510 3680 ejus
1524 3642 1675 3679 Regnum,
1693 3638 1804 3673 Terras,
1822 3637 1942 3674 Patrius,
1958 3637 1990 3667 &
2009 3636 2166 3671 Dominia·‚
2190 3648 2249 3668 non
2273 3638 2327 3668 ob-

1279 3681 1368 3712 stante
1379 3681 1471 3719 aliquo
1492 3680 1510 3698 ³²
1528 3677 1679 3715 Privilegio
1694 3678 1721 3706 in
1737 3675 1852 3706 Genere
1866 3676 1909 3705 vel
1922 3676 1951 3705 in
1965 3674 2064 3712 Specie
2085 3676 2136 3705 illis
2159 3685 2205 3706 aut
2227 3685 2325 3706 eorum
2343 3689 2362 3708 a
2377 3691 2446 3721 xng

2343 3728 2407 3765 798·
2439 3724 2446 3728 ⁴

1278 3719 1378 3757 alicui,
1402 3720 1451 3749 sub
1471 3726 1638 3756 quacunque
1658 3714 1820 3744 Verborum
1840 3713 1906 3744 serie
1919 3736 1930 3751 ,
1953 3713 2102 3744 concesso:
2128 3712 2184 3743 Cui
2212 3714 2328 3752 quidem

1278 3756 1432 3795 Privilegio
1446 3765 1560 3793 uterque
1574 3754 1705 3791 Princeps
1721 3752 1816 3782 Princi
1838 3762 1888 3782 um
1903 3751 2101 3788 praedictorum
2118 3751 2219 3790 palam,
2236 3751 2329 3792 publi-

1279 3797 1314 3825 ce
1325 3818 1334 3832 ‚
1351 3797 1383 3827 &
1399 3795 1540 3832 expresse,
1561 3793 1592 3823 &
1609 3793 1638 3821 in
1650 3793 1713 3822 vim
1727 3789 1808 3820 Paeti
1854 3790 1995 3820 enunciat:

1315 3834 1354 3864 Et
1368 3834 1435 3864 Nos
1449 3830 1640 3862 Commiffarii
1661 3828 1793 3859 antedicti
1809 3851 1820 3867 ‚
1846 3828 2025 3859 Nominibus
2041 3827 2209 3858 eorumdem
2225 3850 2237 3866 ,
2252 3828 2328 3860 suffi-

1280 3873 1366 3903 cienti
1380 3871 1540 3902 aquritate
1553 3868 1652 3898 Nobis
1665 3869 1694 3896 in
1708 3867 1760 3897 hac
1775 3876 1849 3906 parte
1863 3866 2011 3902 attributi,
2030 3865 2131 3895 eodem
2156 3865 2244 3896 modo
2267 3867 2327 3898 Re.

1278 3911 1444 3941 nunciamus
1458 3910 1487 3938 in
1501 3909 1554 3937 hiis
1571 3906 1705 3942 Scriptis,
1725 3915 1790 3943 quas
1803 3905 1916 3943 quidem
1940 3904 2092 3933 Sententias
2105 3925 2115 3941 ,
2130 3903 2276 3944 Censuras,
2290 3907 2326 3937 &

1279 3949 1382 3978 Poenas
1397 3948 1439 3977 ille
1454 3947 1587 3983 Princeps
1601 3944 1763 3982 Principum
1776 3943 1993 3981 prredic'torum,
2014 3950 2168 3984 eorumque
2190 3942 2327 3976 Haeredes

1279 3987 1313 4017 δε
1329 3986 1504 4018 Succeilores
1516 3985 1618 4014 totiens
1631 3982 1759 4013 incurret
1772 3983 1805 4013 ὃς
1821 3980 1989 4023 Ιηειιτῐεῐπ,Α
2001 3988 2128 4017 quotiens
2141 3990 2240 4012 contra
2255 3982 2327 4012 For-

1280 4035 1360 4056 mam
1371 4023 1485 4061 alicujus
1498 4021 1696 4058 Capitulorum
1710 4020 1845 4057 praesentis
1858 4017 2008 4047 Traetatus
2020 4019 2170 4060 quicquam
2182 4027 2329 4059 attempta-

1277 4065 1387 4100 verint,
1405 4070 1452 4091 aut
1466 4069 1512 4099 per
1527 4059 1554 4090 se
1570 4059 1615 4089 vel
1631 4059 1698 4089 alios
1712 4057 1874 4095 praesclitem
1890 4056 1993 4085 Pacem
2017 4066 2046 4084 in
2066 4056 2161 4094 aliquo
2180 4059 2328 4088 violaverit

1280 4102 1326 4131 vel
1338 4101 1518 4135 violaverint,
1535 4097 1579 4127 seu
1599 4097 1695 4127 violari
1720 4094 1869 4133 permiserit
1889 4093 1934 4124 seu
1953 4093 2141 4134 permiserint,
2167 4096 2200 4126 &
2221 4096 2328 4126 tamdiu

1279 4139 1384 4170 eisdem
1399 4137 1494 4169 Poenis
1507 4138 1540 4169 &
1555 4134 1684 4167 Censuris
1696 4133 1863 4201 Irrctittq‘k
1878 4131 2033 4171 involutus,
2050 4131 2151 4165 Irretiti
2165 4135 2197 4166 δε
2214 4134 2336 4178 Involus

2361 763 2379 781 ³
2401 763 2469 792 XII,

2363 810 2426 837 797-
