2555 4266
749 203 861 245 ET
941 202 1206 246 ACTA

28 289 107 323 Ann.
120 287 163 321 D.
176 286 400 321 certitudinaliter
421 285 601 326 processisse,
620 287 762 327 nichilque
784 289 965 322 Rationabile
989 298 1036 320 aut
1056 289 1234 329 Legitimum

55 329 144 367 1480.

28 369 95 398 Ἐάν.
112 378 142 404 4.

11 1597 90 1629 Ann.
103 1596 147 1629 D.

31 1637 119 1675 1480.

10 1679 65 1704 An.
85 1686 129 1704 20.

8 1716 41 1742 B.
57 1724 86 1750 4.

8 1753 74 1781 thid.

6 2334 28 2354 ⁸
43 2334 111 2366 x11.

9 2381 71 2410 ¹27·

175 326 311 359 obstitiffe
322 335 368 357 aut
383 326 497 357 obstare
510 328 662 364 quominus
677 337 841 366 perpetuum
861 328 966 360 Robur
990 329 1140 359 Firmitatis
1159 328 1234 358 obti-

173 375 274 402 neant,
297 373 430 402 tanquam
455 375 486 396 ea
508 376 572 403 quae
596 368 623 396 in
645 367 765 406 Nostri,
790 366 967 404 Haeoedum,
988 367 1021 396 δε
1045 365 1232 397 Subditorum

173 404 334 438 nostrorum
348 404 490 436 summam
505 404 669 436 Utilitatem
683 406 796 436 tendere
811 404 958 436 manifeste
978 404 1180 442 dinoscuntur,
1201 413 1232 434 ea

173 443 271 475 omnia
285 443 318 473 &
331 442 434 482 singula
449 453 501 481 pro
518 443 633 482 Nobis,
650 443 836 480 Haeredibus,
854 441 1082 479 Succefforibus,
1103 443 1233 485 Regnis,

170 482 287 519 Patriis‚
312 481 480 517 Dominiis,
505 481 647 518 Vaffallis,
672 483 706 513 ὃς
728 482 852 511 Subditis
868 480 971 512 nostris
994 480 1174 516 praesenttbus
1197 481 1231 511 &

169 521 284 557 futuris,
301 519 491 552 Illustriffimis
504 521 685 559 Principibus
697 519 891 549 Maximiliano
909 519 941 550 ὅ(
963 520 1065 548 Mariae
1088 518 1231 557 Austriae,

168 559 352 597 Burgundiae,
371 559 432 595 &cn
451 559 599 595 Ducibus,
616 558 770 595 flandria,
788 557 952 595 Halandiae,
971 555 1031 591 &a
1051 555 1230 596 Comitibus‚

169 597 395 635 consanguineis
411 599 512 630 nostris
528 596 670 628 cariffimis
679 620 688 633 ,
706 605 839 632 tanquam
853 595 921 626 dicti
935 598 1020 626 Ducis
1033 595 1149 633 Karali,
1160 607 1232 633 prae-

170 645 249 668 teXtu
270 636 451 668 Matrimonii
473 638 544 667 inter
562 636 671 665 dictum
694 633 919 664 Maximilianum
941 635 975 665 ὃς
991 637 1116 664 Mariam
1132 634 1231 664 Filiam

170 677 285 706 unicam
302 677 336 707 &
351 675 505 706 Haeredem
520 674 603 711 ipsius
615 675 700 703 Ducis*
713 672 813 702 Karolt'
832 673 991 710 contracti,
1010 673 1182 704 Haeredibus
1196 676 1229 705 &

170 714 405 752 Succefforibus,
435 713 595 750 caeterisque
619 712 843 749 quibuscumque
870 712 952 748 ipsius
978 714 1104 742 Dominae
1128 717 1231 745 Mariae

167 752 340 784 Haeredibus
355 752 536 791 praesentibus
548 751 582 781 &
594 750 707 787 futuris,
726 749 839 787 Patriis,
858 750 1021 789 Dominiis,
1042 750 1179 789 VassalliS,
1196 752 1230 783 δε

168 791 295 823 Subditis
314 792 368 821 suis
387 789 564 828 praesentibus
587 789 620 819 &
642 788 757 827 futuris,
774 789 892 820 Tenore
908 789 1110 827 Praesentium,
1129 789 1231 821 Ratifi-

167 840 284 867 camus,
302 830 518 866 Approbamus,
534 828 568 858 &
584 826 818 866 confirmamus,
833 837 1057 867 perpetuumque
1072 828 1176 860 Robur
1196 831 1230 861 &

167 868 347 899 Firmitatem
362 867 464 897 habete
477 866 627 904 volumus,

209 905 411 937 Promittentes
421 927 430 942 ,
446 904 525 935 bona
541 904 609 935 Fide
624 906 657 935 &
674 905 704 934 in
721 903 823 935 Verbo
837 904 950 945 Regio,
968 905 1018 936 sub
1033 905 1158 937 Honore
1176 916 1231 937 no-

168 945 246 984 stro,
259 944 293 975 &
307 943 357 973 sub
371 943 556 981 Obligatione
570 945 603 975 δε
618 943 772 982 Ypotheca
789 945 923 974 omniurn
945 943 1093 974 Bonorum
1117 945 1231 976 nostro-

166 992 231 1014 rum
245 981 423 1018 praesentium
438 983 472 1014 δε
486 983 662 1020 futurorum,
681 982 780 1012 omnia
794 982 827 1012 &
843 982 945 1023 singna
960 981 1091 1020 Capitula
1109 983 1231 1021 supradi-

164 1022 211 1052 ἀπ
223 1019 447 1060 consanguineis
464 1020 567 1052 nostris
581 1021 740 1058 praedictis,
759 1021 940 1060 ipsorumque
954 1021 1140 1060 Haeredibus,
1158 1022 1229 1053 Suc-

164 1059 320 1090 cefforibus
332 1083 343 1099 ,
366 1059 486 1096 Patriis,
512 1061 546 1091 &
567 1060 714 1090 Dominiis
735 1059 956 1098 inviolabiliter,
980 1068 1011 1090 ut
1030 1061 1228 1100 praemittitur,

163 1099 337 1137 Observare,
354 1101 436 1130 omni
455 1098 563 1130 Fraude
579 1099 612 1130 ὃς
627 1098 710 1130 Dolo
728 1098 851 1129 semotis.

198 1178 234 1210 In
249 1189 393 1219 quorum,
407 1180 468 1212 ὅτε.

199 1256 269 1289 Dat.
296 1257 389 1295 prima
409 1257 469 1288 Die
491 1256 598 1288 Mensis
620 1255 760 1296 Augusti,
784 1255 873 1288 Anno
895 1255 1018 1286 Domini
1043 1254 1201 1287 Millesimo
1218 1280 1227 1295 ,

165 1296 471 1336 Qadringentefimo,
488 1295 692 1334 octogesimo.

805 1372 858 1403 Per
869 1371 952 1412 ipfitm
966 1374 1070 1410 Regem.

500 1501 549 1534 De
565 1499 713 1546 Succurfit
724 1496 895 1547 praestando.

165 1582 284 1642 REX
298 1584 446 1617 Omnibus
460 1585 494 1617 ad
532 1596 601 1624 uOS,
618 1587 680 1617 &c.
699 1586 834 1617 Salutem.

261 1623 345 1655 Cum
358 1624 468 1656 Pacem
481 1648 490 1663 ,
535 1625 691 1662 micinam,
707 1625 824 1665 Ligam,
844 1624 877 1656 ὃς
892 1622 1012 1655 Foedera
1022 1646 1031 1663 ,
1048 1634 1101 1662 pro
1118 1623 1228 1663 Nobis,

159 1660 350 1702 Haeredibus,
368 1663 600 1701 Succefforibus‚
618 1662 742 1703 Regnis,
762 1663 878 1701 Parrus,
897 1662 1062 1702 Dominiis,
1082 1663 1227 1702 Vassallis,

160 1700 195 1731 &
207 1702 332 1733 Subditis
344 1702 448 1733 nostris
462 1702 701 1741 quibuscumque,
718 1712 788 1733 cum
802 1701 988 1733 Illustriffimo
1002 1702 1134 1740 Principe
1143 1701 1228 1733 Con-

159 1741 311 1781 fianguineo
323 1741 357 1772 δε
375 1740 531 1772 Confratre
545 1740 647 1772 nostro
660 1738 802 1771 carissimo
817 1740 940 1780 Karolo,
959 1742 1044 1771 bonae
1058 1742 1225 1779 memoriae,

159 1789 238 1811 nunc
255 1779 425 1818 Defuneto,
441 1783 517 1810 Duce
530 1788 612 1818 nuper
625 1781 807 1817 Burgunh’ae,
825 1778 885 1814 &c.
904 1789 988 1817 aequo
1005 1781 1096 1811 modo
1112 1790 1164 1817 pro
1179 1779 1227 1819 Se,

155 1818 350 1857 Haeredibus,
367 1819 599 1857 Successoribus,
618 1817 732 1856 Parrus,
748 1819 910 1857 Dominus,
930 1818 1071 1857 Vaffauis,
1096 1820 1130 1849 ὅ(
1151 1818 1227 1849 Sub—

156 1857 221 1889 ditis
233 1858 285 1888 suis
297 1858 539 1896 quibuscumque,
555 1857 808 1895 contraxerimus,
824 1856 1059 1894 Percusserimus,
1078 1857 1102 1888 F
1103 1859 1224 1888 irmave-

155 1898 260 1934 rimus,
277 1896 312 1927 &
329 1894 577 1936 Concluserimus,
592 1905 678 1935 prout
691 1897 721 1926 in
740 1895 842 1928 Literis
862 1896 930 1927 inde
949 1896 1090 1928 confectis
1111 1896 1225 1936 plenius

156 1936 337 1974 continetur,

194 1974 329 2012 Quarum
353 1971 432 2005 Data
453 1973 513 2013 est,
532 1970 679 2005 Vicefimo
701 1973 803 2013 quinto
827 1972 874 2005 die
892 1973 989 2014 Junii,
1016 1973 1105 2005 Anno
1126 1972 1224 2014 Regni

155 2012 247 2043 nostri
262 2011 504 2051 Quartodecimo.

193 2050 232 2082 Et
248 2051 279 2081 in
293 2050 396 2082 eisdem
412 2050 531 2088 Literis,
545 2050 618 2081 inter
630 2058 749 2089 caetera,
766 2051 962 2090 contineatur,

192 2088 285 2131 Quod
294 2092 323 2120 in
339 2087 473 2128 Auxilio,
491 2090 527 2120 ab
541 2088 632 2119 altera
644 2092 771 2119 Panium
779 2089 948 2130 praestando,
962 2090 1056 2130 quoad
1072 2090 1223 2121 Numerum

155 2132 274 2166 attinget
294 2132 478 2159 Armatorum
493 2152 504 2168 ,
529 2127 657 2158 habenda
675 2131 728 2158 erit
747 2130 899 2159 Facultatir
917 2133 999 2159 Ratio
1018 2128 1092 2159 illius
1112 2131 1224 2168 Partis,

155 2178 214 2208 que
235 2167 267 2196 de
281 2166 403 2207 ferenda*
421 2170 479 2206 Ope
502 2166 657 2205 rogabitur,
687 2178 719 2197 eu
730 2167 965 2206 interpellabitur,
984 2174 1016 2197 ut
1039 2167 1172 2206 (scilicet)
1193 2171 1223 2197 in

148 2205 212 2244 plus
235 2217 288 2236 non
308 2213 435 2236 teneatur
455 2204 537 2247 quam
561 2212 625 2235 tunc
660 2216 736 2235 acere
750 2211 853 2243 poterit
874 2205 1006 2236 commode
1021 2229 1031 2244 ‚
1052 2205 1221 2247 confideratd

154 2248 280 2282 temporis
293 2248 486 2283 oportunitate
499 2246 650 2284 Rerumque
658 2243 774 2282 sitarum
788 2249 871 2275 Statu
881 2268 891 2284 ,

194 2283 326 2320 Qiamm
343 2283 461 2322 quidem
477 2283 635 2314 Literarum
650 2282 800 2322 Capitula,
819 2286 847 2314 in
863 2282 967 2314 eisdem
985 2283 1089 2314 Literis
1100 2292 1223 2314 conten—

154 2329 199 2360 ta,
216 2321 406 2354 Illustriffimis
419 2321 602 2359 Principibus
612 2321 808 2352 Maximiliano
822 2323 856 2353 &
871 2324 974 2352 Mariae
989 2322 1048 2360 ejus
1068 2324 1086 2342 ²*
1110 2321 1223 2360 Conju—

152 2361 199 2400 gi,
217 2368 352 2399 tanquam
368 2360 445 2391 Filiae
461 2361 495 2391 δε
509 2359 627 2392 Haeredi
639 2361 708 2392 dieti
724 2364 809 2391 Ducis
822 2360 940 2400 Karoli,
958 2360 1081 2400 Austriae
1092 2361 1223 2400 Ducibus,

149 2400 210 2437 jam
223 2397 519 2437 Confirmaveritnus,

190 2436 330 2476 Cumque
338 2436 454 2478 praefati
463 2440 566 2476 Dum,
584 2447 634 2476 per
652 2440 748 2476 Regem
762 2438 938 2468 Lodowicum
952 2440 1075 2468 Franciae
1097 2438 1223 2478 gravissi—

153 2476 222 2515 me,
246 2485 277 2506 ut
299 2477 439 2515 afferunt,
464 2476 609 2516 injuriati,
629 2476 779 2516 Oppressi,
796 2477 904 2516 suisque
922 2477 1039 2515 Ten-is,
1059 2476 1171 2516 Patriis,
1186 2478 1222 2508 δε

150 2513 300 2545 Dominiis
320 2515 356 2546 ad
379 2516 537 2546 maximum
559 2525 663 2546 eorum
682 2516 875 2555 Dispendium
901 2515 1027 2554 spoliati,
1045 2514 1115 2546 Nos
1138 2517 1224 2554 saepe-

150 2555 274 2585 nurnero
295 2555 454 2592 rogaverint
477 2556 510 2585 &
531 2554 769 2591 interpellaverint
791 2564 823 2585 ur
841 2578 850 2593 ,
877 2565 931 2592 pro
955 2554 1060 2591 Iniuria
1081 2554 1150 2585 dicti
1169 2557 1224 2585 Re-

148 2594 189 2629 gis
209 2592 344 2623 Lodovici
365 2592 567 2631 propulsanda,
587 2594 620 2623 &
642 2593 677 2623 ad
700 2593 778 2624 suam
797 2594 1013 2631 Patriarumque
1036 2593 1144 2624 suarum
1160 2593 1223 2623 De-

150 2629 326 2669 fenfionem,
354 2631 517 2668 Auxilium,
542 2632 577 2662 ὅ(
594 2630 756 2671 juvamen,
775 2641 887 2662 certum
910 2642 1064 2662 numerum
1084 2631 1222 2662 Virorum

151 2669 356 2708 Armatorum,
373 2680 478 2702 eorum
499 2669 686 2709 Sumptibus,
702 2672 744 2702 eis
763 2671 924 2702 concedere
948 2671 981 2702 δε
1004 2670 1136 2710 praestare
1152 2671 1224 2702 veli-

153 2717 234 2746 mus,

189 2746 275 2783 Nos,
291 2746 437 2778 sentientes
452 2747 533 2785 quod
547 2746 588 2777 nil
601 2748 690 2786 magis
700 2747 844 2786 AEquitati
859 2747 976 2779 naturali
990 2747 1032 2778 est
1047 2749 1224 2779 conveniens

150 2785 240 2822 quam
259 2785 347 2816 Paua
364 2786 485 2823 servare,
512 2786 713 2824 Nolentesque
735 2787 830 2818 dietos
852 2786 1088 2826 Consanguineos
1109 2787 1222 2818 nostros

151 2823 276 2864 Austriae
287 2826 390 2862 Duces,
409 2824 507 2855 nostro
524 2833 558 2855 ex
571 2824 700 2857 Defe&u
722 2834 770 2857 aut
792 2825 903 2865 Culpa,
920 2827 1004 2857 tantis
1026 2826 1169 2864 Dampnis
1187 2828 1224 2858 ὃς

149 2860 262 2900 Injuriis
287 2862 388 2899 affici,
423 2862 625 2894 Conceffimus
646 2863 680 2894 δε
702 2873 752 2900 per
781 2863 935 2896 praesentes
962 2864 1166 2896 Promittimus
1186 2867 1221 2898 &

149 2899 348 2932 Concedimus
367 2900 474 2932 eisdem
500 2899 724 2969 Consanfftjiineis
744 2901 869 2942 nostris,
894 2903 928 2933 ad
950 2903 1061 2933 dietam
1084 2903 1220 2942 Injuriarn

171 2939 365 2977 ropulsandam
378 2963 389 2977 ‚
416 2941 450 2971 ὃς
474 2940 506 2970 in
521 2940 600 2970 suam
649 2941 840 2976 atriarumque
862 2942 973 2971 suarum
995 2941 1220 2981 Defenfionem,

171 2977 340 3016 accursum,
359 2980 393 3010 &
410 2977 572 3017 juvatum,
589 2981 644 3007 Sex
668 2976 755 3008 Milia
777 2982 904 3008 Virorum
926 2978 1170 3010 Architenentium
1181 2982 1218 3013 &

150 3016 224 3047 infra
241 3026 279 3047 ex
294 3015 402 3047 nostris
421 3016 563 3054 subditis,
581 3016 718 3053 Expenfis
738 3027 842 3048 eorum
860 3015 1150 3055 Confinguineorum
1165 3029 1220 3050 no-

151 3053 294 3093 strorum,
313 3063 417 3093 prout,
437 3057 507 3087 inter
528 3064 578 3086 eos
599 3055 770 3086 concordari
792 3057 916 3094 poterit,
939 3065 988 3087 aut
1011 3056 1145 3095 Expensis
1167 3068 1220 3089 eo-

149 3101 218 3123 mm
245 3094 448 3125 rationabiliter
474 3103 525 3132 per
545 3093 616 3125 Nos
636 3094 761 3124 taxandis
792 3093 866 3124 Casu
888 3104 948 3132 quo
978 3096 1049 3126 inter
1071 3106 1120 3126 eos
1141 3096 1219 3127 aliter

151 3132 322 3163 concordari
345 3143 407 3164 non
430 3133 554 3171 poterit,
571 3132 778 3170 locandorum,
796 3133 1091 3173 transmittendorum,
1118 3135 1152 3166 &
1172 3135 1221 3166 sti—

149 3170 399 3209 pendizndorum,
425 3182 499 3211 quos
528 3173 599 3202 vero
628 3171 776 3202 transmitti
802 3171 938 3202 faciemus
963 3174 1068 3203 totiens
1090 3175 1219 3212 quotiens

146 3218 197 3247 per
215 3208 308 3241 ἀὶᾶοε
330 3210 564 3251 consanguineos
584 3209 697 3242 nostros
718 3209 815 3242 debite
836 3210 874 3242 ad
895 3211 955 3242 hoc
978 3212 1104 3250 requisiti
1132 3213 1217 3244 fueri-

151 3256 226 3278 muS.

188 3283 224 3315 In
236 3295 358 3324 quorum
367 3310 377 3326 ,
392 3288 453 3320 &c.

186 3358 257 3392 Dat.
279 3362 382 3395 Tertio
403 3363 464 3396 Die
491 3362 600 3395 Menfis
617 3363 756 3405 Augusti,
774 3365 865 3397 Anno
886 3364 1014 3396 Domini
1035 3364 1215 3407 MUIefimo,

149 3398 459 3443 Quadringentesimo,
476 3403 678 3444 Odiogefimo.

802 3482 856 3511 Per
871 3479 954 3521 ipsiem
965 3483 1070 3519 Regem.

148 3617 241 3662 Super
257 3617 428 3651 Annuitare
443 3622 572 3656 Francia
583 3649 593 3666 ‚
617 3622 836 3714 destSeoZ‘itate
846 3635 902 3671 per
917 3626 1017 3659 Duces
1035 3623 1214 3672 Burgundio

589 3681 650 3717 prae
672 3682 713 3703 an
758 3695 766 3704 .

150 3757 418 3820 MAsfimiliartus
438 3759 472 3791 &
490 3763 603 3807 Maria,
622 3762 798 3811 Dei-gratia,
816 3763 916 3811 Duces
927 3764 1065 3807 Aust-ria,
1084 3771 1212 3805 Burgun-

243 3798 297 3828 dtae
304 3822 316 3837 ,
333 3799 535 3838 Lothartngtae,
545 3800 707 3831 Brabanttae
716 3825 726 3840 ‚
740 3802 904 3841 Lzmburgrae
913 3827 923 3842 ,
937 3807 1146 3844 Luxemburgiae
1153 3830 1162 3845 ,
1178 3809 1211 3838 &

111 3855 117 3862 .
149 3834 286 3867 Gheldriae
303 3861 312 3875 ,
339 3837 472 3869 Comites
496 3838 657 3876 Flandriae,
683 3840 830 3881 Arthefii‚
855 3844 1041 3882 Burgundiae,
1069 3843 1212 3884 Palatini,

148 3874 322 3914 Hunnorum,
339 3875 514 3914 Hollandiae,
528 3876 703 3916 Zeelandiae,
719 3880 870 3919 Namurci,
881 3881 916 3912 δε
928 3881 1095 3920 Zutphaniae
1123 3887 1214 3914 Sacri·-

153 3915 167 3957 '.
192 3954 197 3958 .
213 3914 321 3951 Imperii
337 3915 539 3959 Marchiones,
557 3924 591 3945 ac
606 3914 729 3946 Domini
742 3916 850 3986 IZffiae,
868 3918 1043 3960 Salinarum,
1060 3908 1212 3952 &’Mech-

148 3961 220 4020 ἔξω
236 3952 379 3993 Domini,
403 3955 552 3992 omnibus,
568 3952 603 3985 ad
622 3964 694 3993 quos
712 3965 746 3993 pr
784 3964 861 3988 entes
877 3957 996 3990 Litterae
1012 3963 1211 4001 pervenerint,

196 3998 284 4020 utem.
852 3997 856 4001 “

184 4026 266 4071 Cum
281 4029 348 4061 Nos
357 4054 367 4070 ,

167 4064 293 4110 ‘Vigore
313 4068 346 4099 &
364 4070 470 4102 virtute
496 4069 679 4108 quarumdam
699 4068 1006 4112 Confoederationum,
1029 4075 1104 4106 inter
1125 4075 1207 4106 Sere·

143 4102 291 4139 nafimum
303 4104 468 4147 Principem
481 4108 649 4141 Dominum
665 4109 698 4141 &
712 4108 964 4150 Consanguineum
974 4112 1112 4146 nostrum
1126 4113 1206 4146 Prae-

1288 187 1761 255 PUBLICA.
2253 237 2335 275 109

1268 287 1469 323 honorandum
1489 293 1663 326 Edwardum
1681 300 1776 336 Regem
1797 300 1928 340 Anglii,
1953 301 2014 339 &a
2039 314 2072 337 ex
2093 305 2175 339 Parte
2194 309 2268 349 uni,
2293 321 2326 342 ac
2346 306 2418 338 Am!
2431 306 2478 340 D:

1269 327 1429 359 recolendae
1442 334 1593 363 memoriae
1603 334 1742 366 Socerum
1757 338 1790 368 ὃ(
1806 338 1916 370 Patrem
1933 342 2062 374 nostrum
2075 345 2245 378 cariffiznum
2262 349 2329 380 Do-

2364 347 2450 384 1480.

1271 366 1383 395 minum
1403 369 1526 399 Carolum
1541 375 1645 402 Ducem
1656 376 1819 412 Burgundiae
1836 387 1870 407 ex
1884 379 1966 409 altera
1983 381 2079 422 Parte,
2096 394 2148 421 pro
2167 385 2205 415 Se
2222 387 2253 416 ὃ(
2276 388 2327 419 suis
2344 386 2412 415 Edv.
2425 396 2456 421 4.

1270 411 1415 448 utrimque
1432 406 1619 453 Haeredibus,
1645 411 1877 454 sacceum-ibus,
1896 416 2017 457 Regnis,
2034 420 2129 453 Patn‘is
2165 422 2309 456 Dominus

1271 440 1415 510 Xaffilhs,
1433 444 1466 474 &
1485 446 1608 477 Subditis
1623 459 1725 481 eorum
1737 454 1893 493 utriusque,
1912 456 1983 486 olim
1998 446 2146 497 caprarum²
2157 462 2191 492 &
2206 450 2328 495 conclu-'

1369 504 1378 518 Ἴ

1308 517 1399 550 Prout
1411 520 1440 549 in
1459 520 1575 561 Literis‚
1592 524 1628 554 de
1641 528 1727 556 Anno
1741 531 1851 558 Domini
1866 530 2022 572 Idillesinto,
2044 535 2308 578 Quadringentesimo
2324 548 2327 550 “

1268 558 1459 602 Septuaggsz‘mo
1481 568 1607 604 quarta,
1637 563 1716 601 super
1744 565 1803 597 hoc
1827 568 1897 599 inter
1917 569 2028 602 diCtum
2040 564 2147 611 ‘'liegem
2167 578 2201 607 &
2224 565 2326 609 Duceni

1270 596 1405 642 expeditis
1427 598 1461 628 ὃς
1482 600 1604 633 ίιςιίῐαῑιε
1632 602 1771 644 (quarum
1795 604 1955 638 Lites-arum
1978 618 2052 640 certa
2083 613 2210 651 Capitula
2235 617 2329 648 diCtus

1268 637 1400 703 ἔζιῑηηιηισ
1416 638 1476 666 Rex
1490 638 1524 668 ὃς
1543 640 1604 668 Nor
1619 639 1742 671 vrctffim
1757 640 2002 677 Confirmavimus
2018 649 2176 686 plenissime
2197 657 2328 687 contine-

1306 696 1429 745 &ertum
1452 713 1626 748 Numerum
1644 715 1848 761 Armatorum,
1865 729 1916 756 pro
1938 722 2092 763 Succurffi,
2109 725 2257 763 Juvamine
2293 734 2328 765 ὃς

1269 748 1459 783 Deffenfione
1470 753 1633 785 nostrarum
1649 755 1826 794 Patriarum,
1847 757 2078 800 Dominiorum,
2094 765 2127 794 &
2141 756 2327 801 Subditoium

1267 789 1453 828 nostrorum,
1478 801 1579 822 contra
1596 794 1631 824 &
1651 794 1778 825 adversus
1799 795 1991 837 Incurfiones,
2016 801 2162 840 Agreffus,
2188 806 2221 835 δε
2244 806 2330 840 Inva-

1268 827 1367 872 siones·
1385 839 1452 867 quas
1471 833 1533 875 Rex
1552 833 1711 862 Ludovicur
1734 834 1870 865 hactenus
1896 836 1964 867 fecit
1988 838 2021 869 &
2044 841 2152 877 intulit,
2179 844 2212 873 &
2235 846 2328 878 adhuc

1268 866 1410 911 actualiter
1430 868 1514 913 facit,
1541 871 1575 901 ὅ(
1597 871 1681 902 infert
1701 871 1801 903 Nobis
1822 874 1857 905 &
1879 873 1994 913 Patriis,
2022 875 2184 917 Dominiis,
2202 882 2234 912 &
2255 884 2328 916 Sub-

1267 904 1332 936 ditis
1356 906 1733 952 nostris-impraesentiarum
1752 934 1762 949 ‚
1788 912 1824 942 ab
1846 912 1952 944 eodem
1975 918 2091 945 Domino
2114 921 2183 955 Rege
2207 926 2330 960 exegeri-

1269 953 1556 990 musffipetterimus,
1583 949 1616 978 &
1636 949 1902 989 imploraverimus,
1929 962 2019 990 quern
2045 954 2217 987 Numerum
2237 960 2328 992 dictus

1267 982 1464 1052 Serentgmus
1477 987 1538 1016 Rex
1564 986 1662 1017 Nobis
1681 997 1732 1026 per
1746 989 1803 1020 suas
1820 989 1927 1021 Literas
1944 991 2073 1024 Patentes
2090 997 2274 1029 concordavit
2296 1001 2330 1031 ὃς

1268 1029 1360 1052 conce
1384 1031 1425 1061 it,

1303 1059 1395 1106 Unde
1416 1070 1451 1092 ex
1474 1063 1624 1094 verisimile
1646 1066 1706 1094 Rex
1730 1066 1887 1096 Ludovicus
1905 1078 1920 1098 a
1935 1069 2112 1106 praestatione
2124 1074 2216 1104 annu-ti
2240 1075 2330 1105 Ouin-

1266 1107 1398 1137 quagmta
1422 1098 1545 1145 Millium
1565 1106 1722 1142 Scutorum,
1740 1114 1828 1141 quam
1852 1106 1901 1143 ipli
1923 1109 1989 1145 Regi
2012 1108 2124 1146 Angliae
2138 1099 2329 1146 facere‘aebet

1267 1138 1302 1167 ὃ(
1325 1138 1471 1183 consuevit
1482 1163 1491 1178 ,
1508 1141 1628 1180 cessare,
1647 1143 1680 1174 &
1697 1143 1784 1180 ipssm
1797 1143 1954 1176 subtrahere
1969 1146 1995 1177 se
2009 1147 2154 1187 disponet,
2173 1151 2207 1181 &
2231 1153 2331 1183 conse-

1267 1185 1385 1212 quenter
1406 1176 1500 1208 dietus
1521 1179 1756 1217 consanguineus
1778 1182 1873 1212 noster
1888 1184 1916 1214 in
1934 1183 2080 1216 Guerram
2098 1196 2198 1220 contra
2217 1190 2330 1222 dietum

1265 1216 1364 1258 Regem
1381 1215 1554 1284 Lrledgfvicum
1572 1220 1679 1251 incidet
1692 1243 1702 1258 ,
1726 1229 1813 1259 quam
1832 1231 1893 1252 non
1916 1222 1973 1254 fine
1996 1227 2108 1263 magnis
2126 1227 2177 1258 suis
2197 1228 2332 1269 Expenfis

1264 1261 1366 1290 exequi
1379 1263 1414 1284 va
1425 1265 1441 1283 e
1465 1264 1500 1292 it,
1777 1272 1780 1276 ·

1304 1293 1410 1322 Notum
1417 1292 1536 1331 faeimus
1553 1296 1633 1333 quod
1647 1296 1716 1327 Nos
1727 1296 1840 1329 dictum
1852 1302 1999 1331 Dominum
2017 1304 2115 1340 Regem
2134 1302 2171 1334 de
2194 1304 2228 1336 ὃς
2251 1305 2331 1344 super

1264 1328 1323 1360 hoc
1336 1333 1549 1374 recompensare
1559 1336 1704 1373 volentes,
1719 1337 1900 1373 promisimus
1914 1341 1947 1370 ὃς
1969 1343 2164 1377 promittimus
2184 1353 2233 1380 per
2252 1344 2330 1376 Prae-

1266 1368 1356 1399 sentes
1373 1369 1474 1414 erdem
1497 1370 1633 1416 Domino
1656 1372 1731 1411 Regi
1753 1375 1834 1410 quod
1849 1398 1859 1414 ‚
1890 1377 1918 1407 in
1943 1387 2081 1410 eventum
2101 1389 2160 1419 quo
2182 1381 2237 1418 ipse
2266 1385 2328 1415 Rex

1264 1408 1420 1438 Ludowcus
1444 1411 1480 1439 ab
1502 1410 1663 1448 hujusmodi
1688 1412 1871 1445 Praestatione
1890 1416 1924 1446 ὅτ,
1946 1416 2097 1449 Solutione
2119 1429 2213 1450 annua
2237 1421 2332 1461 Qin·

1263 1449 1395 1484 quaginta
1411 1447 1522 1478 Milium
1537 1453 1675 1480 scutorum
1691 1451 1855 1491 cessaverit,
1874 1454 1907 1484 &
1922 1454 2010 1492 ipsam
2028 1456 2212 1489 Solutionem
2233 1466 2270 1491 de
2290 1460 2332 1491 fa÷

1265 1484 1316 1514 Cto
1340 1484 1520 1529 subtraxerit,
1538 1487 1684 1527 dic‘tusque
1707 1488 1939 1528 Consanguineus
1960 1493 2057 1524 noster
2072 1496 2101 1526 in
2119 1497 2263 1528 Guerram
2280 1499 2330 1530 ad-

1264 1522 1358 1553 versus
1380 1523 1492 1555 dietum
1513 1528 1610 1562 Regem
1633 1527 1804 1557 Ludovicum
1825 1530 1974 1570 inciderit,
1999 1533 2080 1564 dieto
2105 1534 2242 1566 Domino
2256 1540 2329 1575 -Regi

1265 1561 1401 1607 Angliae,
1412 1563 1541 1608 quolibet
1554 1565 1642 1595 Anno
1652 1588 1662 1604 ,
1678 1565 1745 1596 Vita
1758 1567 1839 1603 iplius
1851 1568 1987 1607 durante,
2003 1571 2158 1604 Summam
2181 1575 2331 1615 Qinqua-

1261 1607 1343 1668 ginta
1355 1599 1467 1632 Milium
1479 1605 1636 1643 staturum,
1654 1604 1689 1635 ad
1703 1604 1790 1636 Duos
1803 1605 1960 1638 Terminos
1973 1609 2119 1647 cuiussibet
2135 1612 2232 1652 Anni,
2252 1615 2332 1646 vide-

1277 1647 1350 1677 icet,

1306 1679 1328 1723 ²¹⁵.
1352 1680 1461 1716 Viginti
1476 1683 1593 1721 quinque
1619 1680 1705 1713 Mlia
1718 1705 1728 1720 ,
1749 1683 1806 1713 una
1830 1692 1901 1714 cum
1923 1686 2006 1715 omni
2028 1695 2065 1717 eo
2085 1687 2164 1725 quod
2188 1689 2224 1720 de
2249 1691 2331 1722 dietis

1266 1715 1478 1756 Quinquaginta
1502 1719 1618 1750 Milibus
1637 1724 1725 1751 Stutir
1745 1723 1897 1761 contigerit
1915 1733 1930 1753 a
1950 1723 2042 1755 Retro
2063 1724 2123 1756 fieri
2149 1727 2245 1758 eidem
2265 1733 2330 1768 Regi

1264 1754 1378 1793 Angliae
1397 1767 1446 1796 per
1468 1757 1582 1789 dictum
1601 1761 1702 1796 Regem
1725 1761 1895 1791 Ludovicum
1918 1772 1977 1792 non
2003 1763 2127 1796 solutum
2143 1790 2152 1803 ,
2185 1766 2254 1796 infra
2277 1768 2332 1800 Sex

1265 1792 1381 1824 Menses
1402 1795 1498 1833 postea
1518 1807 1605 1834 quam
1625 1798 1720 1829 dictus
1745 1801 1805 1828 Rex
1816 1800 1973 1831 Ludovicus
1988 1801 2166 1835 aSolutione
2185 1805 2333 1838 dierorum

1264 1832 1475 1877 Qinquaginta
1490 1835 1603 1866 Milium
1613 1839 1751 1867 Scutorum
1764 1837 1931 1879 ceflaverit,
1948 1841 1981 1871 ὃς
2004 1840 2097 1872 dietus
2114 1845 2249 1874 Dominus
2272 1849 2332 1878 Reos

1263 1881 1294 1902 in
1306 1871 1450 1904 Guerram
1464 1874 1593 1905 adversus
1607 1885 1677 1906 eum
1690 1875 1833 1914 inciderit,

1301 1909 1340 1941 Et
1355 1911 1404 1941 alia
1417 1915 1522 1950 Viginti
1533 1917 1648 1954 quinque
1663 1914 1748 1944 Milia
1762 1916 1834 1946 infra
1849 1915 1917 1946 alios
1931 1916 1986 1946 Sex
2004 1917 2118 1950 Menses
2130 1919 2293 1959 sequentes,

1301 1948 1341 1980 Et
1354 1952 1578 1990 consequenter,
1599 1953 1731 1984 limilibus
1745 1953 1909 1992 Terminis,
1927 1955 1962 1986 de
1977 1956 2108 1988 Anno‘in
2124 1959 2242 1991 Annum
2254 1984 2264 1999 ,
2279 1961 2332 1993 Vi-

1261 1986 1291 2031 ῐᾷ
1306 1987 1430 2032 Domini
1446 1993 1525 2028 Regis
1534 1991 1648 2029 Angliae
1663 1991 1798 2031 durante,
1815 1993 1957 2024 solvemus
1971 1995 2017 2024 seu
2034 1996 2106 2026 solvi
2117 1996 2251 2029 faciemus
2262 1999 2331 2030 fide·

1261 2025 1388 2071 hter,·1n
1403 2027 1530 2059 Civitate
1545 2029 1727 2069 Londoniae,
1744 2032 1793 2068 ipfi
1809 2031 1944 2061 Domino
1959 2036 2025 2071 Regi
2048 2034 2178 2073 Angliae,
2195 2036 2239 2066 seu
2267 2038 2330 2069 De-

1262 2074 1365 2103 putatis
1379 2075 1426 2098 aut
1445 2066 1654 2099 Commiffariis
1670 2070 1723 2099 suis
1738 2069 1920 2108 habentibus,
1938 2072 1967 2100 in
1985 2082 2016 2101 ea
2030 2082 2124 2112 parte,
2144 2074 2252 2105 Literas
2275 2077 2332 2107 suf-

1261 2103 1386 2135 ficientes
1401 2106 1665 2143 Aequietantiarum
1675 2131 1683 2145 ‚
1695 2108 1746 2138 sub
1760 2107 1879 2145 Magno
1894 2109 1983 2148 Regis
1996 2110 2115 2149 Sigillo,
2130 2122 2197 2149 quas
2211 2113 2332 2145 solventi

1260 2143 1305 2174 seu
1324 2143 1507 2175 Solvenribus
1521 2144 1659 2177 Pecunias
1675 2147 1743 2184 ipsas
1756 2148 1924 2178 nominibus
1938 2148 2041 2179 nostris
2055 2152 2244 2183 incontinenti
2257 2161 2333 2184 tem-

1261 2192 1331 2220 pore
1345 2182 1500 2214 Solutionis
1513 2184 1674 2223 hujusmodi
1689 2186 1796 2216 dabunt
1812 2186 1844 2215 ὅ(
1860 2186 2034 2226 liberabunt,

1297 2221 1345 2252 Ad
1363 2231 1450 2258 quam
1467 2222 1583 2260 quidem
1597 2233 1720 2254 annuam
1735 2223 1951 2255 Praestationem
1967 2226 2024 2257 five
2036 2225 2217 2259 solutionem
2238 2229 2334 2262 dieta·

1262 2270 1326 2290 rum
1348 2260 1562 2300 §Quinquaginta
1584 2262 1698 2292 Milium
1721 2265 1876 2301 Sefforam,
1900 2264 1931 2293 in
1949 2264 2042 2296 forma
2064 2266 2223 2305 praemiffii,
2247 2269 2329 2300 disto

1262 2298 1398 2330 Domino
1419 2303 1485 2337 Regi
1506 2299 1618 2338 Angliae
1642 2300 1816 2339 faciendam,
1843 2301 2000 2340 obligamus
2023 2302 2115 2342 NOS,
2137 2304 2275 2337 Haeredec
2294 2308 2330 2339 &

1260 2337 1441 2369 Successores
1454 2338 1567 2368 nostros
1576 2362 1584 2376 ‚
1598 2339 1648 2369 sub
1662 2339 1787 2379 Pignore
1798 2341 1832 2370 ὃς
1848 2340 2022 2380 Ypothequa
2036 2344 2170 2374 omnium
2179 2343 2330 2377 Bonorum

1260 2375 1427 2408 nostrorum
1442 2377 1621 2414 praesentium
1635 2378 1669 2409 ὃς
1681 2379 1864 2415 futurorum,

1298 2414 1501 2446 Promittentes
1518 2416 1649 2454 insuper,
1673 2418 1704 2447 in
1728 2416 1829 2447 Verbo
1852 2417 2039 2457 Principum,
2067 2419 2165 2458 quod,
2190 2431 2246 2460 pro
2268 2431 2330 2454 am-

1260 2454 1344 2492 pliori
1363 2454 1518 2485 Securitate
1544 2454 1734 2494 obligationis
1756 2456 1790 2485 &
1814 2455 2004 2488 Praestationis
2025 2458 2202 2497 hujusmodi,
2220 2460 2330 2493 Literas

1262 2493 1450 2532 Obligatorias
1464 2493 1570 2524 Trium
1584 2494 1714 2525 Statuum
1729 2494 1886 2526 Patriarurn
1899 2496 2060 2527 nostrarum
2078 2496 2234 2538 Flandriae,
2252 2503 2328 2530 Bra-

1260 2532 1380 2570 bantiae,
1402 2530 1579 2570 Hollandiae,
1605 2534 1640 2564 &
1662 2532 1835 2572 Zellandiae,
1861 2533 2031 2565 sufficientes
2052 2535 2086 2566 &
2109 2535 2246 2574 legitimas
2295 2539 2332 2569 fi-

1260 2571 1322 2601 mul
1342 2571 1376 2601 &
1399 2571 1463 2601 alias
1485 2571 1592 2601 nostras
1616 2571 1723 2602 Literas
1745 2572 1934 2612 obligatorias
1957 2584 2007 2611 per
2024 2574 2238 2606 Sanetiffimum
2258 2562 2327 2608 bo-

1261 2610 1373 2639 minum
1393 2608 1525 2640 nostrum
1542 2611 1664 2649 Papam,
1680 2611 1731 2641 sub
1747 2611 1972 2650 quibuscumque
1990 2612 2155 2652 Sententiis,
2179 2613 2329 2654 Censuris,

1260 2648 1295 2678 δε
1312 2647 1429 2686 Poenis,
1448 2648 1482 2678 δε
1500 2648 1551 2679 sub
1569 2648 1667 2678 Poenis
1685 2648 1817 2681 Camerae
1837 2649 2015 2687 Apostolicae
2034 2651 2262 2692 confirmandas,
2278 2654 2330 2684 fie-

1260 2687 1286 2716 ri
1304 2687 1338 2718 &
1354 2686 1479 2725 expediri
1494 2709 1505 2725 ‚
1527 2686 1665 2725 dictoque
1686 2687 1822 2719 Domino
1839 2692 1905 2726 Regi
1930 2689 2043 2727 Angliae
2069 2691 2138 2721 tradi
2161 2693 2195 2722 ὃς
2219 2692 2330 2723 liberari

1260 2726 1415 2764 faciemus,
1429 2726 1502 2756 infra
1520 2725 1607 2757 Duos
1622 2726 1724 2757 Annos
1739 2726 1848 2758 Datam
1861 2725 2048 2760 Praesentium
2061 2730 2194 2767 proxime
2210 2730 2330 2769 sequen-

1260 2772 1308 2795 tea.

1297 2839 1333 2871 In
1354 2842 1435 2880 cujus
1454 2840 1512 2871 Rei
1536 2839 1754 2873 Testimonium
1779 2842 1960 2881 praesentibus
1980 2843 2096 2875 Litteris
2115 2844 2245 2884 Sigillum
2271 2856 2327 2878 no·

1259 2879 1350 2911 strum
1363 2879 1551 2919 apposuimus

1295 2956 1366 2988 Dat.
1384 2958 1415 2987 in
1429 2957 1515 2996 opido
1530 2955 1617 2996 naetslro
1631 2954 1780 2987 Bruxellen
1791 2969 1818 2996 t,
1835 2957 1896 2988 Die
1916 2958 2029 2997 Qiinta
2056 2958 2164 2990 Menfis
2183 2958 2325 2999 Augusti,

1257 2994 1347 3026 Anno
1362 2995 1490 3028 Domini
1505 2995 1678 3034 Miilefimo,
1697 2997 1997 3036 Quadringentesimo,
2017 2997 2230 3037 octuagesimo.

1256 3073 1311 3102 Per
1327 3072 1474 3103 Dominos
1491 3071 1588 3102 Duces
1603 3072 1633 3101 in
1649 3071 1786 3102 Concilio
1802 3082 1918 3111 eorum,
1936 3077 1965 3103 in
1979 3085 2030 3115 quo
2043 3085 2093 3104 vos
2106 3077 2238 3104 Dominus
2256 3073 2321 3106 Co-

1295 3120 1356 3141 mes
1374 3111 1410 3142 de
1433 3111 1559 3148 Chimay
1578 3112 1686 3140 Primm
1699 3110 1907 3141 Charnbellanus
1919 3115 2046 3150 Domini,
2065 3116 2197 3142 Dominus
2211 3111 2320 3144 Comes

1293 3149 1331 3179 de
1345 3148 1496 3180 Vincestre
1508 3148 1592 3178 Miles
1603 3151 1722 3178 Honoris
1737 3153 1878 3189 Dominae,
1895 3154 2028 3181 Dominus
2041 3151 2181 3181 Martinus
2197 3150 2232 3181 de
2249 3150 2320 3182 Pol-

1291 3187 1349 3218 lein
1359 3211 1369 3227 ,
1386 3187 1424 3223 ὠ·
1439 3187 1489 3217 alii
1502 3186 1669 3226 quamplures
1682 3196 1772 3218 erant.

1932 3264 1991 3296 DE
2012 3264 2160 3296 Benna.

1400 3340 1454 3371 Sub
1464 3339 1558 3410 iS‘jgillo
1574 3344 1679 3378 Magno
1694 3345 1815 3381 Ducum,
1834 3346 1908 3372 Cerae
1923 3341 2027 3380 rubrae,
2041 3342 2175 3380 pendente
2188 3353 2207 3372 a
2223 3343 2320 3374 Gauda

1489 3391 1643 3417 ergamenae.

1250 3506 1414 3541 TraHatus
1433 3509 1634 3540 Matrimonii
1649 3511 1725 3539 inter
1739 3504 1904 3552 Philippum
1923 3508 2068 3538 Comitem
2088 3506 2210 3540 Caa'rele
2221 3511 2243 3540 ri
2260 3510 2314 3540 Fi-

1300 3556 1376 3588 lium
1402 3559 1438 3594 ὠ·
1467 3555 1624 3588 Heredem
1641 3556 1863 3588 Maximiliani
1881 3556 1918 3592 (ᾑ-
1943 3556 2058 3589 Maria
2081 3558 2210 3590 Ducum
2236 3557 2319 3588 Bur-

1291 3602 1429 3652 ζξιιηαῖιίιτ,
1453 3607 1489 3642 (9²¹
1511 3608 1639 3638 Annam
1657 3603 1768 3635 Piliam
1784 3604 1883 3649 Regis.

2349 1696 2367 1716 ¹*
2387 1697 2456 1726 XII.

2351 1736 2411 1764 128.

1332 3689 1522 3719 Axinzilianus
1543 3689 1576 3718 &
1600 3690 1714 3725 Maria,
1742 3685 1799 3716 Dei
1822 3686 1925 3726 gratiii,
1951 3686 2051 3719 Duces
2074 3686 2216 3727 Austriae‚
2236 3690 2311 3718 Bur-
2330 3699 2406 3732 Ann-
2419 3700 2462 3734 1)²

1342 3729 1467 3766 guna'iae,
1493 3725 1678 3769 Lotharingiae
1692 3747 1701 3762 ,
1726 3724 1906 3770 Brabantiae,
1933 3727 2114 3765 Limhurgiae,
2139 3727 2312 3771 Lttxembur-
2349 3744 2428 3780 1480

1245 3771 1314 3806 giae,
1332 3770 1365 3798 ὅτ,
1381 3764 1674 3801 Gheldriae,Comites
1692 3762 1850 3802 Flandrtae,
1870 3764 2013 3804 Arthejfii,
2031 3766 2214 3803 Burgundxae,
2236 3764 2316 3797 Pala·
2327 3784 2383 3808 Aa·
2399 3767 2446 3811 ω’.

1249 3808 1300 3836 tini
1326 3808 1481 3841 Hanoniae,
1509 3801 1683 3838 Hollandfae,
1709 3801 1879 3841 Zellandiae,
1905 3805 2055 3841 Namurci,
2073 3804 2106 3833 ὃ(
2125 3802 2292 3841 zutphaniae

2303 3822 2400 3854 >E.4.

1249 3848 1324 3874 Sacri
1343 3855 1374 3873 ue
1392 3844 1501 3880 Imperii
1523 3840 1724 3877 Marchiones‚
1748 3850 1781 3870 ac
1805 3841 1928 3871 Domini
1944 3841 2052 3880 Frisiae,
2074 3840 2250 3881 Salinarum,
2275 3844 2308 3874 &
2331 3860 2367 3883 Ex
2385 3860 2442 3885 Aua

1250 3886 1313 3912 Mec
1334 3882 1425 3919 linia»,
1442 3880 1593 3916 omnibus,
1609 3877 1643 3907 ad
1663 3888 1734 3916 quos
1752 3879 1900 3917 praesentes
1913 3880 2031 3910 Litterae
2048 3881 2244 3919 pervenerint,
2260 3881 2311 3913 Sa—
2328 3903 2392 3932 303,-
2441 3890 2443 3892 ·

1248 3921 1369 3989 luteCmffin
1382 3979 1392 3995 ,
1416 3954 1603 3993 superioribus
1621 3953 1731 3986 Diebus
1746 3978 1756 3993 ,
1784 3966 1837 3994 pro
1856 3955 2025 3986 stabiliendis
2048 3955 2215 3988 Foederibus
2238 3958 2312 3990 inter

1249 3997 1360 4035 Anglize
1370 4019 1380 4034 ,
1394 4004 1427 4024 ex
1440 3993 1511 4030 una,
1524 3992 1702 4031 Austriaeque
1716 3994 1902 4033 Burgundiae,
1919 4003 1954 4024 ex
1966 3994 2048 4024 altera
2064 3995 2165 4034 Parte,
2180 3995 2309 4028 Familias

1248 4037 1280 4068 &
1298 4036 1416 4066 Domos
1427 4055 1436 4070 ,
1454 4033 1536 4062 variis
1551 4031 1686 4062 hincinde
1701 4032 1921 4069 negationibus,
1937 4032 2127 4063 Prolocutum
2142 4035 2175 4066 fit
2188 4034 2225 4066 de
2240 4035 2310 4067 Ma-

1246 4074 1386 4105 trimonio
1406 4073 1476 4100 inter
1497 4068 1699 4100 Praedileeturn
1721 4070 1825 4100 Filium
1851 4070 1981 4101 nostrum
2005 4070 2156 4110 Phililpum
2179 4077 2309 4104 Comitem

1244 4110 1407 4150 Cadrelefii,
1427 4109 1461 4141 &
1474 4107 1687 4141 Illustriffimam
1699 4107 1864 4178 Pgncipem
1882 4109 2047 4144 Dominam
2066 4114 2187 4144 Annam
2208 4112 2308 4181 Filigm

1766 4156 1780 4186 3
2277 4158 2309 4188 et
