2555 4266
734 179 768 226 E
806 186 846 226 T
940 183 972 228 A
1013 180 1052 227 C
1088 181 1128 228 T
1163 183 1201 226 A

17 268 147 310 Anni).
200 268 290 307 Teste
309 274 392 313 Rege
412 270 487 310 apud
508 266 781 312 Wstmonasterium,
800 272 917 305 decimo
938 281 1038 320 quarto
1057 272 1102 302 die
1122 272 1218 303 0610-

40 324 127 355 1491.
164 315 231 346 bris.

20 360 84 384 Hm.
104 364 129 390 7.
847 351 902 379 Per
917 348 1000 388 ipfitm
1013 351 1118 385 Regem.

168 477 263 524 Super
294 478 499 509 Matrimonio
515 503 524 518 ‚
559 479 636 507 inter
667 472 846 507 Arthurum
878 474 1115 518 Primogenirum
1142 474 1227 518 Regis

215 529 253 564 ᾧ·
277 522 494 557 Elimbetham
516 525 629 558 Filiam
651 525 814 569 Qartam
848 523 935 566 Regis
961 518 1084 563 Castellae
1107 530 1226 552 contra-

217 573 321 606 hendo.

22 682 98 715 Anu·
114 679 157 710 D·
171 653 866 735 REjgcgiiinqffid,aguqriil‘iirieigtfiltissiainligsm&
888 691 1100 722 Potentiffimos
1117 692 1228 723 Princi-

52 728 137 758 1491·
172 744 239 774 peS,
258 737 436 766 Pap-nandum
457 739 552 771 Regem
577 730 615 766 ὠ·
635 729 832 760 Elizabetham
856 733 983 768 Reginam
1000 729 1122 774 Castellae
1137 753 1147 768 ,
1169 734 1225 760 Le-

23 765 76 789 An.
90 769 116 794 7·
167 777 270 813 gionis,
287 779 465 812 Aragonum,
481 771 592 806 Sicilia,
611 768 670 803 &c.
689 770 722 800 &
746 768 960 816 Illustrissirnum
985 769 1147 806 Principem
1165 769 1226 816 Jo-

22 804 106 865 {21:¹1²
171 812 290 843 hannem
307 820 396 843 eorum
418 812 640 846 Primogenitom,
658 807 810 846 Haeredes‚
828 807 1067 844 Confoederaros,
1085 811 1116 838 ὅς
1143 807 1226 837 Con-

80 858 87 864 ·
117 844 154 865 '⁷¹'
170 851 332 890 sanguineos
345 850 455 880 nostros
471 846 637 876 Cariffimos
647 869 656 884 ,
673 855 832 884 eorumque
846 845 981 875 Haeredes
998 847 1032 876 &
1047 846 1228 876 Succeffores

170 899 204 919 ex
220 899 320 920 eorum
333 886 512 924 Corporibus
525 885 650 924 legitime
664 894 839 923 procreatos,
858 894 892 914 ex
915 894 985 921 una,
1001 885 1033 915 &
1057 884 1142 922 Nos,
1161 884 1227 915 Illu-

169 927 332 958 striffimum
345 926 508 962 Principem
524 922 683 953 Arthurum
695 922 791 952 Filium
802 922 918 962 nostrum
932 925 1138 960 Primogenitum
1147 946 1156 960 ,
1174 933 1225 953 no-

172 966 297 1004 strosque
312 964 448 994 Haeredes
466 964 499 994 &
519 962 699 993 Succeffores
721 971 753 992 ex
769 961 951 999 Corporibus
969 962 1072 992 nostris
1089 962 1226 1000 legittime

172 1011 333 1040 procreatos
345 1026 355 1040 ,
381 1011 415 1032 ex
437 1001 522 1032 altera
541 1001 668 1031 Partibus
681 1023 691 1037 ,
709 1002 842 1030 nonnulla
865 1000 949 1030 Pacta
965 1023 974 1038 ,
995 999 1228 1037 Conventiones,

172 1041 384 1080 Intelligentiae,
403 1040 436 1071 &
454 1039 576 1070 Foedera
590 1039 642 1070 hiis
655 1040 722 1070 ac‘tis
737 1038 849 1070 Diebus
863 1038 966 1070 fuerint
980 1047 1138 1076 conventa,
1158 1048 1229 1069 con-

171 1079 305 1118 cordata,
322 1078 473 1116 concuffa,
492 1079 526 1110 &
541 1077 690 1122 conclusa,
939 1119 944 1123 η
1152 1118 1156 1123 .

208 1119 228 1138 ²*
247 1117 378 1158 Interque
399 1127 501 1148 caetera
520 1117 581 1147 sunt
601 1114 731 1154 Capitula
744 1139 754 1153 ,
780 1118 989 1145 Matrimonium
1002 1139 1011 1153 ,
1030 1119 1104 1145 inter
1127 1115 1230 1144 dicium

119 1155 127 1164 ⁸
171 1155 374 1195 Dilec‘i‘ifflmiem
387 1159 533 1196 Principem
548 1157 752 1193 Primogenitam
773 1155 890 1196 nostrum
912 1154 1070 1185 Arthurum
1090 1154 1230 1185 PRINcl-

174 1203 246 1227 PEM
264 1196 376 1226 Walliae
388 1197 421 1227 &
443 1194 568 1224 Ducem
588 1192 745 1223 Cornubiae
760 1194 793 1224 δε
813 1191 981 1223 Cosiri-EM
996 1192 1134 1230 Cestriae,
1147 1199 1229 1232 atque

172 1234 368 1274 Serentffimam
394 1236 541 1272 Principem
566 1235 712 1262 Dominam
733 1231 896 1262 Katetinam
922 1231 1052 1274 diciorum
1078 1231 1227 1275 Regis&

173 1273 302 1311 Reginae-
318 1272 449 1304 Castellae
462 1295 472 1309 ,
501 1271 635 1310 Legionis
651 1293 660 1307 ‚
686 1271 851 1310 Aragonum
867 1294 876 1308 ,
898 1269 1000 1299 Siciliae
1012 1293 1022 1306 ,
1049 1270 1110 1300 &c.
1131 1269 1229 1300 F111am

176 1312 337 1350 Quartam,
355 1314 409 1340 Dei
422 1309 535 1349 gratid,
553 1308 608 1338 rite
623 1308 822 1347 celebrandum,
840 1307 878 1344 ὠ,
891 1306 1002 1346 infacie
1015 1307 1138 1347 Ecclefiae
1152 1307 1230 1345 legit-

175 1349 242 1379 time
261 1349 519 1390 Solempnisandum,
534 1354 615 1388 atque
636 1350 736 1377 Dotem
756 1347 794 1382 ὠ·
812 1350 979 1376 Donationes
987 1354 1096 1385 propter
1112 1348 1232 1385 Nuptias·

166 1385 1233 1464 {gffgsg‘gegssgengssfgggff‘(gf1²slgfflfflsssgstgggffg

173 1468 228 1495 Die
254 1437 478 1506 MenfispMartii
492 1489 502 1501 ,
521 1467 608 1493 Anno
630 1466 742 1493 Domini
767 1462 905 1503 Millcfimo
922 1485 931 1499 ,
948 1463 1234 1503 Qadringentefimo,

173 1503 354 1542 Odiuagefimo
370 1505 464 1539 Nono)
482 1502 590 1540 plenius
599 1504 779 1538 continetur,

212 1540 350 1580 Cumque
365 1551 459 1572 tamen
474 1543 500 1570 in
516 1541 598 1571 dietis
615 1541 715 1571 Literis
725 1541 758 1571 &
776 1539 913 1576 Capitulis
929 1539 965 1569 de
979 1539 1100 1578 praefatae
1108 1539 1233 1570 Serenis-

174 1580 254 1611 simae
272 1581 412 1618 Principis
424 1582 586 1615 Katerinae,
603 1578 680 1607 Filiae
694 1579 817 1618 tQuartae
831 1577 1136 1608 Excellentiffimorum
1153 1578 1234 1609 Prin-

173 1620 272 1656 cipum
291 1622 368 1655 Regis
388 1617 426 1654 ὠ
449 1621 555 1655 Reginae
575 1616 698 1655 castelle
713 1640 720 1653 2
739 1619 863 1654 Legionis
879 1639 889 1654 ,
904 1618 1066 1654 Aragonum
1081 1640 1090 1654 ,
1112 1617 1209 1647 Siciliae
1224 1641 1234 1656 ,

174 1656 236 1693 &c.
255 1658 284 1687 in
299 1657 433 1695 Angliam
446 1656 659 1692 Traduc‘tione,
682 1654 859 1684 Vlatrimonii
873 1655 1033 1685 celebrandi
1047 1655 1141 1686 Causfi⁴
1163 1666 1231 1687 cum

173 1695 254 1726 dieto
276 1695 463 1725 Illustriffimo
484 1695 617 1731 Principe
641 1692 772 1723 Arthuro
793 1696 869 1730 Regis
889 1693 1002 1731 Angliae
1031 1695 1208 1732 Primogenito
1223 1719 1233 1733 ,

173 1735 266 1765 nullus
282 1743 375 1765 certus
391 1733 547 1763 Terminus
567 1733 682 1769 precere
698 1731 739 1762 est
753 1732 922 1769 specificatus
944 1733 978 1762 &
993 1731 1108 1763 statutus
1118 1756 1127 1770 ,
1141 1743 1235 1772 neque

173 1782 234 1811 quo
245 1781 325 1803 certo
341 1781 471 1809 ternpore
485 1772 575 1809 prima
601 1769 740 1800 Medietas
764 1770 848 1801 Dotis
871 1770 916 1800 sei
934 1770 1106 1801 Donationis
1116 1782 1231 1811 propter

174 1810 336 1850 hujusmodi
355 1810 480 1847 Nuptias
498 1819 546 1847 per
570 1810 640 1849 iplos
661 1807 800 1848 Castellae,
819 1811 961 1847 Legionis,
975 1812 1152 1848 Aragonum,
1168 1814 1233 1840 Sici-

172 1849 218 1879 liae
231 1874 240 1887 ,
259 1849 318 1885 &c
339 1850 474 1886 Principes
489 1872 497 1884 ‚
518 1847 568 1885 ipfi
593 1849 659 1884 Regi
676 1847 789 1884 Angliae
809 1847 989 1885 persolvenda
1002 1870 1012 1884 ,
1039 1851 1232 1880 numerabitur

175 1889 210 1920 &
229 1888 358 1925 dabitur,
376 1887 410 1917 &
427 1896 461 1916 an
483 1887 591 1924 Qarta
616 1885 677 1929 Pars
699 1885 821 1923 ejusdem
837 1885 922 1929 Dotis
936 1887 964 1915 in
979 1885 1102 1932 Pecunia
1115 1887 1234 1932 Nume-

174 1922 1234 2006 fss‘gsiss‘effisissfissss¹iassisaiiessig¹ffi⁵itffgffsmffifoffi‘isszffififfiissig

174 2003 308 2034 reseratur
326 2004 359 2033 δε
376 2002 478 2040 stetur,
496 2003 525 2031 in
541 2001 641 2032 eisdem
660 2001 759 2031 Literis
775 2002 809 2032 ὅ(
821 2000 958 2039 Capitulis
980 2001 1088 2040 plenius
1105 2005 1235 2035 contine-

175 2050 221 2072 tur

213 2064 284 2110 Ideo
305 2080 396 2118 inter,
423 2078 516 2109 dictos
537 2075 736 2108 Illustriffimos
758 2077 921 2116 Principes,
948 2080 1043 2117 Regem
1067 2079 1180 2119 Angliae
1200 2089 1234 2112 ac

175 2121 273 2156 Regem
287 2117 321 2152 cf>
335 2122 466 2156 Reginam
480 2115 620 2156 Castellae,
640 2119 764 2155 Legionis
774 2141 783 2155 ,
799 2119 960 2155 Aragonum
969 2141 978 2156 ,
996 2117 1034 2152 ὠ·
1050 2119 1146 2149 Sicilie
1156 2117 1231 2157 ,ἐντ-

174 2156 381 2194 Conventum,
399 2155 635 2194 concordatum,
652 2156 685 2187 &
705 2155 884 2186 Conclusum
909 2155 951 2186 est
971 2157 1051 2194 quod
1067 2180 1076 2195 ,
1094 2159 1235 2197 qmmpri-

175 2196 258 2225 mum
275 2196 330 2232 ipse
346 2194 542 2225 Illustriffimus
555 2194 690 2232 Princeps
705 2194 850 2224 Arthurur
873 2194 986 2232 Angliae
1006 2199 1085 2234 Regis
1102 2199 1236 2235 Primoge-

174 2237 249 2264 nitus'
268 2234 352 2264 fuerit
381 2233 526 2270 complete
555 2232 782 2272 Qatuordecim
811 2234 963 2264 Annorum
978 2257 988 2272 ,
1018 2235 1074 2271 ipsa
1101 2235 1236 2275 Princeps

175 2275 297 2303 Domina
309 2275 467 2310 Katerina,
486 2271 620 2309 Expenfis
632 2271 747 2301 suorum
763 2272 934 2309 Parentum,
951 2274 979 2302 in
997 2272 1126 2312 Angliam
1145 2275 1236 2312 (vide-

175 2311 261 2348 licet,
279 2313 308 2341 in
327 2311 418 2342 Portu
442 2309 622 2347 Londoniae,
645 2309 810 2349 Bristolliae,
828 2311 1056 2349 Suthamptoniae
1074 2335 1083 2350 ,
1101 2321 1150 2343 aut
1171 2313 1236 2343 alibi

176 2350 247 2380 infra
269 2350 346 2380 idem
371 2349 512 2387 Regnum
533 2349 582 2379 ubi
599 2348 783 2380 commodius
801 2350 937 2388 applicare
951 2351 1072 2388 poterit)
1089 2350 1237 2383 Traduca-

177 2396 252 2456 ωὲῑ
266 2425 345 2464 quod
359 2425 429 2456 dicti
444 2425 615 2456 serenissimi
628 2425 772 2463 Principes
782 2428 843 2456 Rex
857 2425 896 2461 ὠ·
909 2429 1011 2464 Regina
1023 2427 1163 2467 Castellae,
1181 2431 1238 2458 Le-

171 2467 275 2503 gionis,
294 2468 472 2503 Aragonum,
488 2459 602 2503 Sicilie,
619 2463 680 2499 &a
697 2475 855 2502 eorumque
871 2464 1007 2496 Haeredes
1029 2467 1062 2497 &
1083 2467 1234 2498 Succeffo-

174 2513 235 2541 res,
255 2503 328 2532 infra
350 2504 483 2542 Quatuor
504 2502 577 2533 Dies
597 2513 661 2534 ante
680 2503 726 2533 vel
748 2503 812 2542 post
834 2503 1109 2536 Solemnizationem
1133 2506 1236 2538 Matri-

174 2543 285 2580 monii,
303 2542 374 2571 inter
391 2541 521 2580 praefiatos
535 2541 696 2572 Arthurum
710 2541 749 2576 &
763 2544 928 2572 Katerinam
945 2545 1079 2582 Principes
1101 2544 1235 2575 celebrati

174 2579 370 2611 celebrandive
386 2604 396 2617 ,
411 2584 525 2610 Centum
546 2580 631 2610 Milia
651 2583 789 2610 Scutorum
809 2582 971 2622 (unoquoque
994 2593 1083 2611 eorum
1103 2584 1235 2623 Quatuor

174 2618 276 2649 Solidos·
299 2618 337 2654 ῤ’
360 2621 431 2648 Duos
452 2622 585 2648 Denarios
605 2618 797 2657 Sterlingorum
819 2623 940 2650 Monetae
960 2620 1073 2658 Angliae
1096 2621 1229 2659 valente)

175 2657 284 2688 realiter
298 2657 406 2687 solvent
425 2657 534 2687 solvive
549 2657 667 2695 facient,

209 2696 249 2726 Et
265 2696 475 2737 {Quinquaginta
492 2695 578 2725 Milia
592 2695 741 2735 hujusmodi
761 2699 898 2726 Scotorum
919 2696 988 2727 infra
1010 2708 1099 2728 unum
1120 2700 1154 2730 ὃς
1176 2700 1235 2737 pri-

171 2743 254 2803 }nlum
280 2737 398 2765 Annum
421 2734 527 2764 dic‘tam
547 2735 820 2765 Solemnizationem
836 2736 972 2774 proximo
987 2736 1149 2775 sequentem
1164 2737 1234 2768 Per-

182 2783 201 2802 o
213 2781 281 2803 vent

210 2810 249 2841 Et
260 2795 311 2842 alia
327 2811 538 2852 ¹Quinquaginta
553 2810 640 2841 Milia
655 2815 793 2841 Scotorum
807 2811 877 2842 insta
890 2813 1044 2844 secundum
1058 2814 1176 2845 Annum
1190 2815 1233 2853 ip-

173 2849 230 2879 sam
244 2849 520 2879 Solemnizau'onem
536 2851 672 2886 proximo
689 2850 850 2888 sequentem
871 2850 988 2890 prefato
1011 2855 1076 2890 Regi
1101 2853 1233 2891 Angliae‚

173 2887 268 2926 ejusve
282 2887 430 2925 Deputato
442 2887 488 2918 seu
504 2887 652 2924 Deputatis
667 2887 776 2919 solvent
795 2899 843 2919 aut
860 2889 929 2919 solvi
949 2891 1067 2928 facient,
1085 2893 1114 2921 in
1139 2892 1231 2923 Pecu-

173 2927 221 2957 nia
241 2926 420 2964 Numerata,
437 2934 485 2956 aut
505 2925 584 2956 Vasis
602 2926 648 2956 seu
663 2925 809 2964 Jocalibus
829 2926 930 2957 Aureis
953 2929 987 2959 &
1009 2930 1155 2969 Argenteis
1169 2954 1179 2968 ,
1195 2931 1232 2961 sic

173 2964 254 3001 quod
268 2975 322 2996 una
337 2965 445 3003 quaevis
460 2973 562 2994 eorum
576 2962 674 2995 Uncia
691 2965 854 3002 recipiatur,
871 2966 1029 2997 secundum
1049 2978 1151 2999 verum
1175 2970 1233 3007 ejus

174 3003 327 3041 Valorem,
349 3011 434 3041 prout
453 3003 483 3032 in
509 3003 611 3042 Anglia
635 3011 766 3041 ternpore
784 3003 938 3035 Solutionis
957 3005 1118 3044 hujusmodi
1134 3007 1233 3038 Uncia

171 3042 277 3073 valebit
293 3043 327 3073 &
341 3041 576 3072 AEstimationem
587 3041 718 3079 habebit,

210 3081 309 3118 Quam
324 3080 439 3120 quidem
454 3080 634 3111 Solutionem
653 3080 799 3110 dictorum
820 3081 1002 3112 Ducentorum
1018 3083 1129 3114 Milium
1143 3086 1234 3114 scuto:

170 3129 249 3157 rum,
267 3120 390 3150 nomine
403 3119 490 3150 Dotis
503 3118 550 3149 seu
568 3118 743 3150 Donationis
754 3126 869 3157 propter
885 3120 1025 3159 Nuptias,
1042 3125 1108 3161 Regi
1121 3123 1234 3162 Angli-e

171 3167 203 3188 ut
224 3158 405 3196 praemittimr
424 3157 548 3188 fiendam
561 3179 571 3196 ,
596 3157 646 3196 ipsi
669 3160 730 3187 Rex
747 3157 786 3193 ό»
805 3161 907 3196 Regina
928 3160 1050 3200 Castellae
1063 3184 1072 3199 ,
1090 3164 1229 3201 Legionis,-

171 3201 352 3235 Aragomim,
368 3196 479 3235 Sicilie,
497 3195 557 3231 ἀι.
576 3195 753 3227 Promittunt
765 3197 855 3228 facere
868 3197 903 3228 &
922 3197 1040 3230 fideliter
1059 3200 1228 3239 adimplere,

171 3237 206 3266 &
223 3236 257 3266 ad
276 3235 468 3266 inviolabilem
488 3235 644 3266 Solutionis
663 3235 880 3266 Observantiam
899 3235 937 3266 Se
952 3238 1015 3268 flios
1036 3238 1174 3270 Haeredes
1194 3240 1228 3270 &

170 3274 369 3311 successores,
386 3273 520 3304 subditos
536 3275 571 3305 &
590 3283 691 3304 eorum
713 3273 792 3304 Bona
809 3273 925 3304 firmiter
942 3276 1069 3316 obligant
1083 3278 1116 3308 ὅτ
1129 3278 1227 3308 astrin-

170 3320 242 3351 gunt
257 3311 307 3343 sub
321 3312 423 3347 eisdem
438 3311 541 3343 Modis
554 3313 729 3350 &Formis‚
747 3321 830 3350 prout
841 3313 870 3342 in
885 3313 937 3343 hiis
947 3314 1047 3345 Literis
1059 3317 1093 3347 &
1107 3316 1227 3354 superius

169 3351 310 3388 signantur
322 3349 514 3389 specificatum
529 3351 563 3381 &
575 3360 762 3387 contentum,
779 3352 812 3382 &
824 3352 873 3382 sub
888 3352 991 3382 eisdem
1011 3354 1226 3394 Securitatibus‚

168 3388 373 3429 cautionibus,
390 3390 424 3420 &
440 3388 586 3421 Promissis
599 3399 668 3428 quas
681 3399 734 3428 pro
745 3389 905 3429 hujusmodi
922 3390 1009 3421 Dotis
1028 3392 1176 3424 Solutione
1197 3395 1226 3424 in

165 3427 250 3458 dictis
264 3427 364 3458 Literis
378 3429 510 3466 (quarum
527 3427 603 3459 Data
615 3427 656 3459 est
671 3428 813 3460 Vicefima
826 3429 943 3467 septimii
956 3429 1012 3462 Die
1021 3429 1128 3462 Mensis
1145 3431 1227 3463 Mar-

167 3467 218 3503 tii,
236 3465 323 3497 Anno
345 3465 471 3497 Domini
494 3467 653 3498 Millesiino
667 3489 678 3505 ‚
694 3467 980 3507 Quadringentesimo
993 3492 1003 3508 ,
1023 3469 1226 3511 octuagefimo

166 3504 260 3542 nono)
276 3505 480 3544 promiserunt,
494 3505 643 3545 fecerunt,
660 3507 695 3538 &
706 3507 733 3537 se
749 3507 928 3546 obligarunt,

208 3541 247 3573 Et
265 3542 300 3573 ad
320 3543 491 3574 securiorem
515 3545 549 3576 &
572 3544 731 3575 firmiorem
751 3545 896 3576 diiiiorum
916 3548 1099 3576 Ducentorum
1113 3547 1223 3579 Milium

167 3583 306 3610 Scotorum
328 3581 532 3622 Solutionem,
559 3583 696 3614 Nomine
721 3582 808 3615 Dotis
838 3584 898 3615 seu-
911 3583 1085 3616 Donationis
1109 3597 1223 3627 propter

168 3619 293 3658 Nuptias
315 3621 380 3657 Regi
397 3619 528 3658 Angliae,
545 3628 577 3651 ut
599 3622 628 3651 in
650 3621 704 3652 hiis
723 3622 825 3654 Literis
844 3624 1025 3661 continetur,
1042 3623 1164 3656 fiendam
1185 3627 1219 3657 &

165 3656 368 3688 observandam
383 3680 392 3695 ,
417 3658 451 3688 δε
474 3658 605 3690 Tertiam
626 3659 741 3690 Partem
761 3660 971 3691 Dominiorum
987 3683 997 3698 ,
1029 3661 1196 3695 Castrorum
1212 3689 1221 3703 ,

165 3695 304 3728 Villarum
318 3720 328 3732 ,
346 3696 380 3727 &
403 3694 570 3732 Opidbmm
591 3696 688 3728 Princi

164 3731 240 3774 biae,
257 3737 291 3767 δε
306 3733 472 3766 Comitatus
483 3733 622 3772 Oestriae,
638 3736 762 3773 praei‘atae
774 3736 964 3767 Sereniffimae
987 3737 1113 3777 Principi
1130 3744 1220 3771 Kate-

163 3777 233 3804 n'nae
256 3774 375 3809 nornine
396 3773 454 3810 ejus
475 3771 563 3803 Dotis
581 3774 687 3812 mod0,
704 3775 821 3813 formis,
838 3775 872 3805 &
893 3777 1067 3812 temporibus
1083 3779 1130 3810 assi
1153 3790 1219 3809 nan-

163 3810 230 3843 dam
244 3811 379 3843 Dandam
393 3812 426 3843 δε
441 3809 678 3847 Βέῐιῖκταηάεπι,
696 3812 777 3843 ficuti
793 3814 822 3842 in
835 3813 898 3850 ipfis
914 3813 1010 3844 Literis
1030 3816 1116 3848 distae
1164 3820 1222 3848 ice-

166 3848 245 3881 snnae
266 3851 392 3887 leptimae
412 3849 480 3880 Diei
504 3848 612 3879 Mensis
637 3848 735 3880 Martii
749 3850 859 3887 plenius
875 3853 1054 3891 continetur,
1070 3855 1141 3886 inter
1164 3856 1221 3886 Ex-

167 3888 378 3920 cellentiffimos
389 3887 533 3925 Principes
547 3890 644 3926 Regem
657 3886 696 3922 ό-
711 3890 842 3926 Reginam
862 3894 885 3919 C
925 3889 1001 3929 elle,
1018 3894 1158 3930 Legionis,
1174 3897 1221 3924 Α.

167 3931 311 3966 ragonbcm,
328 3927 438 3965 Siciliae,
455 3925 514 3960 &c.
536 3927 569 3957 &
593 3929 689 3963 Regem
709 3926 822 3964 Angliae
835 3927 877 3957 est
938 3930 1124 3971 neumatum,
1137 3931 1221 3964 Con-

163 3972 302 4002 ventum,
317 3967 351 3997 &
373 3965 550 3996 conclusum
571 3964 653 4002 quod
674 3964 817 4002 praedictae
837 3965 1062 4007 Promiffionoe,
1085 3970 1223 4003 Sec-urim-

164 4011 222 4041 ωε,
238 4003 272 4033 &
287 4003 461 4042 cautiones,
476 4013 539 4042 quae
550 4005 579 4032 in
593 4002 733 4049 praediffis
750 4003 850 4034 Literis
873 4006 883 4040 (
907 4015 1004 4036 uarum
1026 4006 1101 4039 Data
1117 4010 1176 4049 est,
1192 4018 1223 4041 ut

166 4041 366 4080 supradicitnr,
380 4042 526 4074 Vicefima
540 4041 656 4078 septima
672 4040 732 4072 Die
746 4041 853 4072 Mensis
920 4042 982 4082 rtii,
1002 4044 1091 4076 Anno
1111 4044 1220 4079 Domi-

165 4082 197 4111 ni
220 4079 377 4111 Millesimo
389 4101 401 4119 ,
423 4080 711 4120 Quadringentesimo
726 4103 737 4118 ‚
762 4081 966 4120 Ostuagefimo
989 4084 1088 4120 nono)
1111 4086 1220 4124 plenius

1254 271 1478 317 continetur,nin
1495 276 1577 306 omni
1598 277 1647 321 suo
1668 277 1807 318 Robore,
1825 281 1845 300 *
1861 280 1986 321 Vigore,
2004 276 2038 315 8(
2059 274 2175 315 Effectu
2191 294 2302 324 perma-
2318 287 2392 318 Anti.
2406 278 2448 320 fi:

1251 318 1354 353 neant,
1374 320 1406 340 ac
1421 315 1449 342 ui
1464 323 1482 342 n
1498 315 1677 361 praesentibus
1695 316 1794 348 Literis
1807 318 1957 356 specialiter
1975 324 2098 359 repetitae
2110 324 2237 361 fuissent,
2338 334 2424 365 1491.=

1256 385 1262 391 ·
1293 347 1530 388 Qibuscumque
1555 353 1822 395 conventionibus,
1840 359 1979 389 contentis
1999 362 2027 390 in
2048 362 2165 400 praesatis
2188 363 2304 401 Literis,
2320 369 2371 391 Heu
2398 376 2426 399 7.

1253 393 1329 454 {figi}
1349 395 1414 424 eos,
1431 396 1462 417 ut
1481 391 1642 430 praefertur,
1659 393 1815 434 confec‘tis,
1833 405 1879 428 aut
1899 398 2033 435 aliquibus
2048 400 2103 430 aliis
2115 409 2175 431 non
2191 401 2305 431 obstan·
2323 407 2331 417 “
2353 405 2420 432 xu.

1331 446 1337 452 .
2343 444 2387 469 6².

1280 460 1403 507 ITEM,
1422 463 1494 493 inter
1512 464 1603 510 dietus
1625 468 1737 505 Angliae
1761 469 1799 505 ὀ·
1815 471 1954 512 castella,
1971 476 2107 514 Legionis,
2126 479 2307 515 Aragonum‚
2322 451 2339 477 4

1256 499 1352 529 Siciliae
1367 524 1376 538 ‚
1395 500 1454 548 &c-
1478 504 1612 541 Prmcipes
1631 506 1846 547 Qoncordatum
1861 534 1870 546 ,
1888 511 2075 543 Conventum
2091 539 2099 552 ,
2116 515 2149 545 ἃ
2174 515 2307 546 Conclu-

1257 538 1320 568 sum
1336 538 1377 568 est
1390 539 1491 583 quod,
1529 550 1557 584 et
1574 547 1724 585 'praelentoe
1749 545 1992 587 modificationes,
2011 550 2241 590 Declarationes,
2261 552 2309 583 In-

1257 584 1483 616 terpretationes,
1532 589 1716 623 imitationes,
1732 583 1915 623 Additione»,
1935 589 2011 618 nullo
2033 591 2116 625 pacto
2138 601 2185 622 aut
2207 593 2309 631 aliquas

1258 615 1512 662 tenus-‘derogetur
1532 619 1672 662 prioribus
1696 620 1794 662 Literis
1814 624 1850 652 de
1872 624 1943 655 Data
1958 627 2106 658 Vicelimae
2122 628 2185 660 Diei
2203 628 2310 662 Mentis

1261 653 1361 698 Martii
1374 655 1524 693 anredustr,
1542 656 1694 700 dequibus
1709 662 1786 695 supra
1800 659 1830 690 fit
1850 665 1974 702 mentio,
1992 675 2082 703 neque
2101 667 2233 705 aliquibus
2255 669 2311 699 Ar-

1259 692 1348 734 ticulis
1366 702 1412 724 aut
1427 693 1565 731 Capitulis
1579 696 1689 726 inclusis
1702 697 1730 725 in
1746 697 1848 727 eisdem
1860 721 1869 735 ,
1888 709 2070 741 praeterquam
2086 704 2114 733 in
2130 708 2262 737 omnibus
2277 709 2311 739 &

1260 731 1370 769 nugulis
1383 733 1412 761 in
1426 732 1476 762 hiis
1495 733 1591 763 Literis
1604 733 1784 772 specificans,
1800 735 1837 765 set
1853 737 1880 765 in
1896 741 2029 770 omnibus
2042 743 2099 771 aliis
2116 744 2148 773 δε
2174 754 2222 781 per
2245 755 2313 775 om-

1259 769 1500 838 nligistiapsaebLiterae
1513 771 1624 803 stabunt
1637 774 1666 803 in
1681 773 1731 804 suo
1745 773 1867 804 Robore
1879 775 1912 806 δε
1927 775 2059 817 Εόεᾶυ,
2076 780 2126 810 hiis
2140 781 2240 813 Literis
2253 793 2313 814 non

1256 817 1276 838 o
1339 817 1380 839 nti
1402 819 1441 840 us.

1298 885 1390 924 Qe
1407 893 1524 917 oum».
1544 895 1589 917 ετ
1609 896 1758 919 siricum
1779 888 1959 922 PRAEMtssA
1975 914 1985 930 ,
2003 902 2135 931 quatenus
2155 894 2222 925 Nos
2241 906 2313 927 con-

1260 932 1381 955 cernunt
1399 925 1432 955 &
1449 927 1602 964 attingunt,
1620 926 1688 957 Nos
1703 930 1835 958 Henricur
1850 931 1910 958 Rex
1925 930 2038 968 Angliae
2061 931 2098 965 &
2120 935 2255 972 Frmca‘ae,
2275 934 2313 969 &-

1262 964 1394 992 Dominus
1412 964 1550 994 Hiberniae
1570 963 1785 1005 Promittimus,
1799 968 1831 998 &
1846 967 1932 1006 Nos,
1949 969 2025 1000 boni
2041 969 2110 1000 Fide
2126 971 2159 1001 &
2174 973 2201 1000 in
2219 971 2315 1003 Verbo

1263 999 1361 1040 Regio
1374 1026 1384 1039 ‚
1409 1004 1488 1033 taffis
1507 1012 1556 1040 per
1574 1002 1644 1034 Nos
1662 1004 1808 1042 superinde
1830 1005 2015 1038 Sacrosanc'iis
2037 1008 2214 1047 Evangeliis,
2233 1011 2317 1041 Obli-

1261 1047 1362 1078 gamus
1373 1041 1407 1071 &
1422 1040 1631 1081 Astringirnus,
1650 1042 1714 1073 Nos
1725 1043 1856 1082 Tenere,
1873 1045 2047 1083 Observare,
2065 1048 2098 1078 &
2113 1048 2293 1085 Perimplere.

1299 1077 1332 1106 In
1349 1088 1471 1123 quorum
1486 1081 1618 1110 omnium
1633 1081 1666 1112 &
1678 1081 1855 1119 singulorum
1868 1083 1971 1115 Fidem
1984 1087 2017 1116 &
2029 1085 2248 1116 Testimonium
2268 1088 2317 1117 hiis
2372 1082 2383 1093 '

1262 1114 1445 1148 Praesentibus
1459 1142 1468 1155 ‚
1494 1117 1586 1161 Manu
1609 1120 1721 1158 propria
1743 1120 1896 1159 subscriptis
1910 1146 1920 1161 ,
1945 1122 2088 1163 Magnum
2109 1123 2243 1162 Sigillum
2266 1136 2321 1156 no—

1263 1153 1352 1185 strum
1365 1158 1469 1194 apponi
1483 1156 1609 1187 fecimus.

1265 1233 1368 1303 briga*
1382 1236 1443 1267 &c.
1457 1237 1530 1276 apud
1541 1238 1812 1279 Wstmonasterium,
1830 1241 1967 1273 vicefitno
1981 1241 2105 1274 secundo
2119 1243 2165 1274 die
2181 1244 2320 1277 Novem⁴

1941 1320 1996 1348 Per
2012 1318 2096 1359 ipfiim
2112 1323 2217 1359 Regem.

1290 1444 1384 1487 Super
1405 1440 1482 1474 Bello
1495 1466 1505 1484 ‚
1530 1452 1632 1474 contra
1654 1444 1762 1489 Regem
1786 1446 1916 1476 I-'ranciae
1931 1455 1987 1489 per
2011 1448 2097 1492 Reges
2119 1447 2236 1494 Angliae
2255 1452 2294 1488 ά·

1636 1491 1759 1534 Castellae
1783 1491 1945 1526 indicendo.

1271 1573 1390 1631 REX
1407 1575 1559 1613 omnibus,
1578 1574 1613 1606 ad
1627 1585 1717 1613 qum,
1737 1576 1796 1607 &c.
1815 1577 1948 1608 Salutem.

1367 1613 1467 1645 Sciatis
1486 1615 1584 1652 quod,
2370 1639 2455 1668 1491·

1305 1650 1386 1682 Cum
1403 1653 1489 1683 inter.
1512 1652 1667 1683 Altiffimos
1684 1653 1717 1683 &
1733 1652 1948 1685 Potentisfimos
1965 1653 2108 1693 Principes
2120 1679 2130 1694 ,
2155 1658 2324 1688 Femandum
2343 1673 2396 1696 An.
2411 1680 2438 1705 7,

1271 1691 1367 1726 Regem
1388 1689 1426 1726 &
1450 1690 1648 1721 Elizabetham
1670 1694 1799 1729 Reginam
1823 1692 1963 1732 Castellae,
1980 1696 2126 1733 Legionis,
2148 1698 2324 1735 Aragonum,
2344 1711 2378 1734 H,
2397 1718 2410 1742 7

1271 1728 1384 1767 Siciliae‚
1399 1728 1461 1765 ὠς.
1479 1731 1512 1760 &
1531 1730 1746 1761 illustrissimum
1763 1730 1924 1769 Principem
1939 1732 2099 1770 Johannem
2118 1745 2208 1764 eorum
2224 1737 2327 1765 Primo-
2344 1730 2432 1774 pan}-
2447 1748 2475 1780 7„-

1266 1771 1402 1805 genitum,
1422 1769 1456 1799 &
1471 1778 1573 1799 eorum
1589 1768 1813 1800 Confoederatos
1824 1771 1858 1801 ὃς
1876 1769 2110 1808 consanguineos
2131 1772 2245 1803 nostros
2271 1773 2330 1804 Ca·
2348 1789 2381 1812 H.
2397 1794 2423 1820 7,
2436 1792 2471 1812 m,

1270 1805 1406 1844 risfimos,
1421 1816 1580 1845 eorumque
1594 1807 1732 1838 Haeredes
1747 1807 1780 1838 &
1797 1807 1975 1839 Successore
1991 1819 2024 1840 ex
2037 1820 2138 1841 eorum
2152 1811 2330 1849 Corporibus
2348 1823 2394 1850 Ζ6,

1270 1844 1400 1881 legitime
1416 1855 1596 1884 procreatos,
1618 1855 1652 1876 ex
1670 1856 1725 1876 una
1739 1869 1749 1883 ,
1768 1847 1802 1877 ὃς
1821 1848 1880 1876 Nor
1899 1848 1931 1878 δε
1948 1847 2164 1881 Illustrissimum
2182 1852 2330 1890 Principem

1269 1883 1431 1913 Arthurum
1455 1883 1552 1914 filium
1575 1883 1691 1924 nostrum
1714 1886 1921 1922 Primogenitum
1951 1886 2118 1926 nostrosque
2137 1888 2275 1919 Haeredes
2294 1891 2329 1920 &

1270 1922 1448 1953 Successores
1466 1932 1499 1953 ex
1517 1923 1693 1960 Corporibus
1711 1923 1812 1954 nostris
1829 1925 1953 1963 legitime
1971 1935 2132 1962 procreatos
2148 1949 2158 1965 ‚
2183 1936 2216 1957 ex
2242 1928 2326 1960 altera

1270 1960 1412 1998 Partibus,
1430 1961 1567 1991 nonnulla
1584 1961 1668 1992 Pana
1683 1984 1693 1999 ,
1713 1961 1928 1994 Conventiones
1945 1986 1954 2002 ,
1969 1963 2162 2002 intelligentiae
2177 1989 2186 2003 ,
2203 1966 2237 1996 &
2259 1966 2328 1998 Foe-

1271 1999 1338 2030 dera
1349 1999 1408 2068 ¹hisins
1425 1999 1493 2031 affls
1510 1999 1622 2030 Diebus
1638 2001 1741 2031 fuerint
1759 2003 1944 2040 concordata,
1964 2012 2122 2042 conventa,
2137 2003 2282 2044 percuffiz,
2295 2007 2330 2037 δὲ

1271 2047 1348 2069 conc
1360 2049 1376 2068 u

1310 2075 1388 2108 Inter
1406 2060 1470 2114 ‹3311ae
1487 2085 1562 2108 certa
1584 2077 1645 2107 sunt
1669 2075 1799 2117 Capitula
1812 2101 1822 2116 ,
1848 2076 1955 2108 Bellum
1973 2087 2022 2117 per
2049 2080 2149 2109 difflum
2168 2079 2332 2120 Confizngui-

1273 2126 1352 2146 neum
1374 2115 1490 2190 rig-rum
1514 2114 1660 2153 Castellae,
1678 2117 1829 2154 Legionis,
1848 2117 2034 2156 Aragonum,
2049 2119 2169 2156 Siciliae,
2186 2121 2248 2150 &c.
2269 2121 2331 2151 Re-

1271 2163 1338 2192 gem
1352 2177 1362 2192 ,
1450 2153 1518 2186 Nos
1542 2162 1636 2184 contra
1662 2153 1814 2185 Gallorum
1836 2154 1998 2193 Principem
2026 2156 2165 2187 Carolum
2187 2157 2215 2196 fi·
2235 2161 2331 2196 Regem

1273 2194 1397 2222 Franciae
1416 2196 1598 2223 nominantem
1611 2218 1620 2230 ,
1644 2192 1749 2234 ejusque
1771 2194 1899 2223 Haeredes
1920 2194 1958 2229 όν
1985 2194 2137 2234 Succeffivres
2157 2197 2331 2227 Indicendum

1273 2231 1383 2261 realiter
1402 2232 1547 2270 Agendum
1571 2233 1789 2262 Continuandum
1814 2237 1956 2269 tangentia
1971 2256 1980 2270 ,
1997 2244 2079 2271 prout
2097 2235 2125 2264 in
2149 2234 2246 2266 Literis
2262 2237 2328 2266 inde

1275 2270 1418 2301 confectis
1436 2274 1568 2309 (quarum
1586 2270 1661 2300 Data
1679 2269 1721 2300 est
1738 2269 1878 2301 Vicesima
1896 2272 2011 2308 septima
2037 2271 2095 2304 Die
2121 2272 2241 2312 Martii,
2269 2275 2333 2305 An-·

1274 2319 1314 2339 no
1331 2308 1455 2339 Domini
1471 2308 1626 2339 Millesimo
1643 2333 1653 2346 ,
1679 2308 1965 2348 Qiadringentefimo
1978 2334 1988 2349 ,
2013 2311 2217 2350 oauagefirno
2234 2313 2329 2351 nono)

1276 2347 1384 2385 plenius
1402 2348 1581 2385 continetur,

1314 2385 1450 2424 Cumque
1471 2395 1564 2416 tamen
1582 2386 1610 2415 in
1631 2385 1713 2416 diois
1739 2385 1875 2423 Capitulis
1899 2387 1990 2417 nullus
2011 2396 2102 2418 certus
2113 2387 2270 2420 Terminus
2283 2397 2332 2421 aut

1276 2422 1385 2455 Modus
1401 2424 1570 2462 specificatus
1584 2423 1625 2454 est
1641 2425 1794 2461 (videlicet)
1811 2435 1872 2463 quo
1883 2434 2013 2463 tempore
2032 2427 2066 2456 ὃς
2087 2436 2146 2465 quo
2163 2428 2255 2458 modo
2277 2428 2332 2458 hu-

1269 2463 1391 2501 jusmodi
1409 2463 1536 2501 Bellum,
1548 2472 1599 2501 per
1612 2466 1672 2492 Nos
1685 2464 1718 2493 &
1731 2463 1843 2493 dictum
1859 2462 2110 2502 Consanguineum
2124 2465 2254 2496 nostrum
2277 2469 2333 2496 Ca·-

1265 2501 1370 2542 stellae,
1392 2505 1532 2540 Legionis,
1549 2504 1728 2540 Aragonum,
1744 2501 1840 2531 Sicilire
1853 2525 1863 2538 ,
1880 2502 1940 2537 &c.
1963 2506 2076 2541 Regem,
2094 2512 2192 2534 contra
2217 2504 2329 2536 ἀίἃιιῐῐι

1274 2540 1423 2571 Gallorum
1439 2541 1601 2579 Principem
1615 2540 1724 2576 Indici,
1743 2540 1814 2579 Agi‚
1832 2540 1866 2572 &
1883 2540 2053 2572 Continuari
2066 2542 2183 2580 debeat,

1309 2578 1400 2615 Igitur
1421 2581 1493 2610 inter
1516 2579 1609 2610 dicfkos
1636 2578 1832 2609 Illustriffimos
1855 2578 2000 2617 Principes
2023 2583 2117 2617 Regem
2140 2580 2178 2616 ὠ-
2199 2582 2330 2618 Reginam

1275 2617 1397 2657 Castellae
1411 2642 1420 2655 ,
1435 2621 1560 2656 Legionis
1577 2641 1586 2654 ,
1604 2621 1767 2654 Aragonum
1781 2633 1792 2655 ,-
1807 2616 1903 2647 Siciliae
1916 2641 1925 2656 ,
1941 2617 2001 2653 &a
2021 2618 2256 2658 (knsanguineos
2279 2630 2332 2650 no-

1273 2656 1345 2686 stros
1364 2656 1530 2687 Carissimos
1546 2678 1555 2694 ,
1569 2657 1602 2687 ὃς
1620 2657 1679 2685 Nos
1701 2655 1919 2686 concordatum
1936 2678 1946 2693 ,
1965 2657 2152 2688 Con-sentum
2167 2680 2176 2695 ,
2198 2660 2231 2689 &
2250 2657 2333 2688 Con-

1271 2695 1379 2725 clusum
1395 2695 1453 2733 est,
1473 2695 1563 2726 modo
1578 2696 1612 2726 &
1623 2694 1732 2733 formii,
1750 2703 1836 2733 prout
1853 2695 1882 2724 in
1905 2694 2082 2732 sequentibus
2103 2696 2213 2734 plenius
2236 2699 2330 2728 conti-

1269 2743 1368 2772 netur,

2338 1589 2414 1621 Ann.
2431 1587 2473 1622 D.

1308 2815 1346 2846 ΙΝ
1368 2823 1487 2847 PRIMIS
1510 2813 1589 2853 quod
1603 2836 1613 2852 ,
1640 2813 1709 2844 cum
1737 2813 1866 2851 praefarus
1888 2812 1997 2843 Carolus
2017 2813 2157 2844 Gallorum
2181 2817 2327 2854 Princeps,

1271 2856 1350 2885 nullo
1370 2855 1443 2892 Juris
1465 2853 1577 2884 Ordine
1590 2875 1599 2889 ,
1622 2852 1667 2882 sed
1689 2851 1745 2882 solii
1771 2854 1828 2889 ejus
1846 2852 1977 2882 Potentia
1991 2875 2001 2890 ,
2020 2862 2120 2883 omnes
2141 2854 2189 2883 sibi
2207 2854 2326 2884 Vicinos

1271 2893 1416 2931 Principes
1434 2893 1561 2923 maximis
1577 2890 1683 2929 Injuriis
1702 2889 1845 2927 affecerit,
1861 2890 1995 2928 plurimos
2013 2891 2265 2930 exhaereditaverit,
2282 2901 2325 2923 at·

1270 2942 1327 2970 que
1345 2931 1595 2961 illustrisfimorum
1618 2928 1783 2966 Principum
1804 2932 1998 2965 Romanorum,
2017 2928 2141 2970 Castellae
2155 2953 2165 2967 ,
2183 2932 2324 2969 Legionis,

1270 2968 1561 3009 Aragonum,-Siciliae
1574 2992 1583 3004 ,
1601 2966 1661 3003 &a
1686 2968 1720 2998 &
1743 2966 1899 3004 Anglorum
1917 2969 2018 3004 Regum
2034 2989 2044 3005 ,
2064 2978 2179 2998 necnon
2199 2969 2323 3000 Serenis-

1270 3009 1348 3039 fimae
1365 3008 1501 3047 Principis
1516 3010 1673 3036 Britannice
1688 3004 1802 3044 Duciffie
1811 3030 1820 3043 ‚
1839 3013 2066 3044 caeterorumque
2079 3006 2243 3045 Principum
2256 3007 2325 3046 Jura

1269 3049 1398 3086 nequiter
1413 3055 1478 3077 ante
1494 3046 1545 3076 hac
1562 3045 1747 3082 usurpaverit,

1309 3087 1395 3124 Igitur
1409 3086 1481 3115 inter
1494 3083 1691 3114 illustrissimos
1708 3081 1853 3121 Principes
1871 3084 1966 3118 Regem
1985 3080 2023 3117 (ξφ
2043 3086 2172 3121 Reginam
2184 3076 2322 3123 castelle,

1268 3128 1410 3163 Legionis,
1427 3127 1589 3161 Aragonum
1601 3144 1611 3160 ,
1628 3120 1726 3151 Siciliae
1742 3142 1751 3158 ,
1770 3119 1830 3155 &a
1855 3120 2015 3161 Angliaeque
2035 3125 2132 3159 Regem
2155 3123 2315 3154 antedictos

1268 3163 1456 3195 Conventum
1472 3186 1482 3199 ,
1502 3160 1722 3191 Concordatum
1735 3182 1745 3197 ,
1763 3160 1796 3190 δε
1815 3157 1993 3189 Conclusum
2016 3159 2057 3189 est
2069 3183 2079 3198 ,
2099 3161 2179 3198 quod
2201 3170 2319 3199 uterque

1267 3203 1449 3241 praefatorum
1458 3199 1598 3241 Castellae,
1615 3201 1755 3237 Legionis,
1774 3199 1936 3235 Aragowm
1946 3220 1954 3235 ‚
1972 3197 2064 3228 Sicilire
2081 3221 2091 3236 ,
2109 3198 2169 3234 ὡς.
2186 3199 2317 3237 Angliae-

1262 3251 1312 3278 que
1332 3244 1446 3278 Regum,
1464 3248 1563 3270 contra
1584 3238 1693 3268 distum
1717 3236 1840 3266 carolum
1861 3236 2001 3266 Gallorum
2023 3239 2188 3275 Principe-m,
2207 3239 2275 3268 citra
2295 3238 2314 3257 ²¹¹
2328 3255 2347 3275 ate
2369 3259 2427 3287 Ἧι

1266 3278 1554 3316 Quintumdecimum
1569 3276 1658 3306 Diem
1676 3275 1784 3305 Menfis
1795 3275 1896 3310 Aprilis
1917 3276 2050 3312 proximo
2067 3274 2228 3313 sequentem
2254 3276 2315 3307 Bel·
2348 3276 2380 3324 6:
2430 3280 2439 3295 ¹

1263 3318 1323 3348 lum
1339 3318 1453 3356 publice
1467 3315 1596 3353 indicet,
1609 3315 1693 3353 seque
1705 3313 1786 3351 ipsius
1803 3312 1928 3343 Hostem
1944 3323 1992 3351 per
2012 3313 2116 3343 Literas
2123 3313 2316 3354 Diffidentiae,
2327 3306 2346 3331 4
2369 3317 2395 3333 ³·

1263 3357 1296 3387 &
1319 3357 1442 3396 publicas
1462 3355 1699 3385 Proclamationes
1723 3351 1883 3382 Declarabit
1899 3373 1909 3389 ,
1930 3358 2013 3389 atque
2038 3351 2170 3390 Regnum
2190 3353 2315 3385 Franciae

1263 3394 1308 3426 vel
1330 3395 1452 3432 Terras,
1470 3403 1547 3423 nunc
1573 3402 1621 3430 per
1644 3391 1744 3420 dicium
1763 3387 1888 3420 carolum
1903 3399 2053 3427 occupatas
2068 3392 2100 3421 ὃς
2115 3391 2268 3429 usurpataS,
2284 3393 2313 3423 in

1262 3435 1372 3474 propria
1394 3433 1438 3463 sua
1458 3432 1596 3468 Persona,
1614 3430 1665 3460 suis
1690 3429 1808 3467 propriis
1828 3427 1960 3465 Expenlis
1973 3451 1982 3466 ,
2000 3429 2070 3458 citra
2093 3429 2315 3467 Quintumdeci-

1262 3483 1343 3504 mum
1363 3472 1451 3502 Diem
1473 3470 1580 3501 Mensis
1606 3468 1694 3504 Maii,
1711 3477 1756 3498 aut
1774 3465 1808 3496 ad
1831 3466 1975 3496 summum
1993 3468 2061 3496 citra
2085 3467 2312 3506 Qiintumdeci-

1260 3521 1342 3542 rnum
1360 3510 1449 3541 Diem
1473 3508 1581 3540 Mensis
1602 3507 1679 3546 Junii
1698 3505 1829 3543 proximo
1853 3504 1994 3542 sequentes
2008 3527 2017 3542 ,
2035 3504 2148 3544 ingredi
2170 3514 2309 3545 tenentur,

1259 3558 1332 3580 tanta
1344 3559 1411 3580 cum
1431 3548 1560 3579 Potentia
1574 3557 1628 3585 qua
1644 3555 1690 3583 per
1705 3544 1730 3574 se
1744 3544 1812 3573 inibi
1826 3541 1923 3586 C³stJ³
1939 3544 2036 3573 metari
2051 3544 2084 3574 ὃς
2096 3543 2242 3583 Campum
2260 3556 2308 3584 per

1257 3589 1284 3619 se
1299 3588 1429 3618 sustinere
1439 3609 1448 3624 ,
1466 3585 1579 3615 suorum
1594 3583 1732 3613 Hostium
1749 3581 1860 3619 injurias
1873 3581 1986 3611 Viribus
2002 3583 2120 3620 propriis
2135 3584 2310 3621 propulsare,

1257 3628 1289 3658 &
1312 3627 1356 3657 sua
1377 3626 1443 3664 Jura
1465 3624 1557 3654 Manu
1582 3622 1646 3652 forti
1666 3644 1674 3657 ,
1695 3620 1749 3650 Dei
1768 3619 1855 3658 gratia
1868 3642 1877 3656 ,
1892 3629 2054 3657 recuperare
2073 3621 2179 3661 valeat,
2197 3622 2307 3653 Bellum

1256 3674 1356 3697 contra
1369 3663 1478 3693 eundem
1494 3660 1619 3691 Carolum
1633 3657 1772 3688 Gallorum
1781 3660 1928 3701 Principem
1942 3659 2050 3689 realiter
2066 3661 2099 3691 δε
2115 3670 2184 3691 curn
2198 3660 2304 3692 effedtu

690 3697 769 3735 patus
791 3699 905 3729 Walliae
920 3721 930 3736 ,
948 3698 1079 3731 Ducarfis
1102 3702 1220 3733 Cornu-
1252 3704 1376 3741 Agendo
1409 3703 1442 3733 ἃ
1457 3709 1563 3738 quanto
1577 3698 1691 3728 validius
1705 3697 1805 3733 poterit
1824 3698 1961 3727 continue
1975 3699 2197 3737 progrediendo,
2214 3700 2304 3736 ipsum

1255 3752 1355 3773 eorum
1380 3725 1505 3771 i-lostem
1527 3744 1734 3772 communem,
1752 3744 1800 3771 per
1822 3735 1942 3765 Terram
1962 3737 1996 3766 &
2011 3736 2108 3774 Mare,
2129 3737 2235 3767 Bellicis
2249 3736 2304 3767 Ar-·

1254 3782 1325 3817 mis,
1344 3790 1396 3816 pro
1411 3779 1467 3816 ejus
1482 3776 1608 3812 Viribus,
1628 3772 1774 3810 infestam,
1792 3773 1825 3803 &
1847 3773 1928 3813 quod
1947 3777 2052 3817 Neuter
2073 3775 2184 3815 ipsorum
2205 3778 2306 3814 Regum

1255 3820 1291 3849 ab
1311 3816 1467 3856 hujusmodi
1493 3814 1588 3850 Bello,
1608 3813 1645 3842 fic
1667 3821 1716 3849 per
1737 3817 1786 3842 eos
1809 3813 1943 3849 incepto,
1964 3815 2022 3843 ime
2047 3813 2174 3851 expresso
2197 3815 2307 3846 alterius

1257 3857 1420 3891 Consensu,
1437 3851 1512 3892 infra
1525 3855 1600 3882 Duos
1621 3854 1720 3880 Annos
1739 3859 1839 3881 eorum
1861 3852 1898 3881 sic
1923 3850 2080 3890 Ingreffum
2103 3854 2134 3882 in
2153 3852 2304 3885 Franciam

1254 3896 1388 3934 proximo
1401 3894 1556 3930 sequentes,
1578 3889 1679 3927 quovis
1691 3888 1776 3932 pasto
1788 3887 1906 3921 defistet.

1292 3933 1398 3969 ITEM,
1416 3933 1484 3960 inter
1499 3928 1591 3959 dictos
1607 3927 1819 3958 Potentislimos
1834 3927 1980 3965 Principes
2002 3928 2097 3966 Regem
2116 3926 2154 3963 ὠ·
2174 3931 2303 3968 Reginam

1256 3970 1378 4013 Castellae
1392 3993 1401 4007 ,
1421 3971 1544 4006 Legionis
1554 3990 1563 4004 ,
1579 3969 1740 4004 Aragmm
1756 3989 1766 4004 ,
1789 3966 1884 3996 Siciliae
1900 3990 1909 4004 ,
1932 3965 1992 4000 dyc.
2021 3966 2184 4008 Angliaeque
2205 3971 2302 4008 Regem

1257 4009 1460 4043 Conventum,
1479 4004 1714 4042 Concordatum,
1733 4005 1765 4034 &
1779 4003 1954 4035 Conclusum
1967 4004 2026 4043 est,
2045 4005 2124 4044 quod
2146 4007 2165 4036 ίὶ
2187 4015 2221 4038 ex
2239 4015 2310 4047 quas

1257 4050 1298 4078 vis
1313 4047 1402 4078 Causa
1415 4045 1505 4075 ἀίὲὶοε
1519 4044 1690 4082 Terminos,
1709 4043 1905 4083 ,Quintidecirm‘
1918 4045 1982 4072 Diei
1996 4044 2086 4082 Maii,
2099 4053 2147 4076 aut
2158 4044 2309 4086 Qintide÷

1256 4090 1315 4116 rime·
1331 4088 1393 4119 Diei
1407 4083 1507 4123 Menfis
1523 4083 1607 4121 Junii
1620 4082 1856 4149 supradicgorum,
1876 4089 1928 4120 pro
1945 4091 2048 4113 eorum
2063 4090 2110 4115 aut
2124 4090 2224 4116 eorum
2239 4087 2306 4115 alteas

1782 4126 1797 4156 3
2243 4125 2302 4154 tin
