2555 4266
665 102 1488 155 CONVENTIONES,
1541 102 1933 151 LITERAE,

1310 188 1473 219 Hennebont
1486 212 1497 228 ,
1525 191 1643 226 Aur-ray
1655 210 1666 226 ,
1684 190 1805 227 Vennes,
1821 189 1855 220 ὃ(
1866 188 2026 218 Guerrande
2036 214 2044 227 ,
2062 187 2191 220 habenda
2203 188 2236 220 &
2252 185 2373 218 tenenda
2390 183 2466 215 Ann-
2482 184 2542 222 Di«,

1308 228 1380 258 dic‘io
1395 230 1512 257 Domino
1525 231 1604 265 Regi,
1623 227 1795 257 l-iaeredibus
1813 228 1848 259 δε
1867 227 2080 258 Successoribus
2099 228 2152 258 suis
2167 250 2178 264 ,
2195 236 2264 258 curn
2277 227 2376 256 omni·
2412 223 2499 262 1489.

1311 267 1362 297 bus
1376 267 1410 296 &
1430 266 1541 305 singulis
1553 265 1719 303 Custumis,
1737 264 1864 295 Gabellis
1879 287 1889 302 ,
1906 265 2095 303 Theoloniis,
2110 266 2229 304 Taliiis,
2243 264 2376 304 juribus,
2391 266 2454 291 Hm-
2473 273 2501 298 7.
2543 297 2548 300 .

203 132 280 160 200

50 204 169 237 ΛΜΗ)
238 201 332 242 Quod
348 203 409 232 Rex
424 199 551 238 Angh'ae‚
569 198 629 236 ejus
642 197 780 228 Haeredes
795 205 843 228 aut
858 195 1130 239 Succesi‘oreSQnon
1147 193 1264 232 recipiet

73 246 159 282 1489.
199 251 246 273 aut
265 242 420 280 i‘eceptabit
436 263 444 276 ,
465 248 519 268 nec
541 238 678 275 recipient
705 246 753 267 aut
772 236 953 280 receptabunt
976 234 1110 265 Subditos
1130 231 1264 276 naturales

51 286 115 312 Hei.
135 293 161 318 7.
200 279 332 311 Ducatsis
358 279 505 310 Britanniae
525 274 656 306 Rebelles
677 284 725 305 aut
740 275 902 304 Proditores
914 297 923 312 ,
941 283 996 303 nec
1012 272 1130 304 eosdem
1144 272 1263 302 scienter

52 633 72 652 ⁶
92 633 162 661 xii.-

53 674 118 709 364·

84 3627 104 3647 υ
124 3629 194 3658 xri.

90 3670 154 3705 3⁵5·

192 319 326 358 juvabit,
350 317 480 354 tenebit,
504 325 552 346 aut
574 313 707 345 defendet
722 335 733 352 ,
750 314 890 352 juvabunt
906 336 916 351 ,
932 313 1087 350 tenebunt,
1105 319 1152 342 aut
1164 310 1263 340 defen-

199 357 270 389 dent

237 380 289 433 Et:
309 393 367 431 pari
383 391 492 429 modo,
510 390 620 431 Duciffa
634 393 791 420 Britannice
802 410 812 429 ,
827 390 884 428 ejus
899 387 1039 420 Haeredes
1051 398 1100 420 aut
1112 386 1263 418 Successo-

198 445 255 473 res,
275 443 333 463 non
349 432 464 468 recipiet
477 440 525 460 aut
540 431 695 468 receptabit
705 453 714 467 ,
732 438 788 459 nec
804 429 941 467 recipient
958 437 1003 459 aut
1017 428 1200 466 receptabunt
1216 435 1265 454 na-

198 473 297 504 turales
309 470 443 501 Subditos
459 472 537 506 Regii·
551 468 665 505 Anglr'ae
678 468 716 499 sic
728 467 860 499 Rebelles
875 476 921 499 aut
936 466 1115 503 Proditores,
1133 474 1186 495 nec
1201 473 1265 493 eos*

199 513 267 541 dem
281 510 399 540 scienter
413 509 522 546 juvabit
537 531 548 546 ,
573 508 697 545 tenebit,
714 516 761 538 aut
773 506 923 544 desendet,
941 515 994 537 nec
1007 505 1165 544 juvabunt,
1184 511 1262 532 tene-

201 552 292 586 bunt,
309 556 356 577 aut
374 546 539 578 defendent.
1243 578 1248 583 Ι

241 588 284 617 Ιτ
296 594 371 623 EM,
387 586 458 616 ci'im
478 584 611 617 Naturali
628 583 698 623 Jure
716 584 838 617 cunc'tos
860 583 1025 620 Principes,
1051 581 1084 611 &
1103 589 1152 609 eos
1166 587 1265 618 praecr·

200 627 258 664 pue
271 626 320 664 qui
338 623 526 655 Proximitate
546 627 561 639 ⁸
581 623 730 660 Sanguinis
741 632 776 653 ac
791 630 960 653 mutuorum
977 618 1156 662 Officiorum
1169 625 1266 661 neces3

197 665 318 697 iitudine
339 663 526 700 vinciuntur,
547 661 583 693 ab
605 662 716 701 Injuriis
737 662 771 693 &
791 660 902 699 Injustis
924 658 1117 702 Invasionibus
1130 679 1140 694 ,
1166 664 1266 686 mutua

202 701 399 734 Viciffitudine
420 701 446 733 se
464 702 593 732 invicem
611 701 683 732 tueri
703 701 737 732 &
751 699 903 730 defendere
917 697 1032 734 deceat,
1050 695 1159 726 idcirco
1172 693 1267 723 Com-

204 743 388 774 manicatum
406 763 416 779 ‚
441 739 681 775 Concordatum,
705 739 739 769 &
755 736 936 768 Conclusum
953 735 994 766 est
1009 734 1090 773 quod
1105 733 1191 776 didius
1206 734 1266 778 Rex

202 779 318 818 Angliae
335 804 344 817 ,
368 788 422 817 pro
446 778 584 809 Succursu
598 801 607 815 ‚
632 776 823 813 Defensione,
843 775 975 811 Auxilio,
993 773 1028 804 δε
1042 771 1173 802 Subsidio
1187 770 1266 799 diblae

202 823 330 852 Dominae
357 817 473 857 Ducxffae
497 819 530 850 δε
550 816 650 847 Patriae
668 815 725 845 suae
738 837 748 852 ‚
771 822 872 844 contra
892 813 1025 850 Injuriam
1040 812 1078 854 &¹
1090 809 1267 839 invasionem

203 858 346 890 Hostium
363 860 397 888 &
412 856 600 887 inimicorum
617 853 732 883 suorum
747 860 1014 889 quorumcumque,
1031 859 1079 887 qui
1096 857 1169 877 certa
1189 846 1269 876 Loca

203 897 275 928 infra
289 896 438 928 Ducatum
455 893 623 933 praedictum
641 892 733 922 minus
741 891 817 928 juste
831 891 864 921 ὃς
881 891 917 919 de
931 889 1010 919 facto
1022 888 1147 930 detinent
1157 909 1165 920 ,
1184 886 1217 917 Se
1232 884 1269 914 de

205 945 290 967 novo
306 935 438 966 invadere
455 933 627 967 moliuntur,
638 931 732 960 mittet
748 930 775 958 in
793 929 888 960 Partes
902 927 1069 962 Britanni-z,
1085 925 1135 955 suis
1153 924 1268 968 Expen-

205 975 240 1006 sis
253 976 287 1007 &
301 973 432 1004 Pecuniis
443 971 477 1001 ad
492 971 521 1001 id
537 979 585 1009 pet
598 968 708 998 cundem
725 969 820 1004 Regem
835 966 1026 1003 exponendis,
1043 964 1099 994 Sex
1114 963 1206 993 Millia
1215 963 1270 992 Ar-

205 1022 368 1049 marorum,
385 1010 418 1040 ad
434 1009 623 1040 Serviendum
641 1007 720 1036 dic'lae
736 1008 860 1047 Domifae
873 1003 988 1042 Ducrffae
1003 1027 1012 1041 ,
1030 1003 1090 1033 tam
1105 1002 1139 1032 ad
1158 1001 1270 1031 Defen-

205 1052 316 1085 fionem
331 1049 462 1080 Perionae
475 1048 531 1078 sua:
545 1047 632 1084 quarn
655 1045 755 1074 Patriae
769 1045 908 1081 ejuldem3
927 1042 1050 1072 Proviso
1065 1041 1173 1078 semper
1188 1039 1270 1078 quod

206 1090 244 1122 de
259 1090 307 1120 illo
329 1088 408 1118 dieto
428 1085 566 1118 Numero
584 1084 638 1115 Sex
660 1083 788 1113 Millium
811 1084 996 1112 Armatorum
1010 1080 1163 1110 reservetur
1176 1088 1270 1109 certus

205 1135 377 1166 competens
397 1127 430 1158 &
451 1124 590 1156 sufficiens
612 1122 760 1153 Numerus
781 1120 816 1151 ad
837 1120 1026 1156 Tuitionem,
1045 1118 1272 1155 Defensionem,

203 1168 240 1200 &
257 1165 430 1197 Custodiam
451 1165 547 1194 t-:i'iium
562 1161 697 1191 Villarum
710 1183 720 1198 ,
736 1160 886 1191 Locorum
902 1181 911 1196 ,
928 1160 962 1190 ὃς
977 1157 1188 1200 Castellorum‚
1207 1166 1271 1194 quse

204 1215 255 1246 per
278 1205 381 1234 didam
394 1202 532 1243 Ductffam
545 1200 757 1238 assignabuntur
770 1222 781 1236 ,
804 1198 948 1228 tradentur
963 1220 973 1235 ,
990 1197 1024 1227 ὃς
1038 1195 1270 1226 deliberabuntur

207 1243 289 1275 dicto
299 1246 416 1275 Domino
429 1244 494 1279 Regi
508 1238 621 1278 Angliae
635 1237 772 1268 Nomine
787 1235 913 1276 Pignoris
927 1237 960 1268 δε
983 1235 1129 1275 Ip0thecae
1138 1258 1148 1272 ,
1169 1243 1201 1264 ac
1217 1244 1269 1270 pro

207 1283 365 1314 Securitate
379 1279 576 1311 Restitutionis
591 1278 624 1309 δε
640 1276 834 1307 Resolutionis
848 1274 1039 1312 Expensarum
1057 1283 1122 1311 quae
1135 1273 1202 1304 sient
1221 1282 1269 1317 pet

207 1322 309 1352 diblum
327 1322 477 1351 Dominum
497 1321 594 1355 Regem
611 1317 687 1346 circa
700 1314 881 1353 Stipendium
902 1315 936 1345 ὃς
948 1313 1187 1343 Sustentationem
1201 1311 1270 1356 dicti

209 1360 250 1392 sui
271 1356 439 1391 Excercitsis
452 1381 462 1395 ,
485 1357 544 1388 tam
566 1356 595 1385 in
617 1352 820 1385 Conducendo
843 1353 878 1383 &
901 1351 1087 1391 Trajiciendo
1101 1350 1223 1382 eundem
1241 1360 1270 1380 iri

209 1398 383 1432 Britanniam
404 1397 490 1435 quam
514 1393 696 1425 Reducendo
717 1392 840 1423 eundem
862 1392 892 1421 in
914 1391 1049 1429 Angliam
1065 1414 1074 1427 ‚
1097 1399 1130 1420 ac
1145 1399 1176 1421 ut
1193 1390 1272 1427 supra

208 1437 300 1470 fertur
334 1446 367 1466 ro
379 1434 536 1472 Tuitione,
547 1433 742 1470 Defeni'ione,
759 1431 792 1462 δε
806 1429 947 1461 Custodia
961 1430 1106 1460 dictorum
1124 1428 1273 1472 Locorum

209 1475 250 1507 sic
270 1484 309 1505 tra
329 1474 472 1505 endorum
492 1474 526 1504 &
541 1472 592 1502 sibi
613 1470 862 1501 deliberandorum
877 1492 888 1507 ,
905 1468 961 1499 una
975 1478 1044 1498 curn
1059 1466 1186 1498 Castellis
1204 1467 1273 1503 suis;

209 1513 332 1546 Proviso
345 1513 454 1551 semper
467 1510 549 1550 quod
564 1511 651 1540 dic'lus
664 1512 726 1539 Rex
733 1507 847 1545 Angliae
861 1508 938 1538 circa
944 1506 1114 1550 Custodiam
1130 1505 1274 1536 dustorum

212 1552 364 1584 Locorum
378 1562 439 1582 non
451 1550 569 1581 excedat
580 1548 751 1580 Numerum
770 1548 1006 1584 Quingentorum
1022 1544 1168 1575 Virorum.

250 1590 359 1622 ITEM
370 1614 381 1630 ,
399 1588 618 1620 concordatum
632 1610 642 1625 ,
668 1586 927 1617 Communimtum
944 1607 953 1623 ,
975 1584 1009 1615 &
1033 1582 1210 1627 Conclusam
1232 1582 1274 1612 est

212 1629 296 1668 quod
307 1629 400 1660 dietus
415 1627 567 1658 Numerus
586 1626 640 1657 Sex
658 1625 786 1656 Millium
807 1624 990 1654 Armatorum
1009 1622 1109 1654 serviet
1122 1623 1202 1651 dislae
1214 1623 1275 1650 Do-

214 1671 295 1699 mine
310 1666 424 1707 Ductffae
440 1668 473 1698 &
488 1666 587 1697 Patriae
600 1665 670 1701 suae,
688 1674 719 1694 ut
732 1662 912 1701 suprafertur,
930 1673 946 1692 a
964 1670 1096 1704 tempore
1113 1659 1274 1702 Descenssis

213 1707 256 1738 sui
274 1709 303 1737 in
315 1706 505 1743 Britanniam,
523 1702 643 1742 pecunia
657 1712 707 1739 per
721 1702 838 1738 Regem
857 1701 973 1737 Angliae
987 1699 1022 1730 ad
1037 1699 1066 1729 id
1088 1697 1256 1737 exponenda
1266 1721 1276 1737 ,

213 1745 252 1777 us
265 1756 302 1776 ue
317 1745 351 1775 ad
369 1744 484 1776 Festum
497 1744 631 1773 omniurn
646 1740 820 1772 Sannorum
834 1741 969 1778 proximo
983 1739 1108 1776 sequens.

246 1755 361 1815 (irem
379 1805 388 1822 ,
413 1781 675 1813 communicatum
687 1803 697 1817 ,
718 1777 938 1809 Concordatum
953 1801 963 1816 ,
987 1778 1021 1809 &
1043 1775 1220 1807 Conclusum
1236 1775 1278 1819 est

236 1823 314 1861 uod,
333 1822 499 1853 adveniente
511 1819 598 1851 Festo
612 1818 757 1849 Omnium
775 1817 948 1848 Sanctorum
964 1816 998 1846 &
1019 1816 1163 1846 Termino
1174 1814 1279 1852 praedi-

250 1871 287 1900 o,
305 1861 398 1893 statim
413 1861 446 1892 &
461 1859 650 1890 incontinenti
664 1858 698 1888 &
716 1857 774 1887 fine
785 1856 938 1893 dilatione,
956 1854 1030 1884 dicia
1043 1857 1164 1897 Domina
1179 1856 1278 1897 Ducir-

207 1899 264 1941 β,
281 1901 338 1939 ejus
353 1897 492 1930 Haeredes
507 1899 541 1931 &
553 1896 732 1928 Succeffores
743 1919 753 1935 ,
778 1893 942 1933 providebit
956 1894 989 1924 &
1003 1893 1163 1930 ordinabit,
1181 1901 1278 1929 provi-

211 1939 323 1970 debunt
348 1940 382 1970 &
405 1937 576 1968 ordinabunt
595 1935 728 1973 Expenfis
751 1934 784 1965 &
812 1932 986 1964 Victualibus
1008 1931 1060 1962 suis
1083 1931 1182 1975 Naves
1201 1930 1278 1960 suffi-

215 1978 321 2009 cientes
343 1987 397 2015 pro
412 1975 492 2006 dieto
509 1974 662 2006 Excercitu
675 1976 751 2011 Regis
768 1971 881 2011 Angliae
895 1971 931 2001 ad
946 1970 1039 2002 Partes
1054 1970 1162 2009 Angliae
1177 1969 1277 2000 Redu-

215 2016 329 2052 eendo,
344 2018 377 2046 ὅ(
392 2014 487 2050 facio,
505 2015 577 2044 curn
595 2012 680 2042 Venti
691 2011 803 2042 secundi
819 2011 943 2048 fuerint,
966 2009 1002 2040 ad
1013 2009 1135 2047 aliquem
1154 2007 1277 2039 Portum

210 2054 284 2086 infra
297 2053 434 2094 Regnum
451 2052 560 2092 Angliae
574 2051 689 2083 reducet
704 2052 737 2083 &
751 2049 847 2080 reduci
862 2049 960 2086 faciet,
978 2047 1115 2079 reducent
1125 2047 1170 2078 seu
1184 2047 1281 2080 reduci

216 2094 329 2127 facient.

252 2132 360 2170 ITEM,
377 2129 597 2163 Concordatum
612 2128 652 2159 est
665 2130 698 2160 ὃς
712 2126 892 2159 Conclusum
908 2125 1007 2164 quod,
1026 2125 1046 2156 fi
1061 2124 1146 2156 Venti
1161 2125 1193 2156 &
1209 2124 1279 2168 Ma-

215 2172 255 2202 ria
267 2172 469 2208 obtemperent
480 2192 491 2208 ,
509 2170 542 2199 ὃ(
556 2168 722 2199 sufficientes
734 2166 833 2197 Nav&
848 2175 949 2204 piratae
964 2167 1032 2203 (int,
1047 2163 1123 2195 dieta
1135 2164 1189 2194 Sex
1207 2163 1279 2193 Mil-

216 2210 253 2241 lia
270 2209 438 2240 descendent
451 2210 480 2239 in
495 2207 666 2238 Britanniam
677 2231 685 2242 ,
705 2215 758 2244 pro
777 2205 914 2235 Succursu
929 2203 1104 2241 supradicto,
1123 2203 1190 2233 illuc
1206 2212 1282 2232 con-

216 2247 347 2280 ducenda
361 2247 495 2279 Navibus
513 2256 560 2284 per
575 2243 713 2284 Duciffizm
735 2244 769 2274 ad
785 2244 843 2274 hoc
858 2243 1016 2274 ordinandis
1031 2242 1064 2272 δε
1079 2241 1279 2279 providendis,

214 2287 292 2326 apud
310 2287 412 2318 Villam
429 2285 466 2315 de
488 2284 673 2315 Portsmouth
697 2284 771 2314 circa
795 2283 922 2312 medium
943 2282 1084 2312 Februarii
1099 2279 1208 2310 Mensis
1216 2281 1278 2318 jam

216 2325 360 2364 instantis,
379 2333 426 2356 aut
440 2323 475 2354 ad
491 2324 624 2354 ultimum
642 2331 732 2361 prope
749 2321 837 2352 finem
851 2321 975 2359 ejusdem
993 2319 1101 2351 Mensis
1115 2319 1160 2351 vel
1177 2329 1279 2358 quam-

214 2365 278 2396 cito
292 2362 454 2395 commode
467 2362 526 2393 fieri
540 2363 650 2400 poterit.

252 2402 363 2434 ITEM
379 2426 390 2440 ,
414 2400 674 2432 Communicatum
688 2422 698 2437 ,
724 2398 944 2430 Concordatum
961 2422 970 2437 ,
995 2398 1028 2429 &
1045 2396 1224 2428 Conclusum
1238 2395 1280 2427 est

215 2441 298 2479 quiid
312 2441 387 2470 die't'a
399 2443 520 2470 Domina
531 2438 640 2478 Duciffa
649 2462 658 2476 ,
675 2440 732 2477 ejus
744 2437 881 2468 Haeredes
896 2440 928 2468 δε
939 2436 1120 2468 successores
1134 2435 1280 2479 restituent

215 2483 252 2510 δε
272 2480 411 2510 resolvent
428 2479 499 2508 dian
516 2481 581 2515 Regi
594 2476 725 2515 Angliae‚
741 2476 913 2507 Hzeredibus
931 2486 978 2507 aut
997 2475 1212 2507 Succefforibus
1228 2474 1280 2504 suis

216 2528 322 2548 omnes
339 2519 372 2549 &
387 2517 502 2557 singulas
518 2516 711 2546 Pecuniarum
732 2515 864 2545 Summas
880 2538 890 2551 ,
916 2525 983 2553 quas
1003 2515 1080 2545 circa
1105 2512 1278 2544 Succursum

214 2556 297 2587 dillae
309 2555 425 2595 Duciffae
443 2556 477 2587 &
496 2555 594 2585 Patriae
613 2555 667 2585 sule
685 2554 785 2583 dic‘fum
802 2557 899 2591 Regem
916 2550 1046 2591 Angliae,
1064 2552 1127 2583 suos
1144 2551 1280 2581 Haeredes

215 2604 265 2625 aut
283 2595 462 2626 Succeisores
479 2602 622 2631 exponere
637 2593 788 2630 contigerit
803 2615 813 2630 ,
839 2594 898 2622 tam
925 2593 953 2621 in
970 2591 1173 2629 Stipendiando
1192 2592 1281 2628 quam

215 2633 421 2664 Conducendo
440 2633 474 2663 &
491 2631 672 2670 Trajiciendo
689 2630 871 2661 Excercitum
887 2640 936 2667 per
951 2630 1036 2660 Mare
1055 2630 1084 2658 in
1100 2628 1281 2667 Britanniam,

217 2673 253 2703 &
273 2670 454 2703 Reducendo
471 2669 594 2700 eundem
612 2672 641 2699 in
662 2669 797 2705 Angliam
812 2691 821 2704 ,
840 2669 926 2706 quarn
945 2669 1021 2698 circa
1037 2667 1280 2698 Sustentationetn

217 2710 346 2741 e'usdem
366 2712 396 2740 in
412 2709 580 2740 Britanniam
592 2730 602 2744 ,
619 2709 678 2737 tam
696 2716 747 2745 pro
762 2706 900 2736 succursu
918 2705 1033 2744 Duciffae
1048 2705 1134 2743 quam
1148 2715 1201 2742 pio
1219 2705 1279 2735 Cu-

217 2721 311 2780 liodia
330 2749 465 2780 Villarum
485 2748 518 2778 &
537 2745 747 2782 castellorum,
767 2754 796 2775 ut
815 2744 981 2782 suprafertur
994 2767 1004 2782 ,
1030 2745 1080 2774 fibi
1104 2753 1153 2781 per
1180 2744 1281 2772 distairi

217 2787 372 2828 Duciffizm,
386 2786 522 2817 Nomine
535 2784 666 2823 Pignoris
682 2784 715 2814 ὅ(
725 2783 888 2819 Ypothecae
905 2781 1106 2813 tradendorum
1126 2784 1159 2814 &
1175 2783 1281 2812 delibe-

215 2827 370 2858 randorum
385 2848 396 2863 ,
418 2826 449 2855 in
477 2832 710 2862 quantocumque
730 2831 838 2857 magno
855 2831 901 2851 aut
920 2831 1010 2858 parvo
1029 2820 1168 2850 Numero
1188 2821 1280 2851 dietus

215 2865 384 2898 Excercitus
401 2862 516 2902 existat,
534 2861 696 2893 dummodo
714 2859 829 2891 Decem
849 2859 944 2891 Millia
961 2859 1128 2890 Hominum
1146 2869 1206 2889 non
1233 2869 1282 2890 ex-

220 2904 311 2936 cedar.

258 2942 370 2974 Iram
382 2966 393 2981 ,
416 2940 633 2973 Concordatum
648 2964 658 2976 ,
686 2938 944 2970 Communicatum
960 2961 970 2976 ,
995 2937 1028 2968 &-
1043 2935 1220 2966 Conclusum
1241 2936 1282 2966 eit

220 2981 304 3020 quod
320 2981 397 3012 dieta
417 2983 536 3010 Domina
553 2978 664 3019 Ductffiz
680 3002 689 3016 ‚
715 2980 772 3015 ejus
794 2977 932 3007 Haeredes
952 2985 998 3007 aut
1018 2974 1199 3006 Succeffores
1220 2974 1281 3005 Re-

220 3021 331 3051 soivent
344 3021 378 3052 ὃ(
395 3018 558 3050 Restituent
571 3020 641 3048 dieto
656 3021 720 3055 Regi
734 3015 864 3054 Angliae,
891 3016 950 3054 ejus
966 3013 1137 3057 Haeredibus
1149 3023 1194 3044 aut
1210 3013 1282 3045 Suc-

219 3059 375 3090 cefforibus
387 3080 397 3095 ,
417 3067 520 3088 omnes
543 3060 576 3089 δε
599 3056 713 3095 singulas
734 3055 923 3085 Pecuniarum
941 3055 975 3086 &
989 3053 1183 3084 Denariorum
1197 3052 1283 3082 Surri-

222 3107 297 3136 mas,
315 3106 345 3128 ut
362 3097 506 3135 praefertur
519 3119 529 3132 ,
554 3106 607 3132 pro
628 3093 768 3125 Succurfii
790 3093 931 3130 praedicto
945 3102 993 3130 per
1008 3091 1123 3133 Regem
1138 3099 1283 3127 exponen-

221 3137 284 3176 das,
298 3137 327 3166 in
341 3136 436 3173 aliquo
452 3134 537 3164 Loco
552 3133 623 3164 infra
640 3133 773 3171 Regnum
792 3132 923 3169 Angliae,
940 3131 1005 3162 illuc
1020 3129 1154 3161 Periculo
1170 3130 1202 3161 ὃς
1224 3129 1283 3160 Ex-

220 3174 311 3213 peniis
324 3174 403 3204 dic‘i‘ae
417 3176 543 3203 Dominae
556 3171 670 3211 Ductffae
683 3169 893 3201 conducendas.
1171 3207 1176 3211 .

261 3212 305 3243 Ιτ
317 3222 334 3243 E
348 3221 374 3242 Μ
385 3235 394 3248 ,
413 3211 632 3242 Concordatum
647 3211 680 3240 ἃ
696 3208 873 3239 (Σοηεῑυῦπη
889 3207 930 3238 est
945 3206 1043 3245 quod,
1060 3216 1191 3244 quamvis
1209 3206 1284 3248 ditsta

222 3254 342 3281 Domina
354 3249 463 3289 Duciffia
473 3250 546 3288 ,ejus
554 3249 692 3280 Haeredes
705 3256 751 3278 aut
766 3245 943 3277 Succeii‘ores
961 3255 1022 3275 non
1043 3245 1145 3282 poisint
1162 3255 1215 3275 nec
1228 3246 1285 3275 iuf-

224 3289 321 3320 ficiant
339 3289 477 3320 simulant
494 3288 550 3318 una
567 3287 638 3318 Vice
651 3287 765 3325 plenam
786 3284 1002 3316 Resolutionem
1016 3293 1061 3326 aut
1081 3285 1215 3321 integram
1230 3285 1284 3313 So-

222 3326 362 3358 iunonem
377 3328 510 3357 omnium
525 3326 664 3356 dictarum
676 3323 865 3361 Expensarum
887 3323 976 3353 facere
989 3344 998 3359 ,
1022 3322 1227 3351 nichilominus
1243 3322 1285 3351 di-

224 3367 283 3394 eius
298 3367 358 3394 Rex
373 3364 502 3403 Angliae,
519 3365 578 3402 ejus
592 3363 730 3394 Haeredes
743 3363 776 3393 &
789 3361 969 3392 Successores
981 3361 1151 3391 tenebantur
1165 3361 1285 3395 particu-

223 3403 293 3434 lares
314 3403 473 3433 Solutiones
492 3406 644 3440 recipere,
666 3402 749 3432 dic'tis
771 3400 849 3431 Villis
865 3422 874 3438 ,
899 3399 1007 3436 Locis,
1032 3400 1065 3429 &
1088 3397 1235 3435 Castellis,
1255 3406 1285 3428 ut

224 3443 370 3481 praefertiir
385 3465 396 3477 ,
418 3442 487 3471 dicio
507 3444 571 3479 Regi
589 3450 638 3479 per
654 3440 806 3479 Duciſjam,
826 3439 912 3469 Loco
927 3437 1058 3479 pignoris
1073 3440 1104 3466 &t
1120 3436 1281 3473 Ypothecae

225 3480 366 3511 tradendis
381 3481 413 3510 δε
425 3479 606 3510 deliberandis
616 3502 625 3517 ,
645 3489 727 3516 penes
733 3478 884 3517 predicJum
899 3479 993 3512 Regem
1003 3500 1012 3512 ,
1029 3485 1052 3518 ej
1059 3485 1086 3504 us
1102 3474 1236 3506 Heeredes
1249 3476 1283 3505 &

227 3517 408 3549 Successores
429 3519 535 3548 iamdiu
553 3517 716 3549 remansuris
735 3516 898 3554 quousque,
913 3514 994 3544 dictis
1010 3522 1094 3555 etim}
1113 3513 1284 3556 particulari-

229 3558 280 3587 bus
299 3557 495 3599 solutionibus
514 3557 686 3600 computatis
701 3579 711 3594 ,
739 3556 821 3593 plene
842 3553 999 3590 &integre
1014 3551 1187 3582 satisfactum
1201 3555 1286 3582 tuerit

226 3606 282 3654 pag
292 3595 638 3671 Ξξῇῃῗςῦίὲἓὲἑῗὲξξιῖῃ
651 3633 684 3663 &
698 3631 876 3663 Conclusum
893 3629 935 3660 est
949 3628 1030 3668 quod
1041 3652 1051 3667 ,
1068 3626 1289 3672 postquam-Ex-

227 3674 348 3704 cercitus
371 3669 544 3702 lilustriffimi
566 3673 642 3708 Regis
664 3669 792 3708 Anglsae,
809 3679 894 3708 quem
905 3692 915 3707 ,
929 3678 1071 3712 annuente
1087 3666 1172 3703 Deo,
1190 3666 1289 3710 miffu-

231 3722 277 3742 rus
295 3711 339 3741 est
361 3720 414 3749 pro
433 3709 572 3740 Succursu
586 3708 699 3748 Duciffa‘
711 3710 746 3739 δε
760 3709 861 3739 Patriae
872 3707 927 3738 suae
940 3707 1105 3749 Britanniae,
1123 3715 1158 3748 ap
1179 3705 1288 3750 licuerit

232 3751 268 3779 &
288 3749 460 3780 descenderit
479 3748 510 3777 in
530 3747 652 3783 aliquem
675 3747 789 3777 Locum
809 3747 855 3777 seu
877 3746 996 3776 Portum
1013 3743 1141 3783 praedic‘ti
1189 3752 1288 3774 ucatus

229 3788 399 3825 Britanni-ae,
412 3787 486 3816 diela
500 3787 621 3815 Domina
636 3783 745 3822 Duciffia
759 3807 768 3822 ,
785 3785 966 3821 immediate,
981 3783 1173 3814 incontinenti
1185 3783 1218 3813 &
1234 3782 1290 3812 fine

232 3827 363 3856 dilatione
378 3833 574 3864 quacumque,
592 3822 718 3858 Tradet,
738 3822 850 3853 Reddet
867 3845 876 3859 ,
894 3824 927 3853 δε
943 3821 1121 3852 Deliberabit
1131 3843 1141 3858 ,
1157 3820 1203 3850 seu
1214 3819 1289 3849 Tra-

235 3865 282 3899 di,
299 3864 393 3894 Reddi
409 3887 418 3900 ,
444 3863 491 3894 vel
508 3862 663 3894 Deliberari
682 3860 780 3897 faciet,
798 3861 868 3890 diHo
882 3863 998 3891 Domino
1014 3862 1130 3890 Henri‘co
1143 3861 1209 3895 Regi
1221 3861 1290 3887 An-

230 3900 311 3939 gliae,
327 3902 371 3931 seu
391 3901 536 3940 Ai'signatis
550 3900 595 3930 vel
610 3899 776 3937 DeputatiS,
795 3898 970 3936 Affignandis
985 3899 1030 3929 vel
1041 3896 1291 3940 Deputandisuspe-

232 3941 338 3970 cialiter
351 3941 385 3970 ad
402 3941 461 3969 hoc
481 3941 516 3968 ab
535 3938 638 3969 eodem
653 3961 662 3976 ,
679 3937 738 3967 duo
752 3936 788 3966 de
802 3936 1026 3968 infr-inominatis
1037 3937 1127 3967 Locis
1140 3937 1173 3967 &
1189 3933 1288 3972 Villis,

238 3978 294 4008 una
315 3987 384 4006 curn
407 3976 531 4006 Castellis
552 3976 604 4006 suis
620 4000 628 4013 ,
675 3985 718 4005 uae
738 3974 809 4005 dic‘lo
829 3977 891 4011 Regi
908 3975 1027 4014 eligere,
1042 3984 1156 4011 optare,
1175 3982 1290 4011 petere,

234 4023 397 4053 acceptare,
415 4016 448 4046 δε
460 4023 476 4045 a
489 4015 563 4044 dicia
576 3986 685 4055 Duciffiz
699 4014 807 4053 exigere
822 4013 954 4051 plac-ierit
964 4037 974 4052 ,
990 4014 1023 4044 de
1033 4012 1272 4053 Toncqlorumeau
1281 4034 1292 4050 ,

1309 305 1562 341 obventionibus,
1582 304 1743 341 proficuis,
1768 302 2036 334 Commoditatibus
2047 326 2057 342 ,
2071 303 2241 344 Regimine‚
2257 303 2376 334 Guber-

1309 345 1441 381 natione,
1460 343 1595 382 Officiis,
1613 342 1904 382 &jurisdictionibus
1916 341 2157 381 quibuscumque,
2174 343 2376 382 qualitercum-

1311 393 1382 420 que,
1401 384 1434 414 &
1460 392 1648 420 quocumque
1672 381 1763 412 modo
1784 380 2033 418 provenientibus,
2051 382 2175 419 ratione,
2192 383 2306 419 colore,
2325 388 2373 411 aut

1309 421 1461 451 occasione
1486 421 1633 452 dierorum
1651 420 1802 451 Locorum
1815 444 1825 457 ,
1841 417 1999 454 Villarum,
2018 417 2226 457 Castellorum,
2243 422 2288 452 seu
2306 419 2374 450 Do·

1310 461 1466 490 miniorum
1486 484 1495 494 ,
1521 460 1566 491 vel
1580 459 1697 498 alicujus
1711 468 1810 489 eorum
1824 470 1834 496 3
1851 456 2023 496 applicandis
2037 454 2074 487 ad
2091 456 2187 488 Usum
2207 460 2242 490 &
2257 458 2375 489 Utilita-

1311 507 1370 527 tem
1384 499 1452 527 dicii·
1466 501 1578 528 Domini·
1590 501 1684 536 Regis,
1701 497 1862 528 Haeredum
1876 498 1908 527 &
1925 494 2129 526 Succesiorum
2143 495 2277 534 suorum,
2295 498 2373 534 paci-

1312 535 1367 566 fice
1381 537 1415 566 &
1431 538 1526 573 quiete
1541 537 1570 566 in
1588 537 1650 567 tarn
1664 536 1764 576 amplis
1777 536 1866 565 modo
1885 535 1918 566 ἃ
1931 533 2041 571 forma,
2059 533 2130 564 ficut
2143 534 2178 564 &
2190 543 2275 571 prout
2290 536 2373 567 incli-

1311 583 1350 604 tae
1365 574 1568 606 recordatiouis
1586 574 1731 605 Dominus
1746 573 1902 612 Francifius
1923 581 2013 610 nuper
2026 575 2183 602 Britannia
2200 575 2271 602 Dux
2282 575 2374 611 posse.

1312 612 1371 649 dit,
1387 614 1562 652 occupavit,
1588 614 1621 646 ὅ(
1641 614 1748 652 recepit
1766 614 1860 651 aliquo
1873 621 2005 649 tempore
2020 610 2097 641 Vitae
2111 610 2252 650 ejusdem,
2275 611 2378 650 absque

1315 649 1449 681 Molestia
1464 675 1473 687 ,
1501 649 1677 682 Gravamine
1692 674 1702 689 ,
1727 650 1959 690 Impedimenm,
1988 649 2033 681 vel
2045 647 2286 680 Contradietione
2300 650 2379 680 diste

1314 691 1438 718 Dominae
1456 686 1587 728 Duciffae,
1605 687 1781 728 Haeredum,
1801 699 1850 720 aut
1865 688 2066 720 Successorum
2080 688 2194 719 suorum
2215 688 2262 719 vel
2275 687 2379 719 Subdi-

1313 736 1409 757 torum
1426 728 1594 758 eorumdem
1604 752 1613 766 ,
1630 728 1726 758 donec
1740 730 1773 759 &
1787 728 1932 767 quousque
1947 728 2017 758 dido
2033 730 2148 757 Domino
2165 729 2231 763 Regi
2246 725 2377 764 Angliae,

1315 764 1507 804 Hceredibus‚
1521 776 1569 798 aut
1585 766 1801 798 Succefforibus
1823 767 1876 797 suis
1887 790 1896 803 ,
1915 776 1968 804 pro
1983 768 2017 799 ὃς
2035 775 2070 796 ex
2086 766 2169 796 Parte
2183 766 2263 795 diffie
2280 768 2377 795 Domi-

1314 815 1356 833 nae
1374 803 1489 842 Durtffae
1506 827 1516 842 ‚
1540 805 1700 836 Haeredurn
1713 830 1722 843 ,
1748 815 1796 836 aut
1817 805 2022 836 successorum
2035 805 2167 842 suorum,
2205 805 2286 842 lene,
2305 805 2379 836 inte-

1314 843 1380 880 gre,
1397 843 1429 872 &
1445 843 1502 872 iine
1515 842 1706 874 diminutione
1719 853 1765 874 aut
1778 843 1965 874 defalcatione
1980 853 2161 882 quacumque
2203 843 2361 874 misfactum
2370 868 2381 882 ,

1315 880 1527 911 Contentatum
1545 901 1555 919 ,
1581 883 1615 912 &
1634 883 1767 913 Solutum
1781 882 1866 913 fuerit
1879 882 1916 912 de
1929 884 1963 913 ὃ(
1979 883 2058 920 super
2071 883 2206 912 omnibus
2220 883 2254 912 δε
2270 882 2394 921 finguiis·

1315 919 1451 957 Expensis
1467 930 1501 950 ac
1517 919 1713 951 Denariorutn
1729 921 1874 958 Summis,
1891 931 1958 959 quas
1968 920 2056 950 didus
2069 923 2201 951 Dominus
2214 924 2273 950 Rex
2289 921 2383 951 faciu-

1317 967 1364 988 rus
1384 957 1424 987 est
1439 980 1449 995 ,
1473 958 1697 998 Stipendiando,
1712 958 1931 997 Conducendo,
1948 960 1981 991 &
1995 960 2178 997 Trajiciendo
2195 958 2380 990 Excercitum

1317 998 1398 1026 suum
1415 998 1448 1028 &
1467 997 1614 1028 Armatam
1631 997 1706 1028 suam
1724 1007 1772 1035 per
1792 997 1894 1035 Mare,
1913 999 1945 1028 ὃ(
1961 998 2109 1036 Stipendio
2126 998 2328 1037 Armatorum,
2346 1009 2380 1030 ac

1317 1037 1401 1066 etiam
1424 1045 1478 1073 pro
1497 1036 1591 1067 secura
1616 1035 1756 1067 Custodia
1779 1037 1813 1067 ὃς
1830 1035 2036 1066 Observatione
2051 1037 2194 1067 dictorum
2213 1037 2381 1074 Locorum,

1317 1073 1473 1112 Villarum,
1492 1075 1525 1105 &
1539 1075 1746 1113 Castellorum,
1767 1075 1853 1105 Loco
1872 1073 2018 1113 Pignoris,
2037 1085 2067 1105 ut
2081 1075 2248 1112 suprafertur
2261 1099 2272 1114 ,
2281 1075 2383 1116 ficpra·

1316 1113 1387 1143 dic‘lo
1407 1115 1472 1151 Regi
1494 1123 1542 1151 per
1563 1115 1664 1144 didam
1681 1111 1819 1154 Duciffam
1842 1110 2042 1144 tradendorum
2063 1114 2096 1144 &
2117 1113 2381 1153 deliberandorum3

1318 1151 1375 1190 qua
1391 1153 1508 1189 quidem
1518 1150 1745 1184 Contentatione
1754 1176 1765 1192 ,
1784 1152 1993 1191 satisfactione,
2006 1152 2039 1182 &
2055 1152 2204 1183 Solutione
2215 1162 2265 1190 per
2280 1152 2382 1183 diHam

1319 1193 1467 1220 Dominam
1483 1191 1621 1231 Duciffam
1633 1214 1643 1229 ‚
1664 1194 1722 1230 ejus
1743 1191 1880 1222 Haeredes
1896 1200 1943 1221 aut
1960 1190 2141 1221 successores
2159 1190 2242 1228 suos,
2258 1192 2302 1222 vel
2318 1193 2386 1222 alios

1317 1229 1513 1268 quoscumque
1523 1253 1533 1268 ,
1545 1230 1680 1260 Nomine
1693 1232 1766 1268 ejus,
1784 1231 1868 1268 plen'e
1885 1230 1993 1269 integre
2009 1229 2066 1260 fine
2080 1231 2269 1262 diminutione
2282 1230 2315 1260 &
2335 1230 2386 1261 de·

1316 1269 1467 1298 falcatione
1483 1269 1555 1298 faeta
1575 1269 1655 1299 dicito
1671 1272 1788 1299 Domino
1803 1273 1842 1299 Re
1858 1273 1886 1307 i,
1905 1268 2078 1299 Haeredibus
2100 1268 2146 1299 vel
2166 1267 2382 1300 Saccefforibus

1318 1306 1388 1344 suis,
1406 1307 1451 1336 vel
1475 1317 1524 1344 per
1537 1307 1638 1337 ‹L-‘Hum
1660 1310 1755 1345 Regem
1770 1281 1901 1346 Are-gie,
1918 1307 1977 1346 ejus
1990 1306 2126 1338 Haeredes
2145 1307 2191 1337 vel
2206 1306 2387 1338 Succeffores

1319 1344 1424 1376 steterit
1446 1356 1506 1383 quo
1529 1348 1623 1376 minus
1645 1347 1720 1377 dicta
1742 1345 1932 1378 Contentatio
1953 1347 1986 1377 ὅ(
2009 1346 2121 1377 Solutio
2145 1344 2281 1385 faciam,
2299 1347 2386 1376 diffus-

1321 1387 1453 1413 Dominus
1467 1387 1528 1413 Rex
1542 1385 1672 1423 Angliae‚
1690 1385 1824 1416 Haeredes
1837 1395 1884 1416 aut
1898 1385 2076 1416 Sticceffores
2084 1384 2138 1423 sui,
2156 1384 2267 1422 statim,
2285 1386 2389 1415 incon-

1322 1424 1438 1459 tinenti,
1447 1422 1504 1453 fine
1516 1423 1648 1454 dilatione
1662 1426 1696 1456 &
1711 1424 1939 1455 contradictione
1953 1433 2134 1462 quacumque
2148 1422 2261 1454 Reddet
2271 1422 2388 1460 ,Resti—

1321 1470 1397 1497 tuet,
1416 1462 1449 1492 δε
1469 1462 1661 1502 Deliberabit,
1683 1462 1837 1501 Reddent,
1856 1462 2035 1501 Restituent,
2054 1463 2086 1493 δι
2098 1462 2325 1500 Deliberabunt,
2341 1463 2387 1492 seu

1322 1499 1436 1537 Reddi,
1456 1498 1600 1540 Resticui,
1617 1502 1650 1533 &
1668 1500 1826 1532 Deliberari
1841 1502 1925 1532 faciet
1941 1511 1987 1532 aut
2005 1501 2110 1532 facient
2126 1501 2201 1532 dicta
2218 1501 2387 1539 Loca,Vil-

1321 1539 1358 1568 las
1374 1561 1384 1576 ,
1411 1539 1444 1569 ὅ(
1459 1538 1600 1578 castella,
1627 1540 1684 1570 un¹a
1706 1550 1777 1571 cum
1801 1541 1967 1578 Artellariis,
1987 1539 2171 1578 Bombardis‚
2191 1539 2225 1570 &
2239 1539 2295 1570 :iliis
2310 1540 2386 1570 circa

1323 1576 1494 1608 Custodiam
1519 1588 1577 1608 non
1597 1579 1771 1617 consumptis
1808 1589 1858 1617 per
1872 1578 2036 1608 Indenturas
2053 1579 2086 1609 &
2105 1578 2300 1609 Inventarium
2315 1579 2388 1610 inter

1322 1615 1500 1660 Tradentem
1517 1617 1549 1648 ὃς
1564 1617 1763 1655 Recipientem
1776 1601 1854 1654 super
1869 1617 2031 1655 hujusmodi
2044 1616 2214 1649 Traditione
2229 1616 2388 1655 &Recep-

1323 1664 1401 1685 tione
1418 1654 1558 1693 sigillatas,
1576 1656 1656 1685 dicia·
1671 1659 1796 1686 Domine
1807 1655 1938 1695 Dimffae,
1954 1655 2144 1694 Haeredibus,
2162 1655 2390 1694 Successoribus‚

1323 1694 1370 1724 seu
1392 1693 1539 1732 Affignatis
1560 1693 1613 1725 suis
1628 1718 1638 1732 ,
1666 1694 1817 1725 Fructibus
1835 1697 1920 1724 eriam
1935 1717 1946 1733 ,
1969 1695 2081 1724 interim
2093 1695 2131 1725 de
2141 1695 2224 1726 dictis
2237 1693 2325 1726 Locis
2335 1704 2386 1733 per

1322 1735 1419 1770 Regem
1434 1731 1546 1770 Angliae
1556 1756 1565 1770 ,
1581 1733 1760 1764 Succei'sores
1775 1733 1820 1763 seu
1834 1732 1972 1763 chrcdes
1988 1733 2064 1770 suos,
2081 1742 2128 1764 aut
2142 1743 2192 1771 per
2205 1734 2262 1771 ejus
2276 1732 2323 1764 vel
2335 1742 2387 1763 eo-

1324 1781 1389 1802 rum
1403 1769 1565 1808 Deputatos
1580 1773 1734 1809 perceptis,
1750 1773 1778 1801 in
1791 1771 1894 1802 sortem
1910 1771 2094 1808 principalem
2106 1772 2320 1809 computandis:

1362 1809 1417 1847 Et,
1436 1809 1454 1839 si
1467 1810 1543 1838 dic‘la
1557 1811 1676 1839 Domina
1690 1809 1800 1848 Ductffiz
1816 1833 1826 1847 ‚
1853 1811 1910 1848 ejus
1923 1808 2061 1840 Haeredes
2082 1819 2130 1840 aut
2150 1809 2330 1840 Succefforoe
2346 1810 2390 1840 in-

1325 1850 1409 1879 terim
1429 1848 1501 1877 dicio
1518 1852 1635 1878 Domino
1659 1852 1724 1885 Regi
1742 1848 1855 1886 Angliae
1872 1872 1881 1887 ,
1897 1850 1953 1887 ejus
1969 1847 2139 1879 Haeredibus
2152 1856 2200 1879 aut
2213 1847 2390 1879 Successori-

1325 1888 1378 1918 bus
1389 1911 1398 1925 ,
1426 1886 1568 1917 Guerram
1591 1897 1638 1918 aut
1659 1887 1768 1918 Bellum
1781 1889 1810 1918 in
1829 1887 1964 1918 Remum
1982 1885 2106 1918 Franciae
2119 1896 2166 1918 aut
2179 1887 2307 1926 aliquam
2321 1886 2391 1918 Par-

1327 1935 1385 1957 tem
1398 1925 1521 1962 ejusdem
1539 1936 1591 1964 pro
1603 1926 1674 1964 Jure
1688 1928 1736 1957 suo
1751 1912 1973 1957 Antecei'forum
1988 1926 2021 1957 &
2030 1924 2246 1963 Progenitortm
2260 1925 2386 1964 suorum,

1326 1973 1358 1996 ut
1375 1964 1556 2001 suprafertur,
1575 1964 1770 2002 recuperando
1789 1965 1898 1996 facienti
1919 1974 1967 1996 aut
1983 1964 2051 1994 inde
2069 1964 2237 1996 facientibus
2253 1973 2300 1995 aut
2315 1964 2389 1995 indi·

1326 2004 1456 2034 centibus
1466 2026 1475 2041 ,
1492 2003 1568 2033 dift'a
1584 2003 1712 2043 Duciffiz,
1729 2005 1786 2041 ejus
1799 2003 1937 2035 Haeredes
1951 2012 1997 2034 aut
2018 2002 2198 2035 Successores
2217 2002 2390 2034 Succursum

1327 2044 1361 2074 &
1383 2043 1527 2073 Auxilium
1543 2066 1553 2082 ‚
1579 2052 1610 2073 ut
1633 2043 1712 2080 supra
1732 2042 1924 2074 Conventum
1945 2042 2000 2080 est,
2019 2041 2176 2080 praestiterit
2189 2050 2236 2072 aut
2252 2041 2391 2080 praestize-

1326 2082 1384 2111 rint
1399 2105 1408 2119 ,
1436 2081 1574 2119 Expenfae
1589 2105 1599 2119 ,
1626 2082 1702 2112 circa
1722 2081 1892 2112 Succursum
1906 2081 2094 2121 indicium,
2113 2091 2163 2119 per
2173 2081 2278 2111 diflam
2291 2083 2391 2111 Ducis-

1319 2119 1400 2159 sam,
1415 2121 1473 2158 ejus
1493 2118 1631 2150 Haeredes
1651 2129 1699 2151 aut
1719 2120 1897 2152 Succeffores
1916 2120 2052 2151 faciendae
2066 2143 2076 2158 ,
2099 2120 2342 2159 computabuntur
2355 2119 2389 2150 δε

1326 2159 1503 2189 deducentur
1519 2158 1654 2196 Expensis
1667 2160 1742 2196 prius
1755 2169 1804 2198 per
1818 2160 1920 2189 dmum
1935 2161 2030 2197 Regem
2046 2158 2160 2197 Angliae
2172 2182 2184 2199 ,
2198 2168 2251 2198 pro
2264 2158 2390 2189 Succur-

1327 2198 1357 2228 su
1371 2198 1451 2227 dn‘Jae
1465 2197 1581 2237 Ductffe
1599 2197 1760 2236 praestando
1774 2197 1866 2229 effusis
1878 2201 1911 2230 δε
1926 2199 2070 2236 expofitis:

1364 2236 1402 2266 Et
1421 2260 1431 2275 ,
1453 2237 1558 2266 eodem
1583 2236 1675 2266 modo
1688 2260 1698 2274 ,
1723 2237 1742 2267 fi
1763 2237 1843 2267 dieb
1859 2240 1984 2267 Domina
1997 2235 2131 2276 Ductffie,
2147 2238 2205 2274 ejus
2216 2235 2389 2267 Haeredibus

1325 2284 1372 2306 aut
1394 2274 1610 2306 Succeisoribus
1624 2298 1633 2313 ‚
1658 2275 1800 2306 Giierram
1821 2285 1868 2308 aut
1885 2275 1994 2306 Bellum
2009 2286 2063 2314 pro
2082 2275 2150 2314 Jure
2170 2275 2220 2306 suo
2235 2285 2282 2306 aut
2299 2275 2389 2306 Ante-

1325 2313 1467 2345 cessorum
1482 2314 1527 2344 vel
1546 2313 1764 2352 progenitorum
1778 2315 1892 2345 suorum
1907 2315 1978 2345 infra
1990 2313 2133 2352 Regnum
2146 2313 2270 2344 Franciae
2283 2313 2390 2345 facien-

1326 2354 1348 2384 ti
1361 2353 1405 2383 vel
1420 2352 1575 2391 indicenti,
1594 2353 1777 2390 facientibus,
1791 2354 1839 2384 vel
1854 2354 2040 2385 indicentibus
2056 2376 2066 2392 ,
2084 2353 2170 2382 didius
2182 2355 2242 2382 Rex
2256 2352 2368 2390 Angliae
2377 2373 2390 2391 ,

1328 2392 1383 2428 ejus
1406 2390 1543 2422 Heredes
1562 2400 1608 2421 aut
1631 2390 1813 2423 Succeilbrcs
1833 2391 2004 2423 Succursum
2028 2392 2061 2423 &
2075 2391 2241 2430 Auxilium,
2259 2400 2289 2421 ut
2305 2393 2385 2429 supr-x

1327 2430 1452 2461 similiter
1473 2428 1663 2460 Conventum
1688 2430 1729 2460 est
1744 2454 1753 2469 ,
1776 2430 1933 2468 praestiterit
1953 2440 2000 2461 aut
2019 2431 2196 2469 praestiterint
2211 2455 2220 2468 ‚
2247 2429 2385 2468 Experiri:

1327 2471 1402 2500 circa
1417 2468 1588 2499 Succursum
1625 2469 1792 2506 taedia-um,
1810 2480 1858 2508 per
1874 2470 1974 2499 dierum
1987 2472 2082 2507 Regem
2092 2469 2220 2506 Angliae,
2238 2469 2296 2506 ejus
2311 2468 2387 2499 Hae-

1327 2508 1405 2539 redes
1424 2507 1469 2537 seu
1491 2478 1672 2538 Successgires
1696 2507 1832 2538 faciende
1852 2509 1936 2537 eidem
1958 2511 2048 2546 Regi,
2070 2508 2190 2545 ejusdem
2214 2506 2386 2537 Haeredibus

1327 2547 1373 2576 vel
1389 2546 1603 2577 Successoribus
1625 2555 1674 2581 per
1692 2546 1793 2575 difflata
1810 2546 1963 2586 Duafflim,
1979 2556 2036 2583 ejus
2051 2545 2188 2576 Haeredes
2209 2554 2256 2576 aut
2267 2544 2388 2576 Succes—

1325 2585 1398 2654 {ores
1420 2586 1542 2615 omnino
1565 2585 1598 2615 &
1618 2584 1675 2615 sine
1691 2585 1917 2617 contradictione
1931 2584 2121 2616 Resolvendae
2138 2585 2172 2616 &
2190 2583 2390 2616 Restituendae

1337 2634 1396 2655 unt.

1363 2663 1419 2692 ET
1447 2672 1489 2694 rN
1502 2671 1571 2694 sup
1582 2671 1600 2693 ε
1613 2672 1635 2693 R
1651 2685 1661 2700 ,
1687 2661 1876 2694 Conventum
1894 2662 1936 2693 est
1954 2663 1988 2694 &
2006 2661 2228 2694 Concordaturn
2244 2662 2326 2702 quod
2337 2664 2352 2701 '‚
2370 2662 2389 2693 fi

1327 2702 1390 2768 plost
1404 2701 1579 2770 Dfiscensum
1597 2701 1764 2731 Excercitsis
1778 2701 1955 2732 Illuitrii'fimi
1968 2706 2045 2740 Regis
2060 2702 2190 2741 Angli-2,
2203 2711 2250 2733 aut
2265 2702 2390 2745 interim,

1326 2750 1360 2769 ai
1384 2750 1415 2769 ua
1459 2750 1514 2770 oca

1329 2749 1435 2815 iiiios,
1453 2789 1500 2809 aut
1518 2763 1652 2810 Rebelles
1670 2779 1749 2808 diHae
1772 2782 1897 2809 Dommae
1912 2778 2028 2819 Ductffle
2043 2789 2172 2811 tenentur
2193 2780 2227 2810 &
2241 2789 2387 2817 occupan-
2406 2794 2468 2820 ,ὀᾶ

1327 2826 1389 2854 tur,
1409 2818 1519 2854 evinci,
1539 2819 1710 2855 recuperari,
1729 2818 1851 2853 restitui,
1870 2818 1970 2858 reddi,
1987 2828 2034 2849 aut
2052 2819 2107 2849 alio
2126 2828 2313 2856 quocumque
2322 2828 2388 2848 mo-
2406 2814 2418 2831 ³

1328 2856 1368 2885 do
1387 2855 1465 2885 dicia*
1482 2857 1607 2885 Dominae
1627 2855 1742 2895 Duciffle
1760 2857 1906 2888 deliberari
1924 2858 2089 2896 contigerit,
2107 2866 2176 2888 tunc
2190 2880 2200 2896 ,
2215 2857 2235 2887 fi
2251 2858 2322 2886 ditio
2333 2858 2387 2885 Re-

1326 2897 1355 2931 gi
1368 2896 1479 2932 Angi'iae
1493 2895 1588 2937 ‚·ejus
1605 2894 1775 2925 Haereuibus
1791 2905 1839 2926 aut
1856 2895 2070 2927 Succefforibus
2088 2896 2242 2933 placuerit,
2261 2894 2333 2924 Duo
2350 2894 2387 2925 de

1328 2933 1379 2963 illis
1400 2933 1486 2964 Locis
1504 2938 1543 2963 iic
1562 2935 1727 2972 recuperatis
1745 2935 1779 2965 δε
1798 2933 1944 2972 restitutis,
1963 2945 2011 2966 aut
2028 2944 2100 2965 unus
2114 2943 2214 2965 eorum
2229 2956 2239 2969 ,
2257 2932 2314 2962 five
2334 2931 2388 2963 Ci-

1328 2974 1398 3002 vitas
1416 2971 1619 3003 Maelovienfis
1632 2995 1642 3011 ,
1667 2981 1714 3004 aut
1730 2973 1796 3003 alius
1814 2973 1912 3004 Locus
1929 2974 2080 3011 quicumq·,
2099 2972 2184 3002 fuerit
2197 2971 2327 3009 ,statim,
2343 2973 2388 3001 in-

1328 3012 1487 3041 continenti
1511 3012 1544 3042 &
1566 3011 1623 3041 fine
1648 3011 1896 3049 contradictione,
1927 3012 1998 3042 cum
2020 3011 2099 3047 super
2121 3010 2179 3040 hoc
2201 3008 2388 3040 Voluntatem

1329 3049 1407 3079 suam
1431 3049 1611 3080 declaraverit
1637 3059 1684 3080 aut
1701 3050 1905 3080 declaraverint
1921 3073 1931 3086 ,
1955 3051 1989 3081 &
2006 3058 2055 3086 per
2072 3048 2194 3079 eundem
2212 3058 2258 3080 aut
2272 3047 2388 3079 eosdem

1329 3088 1404 3117 dila
1422 3086 1531 3126 Duciffiae
1546 3110 1555 3125 ,
1578 3089 1637 3126 ejus
1656 3087 1793 3118 Haeredes
1815 3098 1861 3118 aut
1885 3086 2063 3119 Success'ores
2089 3086 2169 3123 super
2187 3086 2245 3118 hoc
2262 3087 2388 3126 requisita

1328 3128 1411 3158 fuerit
1429 3136 1475 3157 aut
1494 3126 1616 3163 requisiti
1635 3125 1740 3157 fuerint
1755 3149 1765 3164 ,
1790 3136 1842 3164 pro
1861 3126 2014 3157 Securitate
2033 3123 2229 3155 Restitutionis
2247 3124 2389 3163 Expensa-

1328 3175 1392 3196 rum
1408 3189 1417 3202 ,
1440 3174 1507 3202 quas
1525 3166 1601 3195 circa
1619 3164 1790 3197 Succursum
1814 3164 1981 3203 praediCtum
1992 3185 2001 3201 ,
2017 3163 2117 3192 dicium
2131 3166 2228 3201 Regem
2244 3172 2388 3202 exponere

1328 3204 1496 3241 contigerit7
1514 3203 1648 3233 Nomine
1668 3204 1801 3240 Pignoris
1820 3205 1853 3235 ὃς
1871 3201 2033 3241 Ypothecae
2047 3225 2056 3239 ,
2083 3212 2113 3232 ut
2130 3202 2315 3240 suprafertur,
2333 3211 2389 3233 tra-

1328 3243 1429 3272 dentur
1448 3244 1482 3272 &
1500 3241 1741 3280 deliberabunzur,
1759 3242 1803 3271 seu
1821 3240 1944 3272 tradetur
1962 3242 1996 3271 &
2014 3240 2229 3280 deliberabitur,
2245 3242 2300 3272 una
2318 3251 2388 3273 cum

1330 3281 1439 3318 lingulis
1458 3279 1724 3310 Commoditatibus
1745 3280 1776 3310 &
1794 3279 1952 3310 Fructubus
1969 3288 1998 3308 ut
2015 3278 2110 3317 supra,

1365 3318 1483 3348 Proviso
1502 3327 1594 3348 tamen
1609 3318 1704 3355 quod,
1723 3318 1743 3347 si
1763 3317 1833 3348 Duo
1850 3318 1886 3348 de
1900 3317 1951 3347 illis
1971 3316 2073 3354 Locis,
2090 3319 2127 3348 fic
2146 3316 2331 3356 Recuperatis
2342 3327 2391 3350 aut

1330 3357 1439 3387 Evieiis
1450 3380 1458 3393 ,
1477 3357 1533 3386 unii
1551 3365 1619 3386 cum
1639 3355 1766 3386 Castellis
1785 3356 1853 3393 suis,
1870 3356 1904 3386 ad
1923 3355 1988 3384 disti
2003 3358 2080 3393 Regis
2093 3355 2264 3388 petitionem
2277 3358 2310 3389 ὅ(
2326 3357 2390 3389 Re-

1327 3395 1532 3435 quisitionein,
1556 3395 1606 3423 sibi
1630 3395 1726 3424 tradita
1753 3395 1786 3424 &
1808 3394 1955 3425 deliberata
1972 3393 2098 3432 fuerint,
2123 3395 2174 3426 alia
2198 3394 2271 3426 Duo
2290 3396 2390 3434 Loca,

1329 3443 1394 3471 quae
1411 3434 1539 3469 prius-lic
1557 3433 1643 3462 Loco
1660 3432 1788 3471 Pignoris
1806 3433 1894 3463 tenuit
1911 3433 1944 3463 &
1963 3434 2132 3470 occupavit,
2151 3433 2269 3471 pacifice
2282 3435 2316 3465 &
2329 3434 2388 3465 fine

1327 3470 1557 3502 contradictione
1570 3471 1650 3499 diffae
1667 3469 1782 3509 Duciffae
1800 3481 1848 3501 aut
1867 3470 2016 3509 Affignatis
2033 3471 2085 3501 suis
2110 3471 2253 3504 Restituet
2270 3474 2304 3505 &
2324 3472 2387 3503 De-

1327 3510 1456 3542 liberabit
1471 3519 1477 3537 :
1504 3508 1536 3543 81·
1552 3511 1624 3539 vero
1643 3518 1733 3539 unum
1751 3508 1787 3538 de
1804 3508 1887 3539 dietis
1906 3507 1993 3539 Locis
2006 3533 2016 3546 ,
2043 3508 2081 3540 fic
2101 3509 2211 3541 Eviffis
2227 3520 2274 3541 aut
2291 3512 2389 3542 Recu-

1329 3550 1428 3588 peritis
1441 3571 1451 3583 ,
1476 3546 1510 3576 ad
1528 3547 1604 3576 suam
1624 3546 1796 3577 Petitionem
1813 3547 1847 3577 &
1865 3547 2094 3583 Requifitionem
2108 3573 2120 3588 ,
2143 3558 2173 3580 ut
2190 3549 2388 3588 supradicitur,

1330 3588 1416 3617 dietus
1431 3588 1492 3615 Rex
1510 3607 1520 3623 ,
1545 3584 1680 3616 Nomine
1698 3585 1829 3622 Pignoris
1842 3594 1888 3616 aut
1903 3585 2066 3623 Ypothecae
2079 3611 2089 3626 ,
2114 3588 2270 3619 obtinuerit
2286 3588 2320 3619 &
2335 3597 2388 3618 oc-

1329 3625 1495 3663 cupaverit,
1520 3623 1631 3661 statim,
1645 3625 1836 3655 incontinenti
1855 3625 1889 3656 &
1911 3624 1969 3655 sine
1991 3625 2214 3657 contradiffione
2237 3634 2326 3656 unum
2351 3624 2389 3655 de

1330 3664 1456 3696 Duobus
1481 3663 1568 3692 Locis
1581 3685 1591 3700 ,
1615 3664 1690 3700 prius
1715 3671 1764 3700 per
1788 3663 1911 3693 eundem
1936 3662 1975 3694 fic
1994 3663 2081 3695 Loco
2099 3663 2134 3694 Pi
2174 3666 2229 3696 oris
2245 3664 2390 3700 occupatis

1332 3704 1366 3734 &
1383 3701 1519 3744 detentis,
1535 3700 1570 3731 ad
1585 3700 1644 3739 ejus
1659 3701 1841 3731 Electionem
1856 3724 1866 3740 ,
1882 3701 2024 3734 dimittere
2038 3724 2049 3742 ,
2067 3703 2102 3734 &
2119 3674 2199 3734 ἰὲι
2214 3699 2328 3740 Ductffae
2341 3710 2389 3733 aut

1334 3739 1484 3776 Affignans
1502 3738 1554 3768 suis
1570 3739 1730 3771 Restituere
1744 3747 1886 3777 tenentum

1369 3776 1486 3808 Proviso
1502 3776 1612 3816 insuper
1628 3778 1710 3816 quod
1726 3778 1813 3808 diceus
1829 3779 1889 3808 Rex
1907 3777 2019 3816 Angliae
2036 3788 2098 3810 non
2113 3778 2211 3809 debeat
2227 3776 2307 3808 fimul
2325 3777 2388 3809 Te·

1331 3826 1398 3848 nere
1424 3816 1458 3847 &
1477 3814 1628 3852 occupare
1648 3818 1728 3847 Loca
1745 3817 1781 3847 de
1799 3816 1877 3847 Brest
1902 3818 1936 3848 ὃς
1950 3817 2041 3848 Tonc
2062 3817 2224 3847 lorumneau
2240 3827 2251 3853 3
2273 3814 2317 3846 sed
2330 3840 2339 3854 ,
2365 3817 2387 3848 fi

1332 3863 1422 3888 unum
1441 3863 1543 3884 eorum
1560 3855 1716 3885 obtinuerit
1728 3876 1738 3892 ‚
1756 3855 1840 3885 aliurn
1857 3855 1938 3884 diffie
1954 3857 2026 3885 Daci
2045 3865 2070 3884 e
2085 3853 2225 3884 dimittere
2249 3863 2386 3887 teneatur.

1369 3891 1440 3923 Ῑτε
1450 3899 1497 3930 Μ,
1514 3891 1763 3924 (Σουνεηωῐπᾶὶ
1780 3894 1814 3924 &
1830 3892 2050 3927 concordatum
2068 3890 2147 3929 quod
2162 3913 2172 3928 ,
2187 3901 2240 3928 pro
2257 3901 2390 3931 tempore

1330 3941 1392 3970 quo
1419 3931 1571 3969 contigerit
1593 3930 1785 3968 supradictum
1799 3930 1983 3962 Excercitum
1997 3933 2075 3967 Regis
2092 3928 2205 3966 Angliae
2222 3931 2298 3962 circa
2316 3932 2390 3963 Suc-

1331 3968 1446 4000 cursum
1462 3968 1632 4006 praedietum
1650 3969 1738 4007 stare,
1757 3979 1888 4006 manere,
1904 3969 1951 4000 seu
1969 3977 2002 3998 ex
2025 3967 2115 3997 actare
2128 3990 2138 4005 ,
2158 3968 2226 3999 infra
2241 3968 2388 4002 Duoetum

1333 4006 1507 4048 praediCtum
1518 4028 1530 4046 ,
1553 4015 1588 4038 ex
1603 4004 1684 4039 Parte
1701 4006 1794 4048 Regis
1810 4008 1953 4047 praediffi,
1966 3977 2143 4045 issfgmbiiur
2160 4006 2194 4038 ὃς
2211 4007 2390 4046 deputabitur

2322 4053 2394 4077 Uul-³5

1566 2750 1734 2779 quaecumq,
1754 2740 1874 2779 fuerint,
1891 2743 1909 2759 *
1931 2751 1995 2778 quae
2012 2741 2104 2772 modo
2123 2751 2172 2779 per
2186 2740 2311 2778 Hostes,
2330 2739 2389 2770 Ini-
2408 2757 2423 2772 ι
2441 2755 2466 2781 χ
2472 2756 2510 2784 11·
