2555 4266
207 129 289 170 134
668 104 1903 167 CONVENTIONES‚L1TERAE‚·

51 197 131 227 Ann·
144 195 186 226 D·
205 201 256 232 fibi
271 201 308 232 de
321 199 411 232 Marit
447 199 476 229 io
491 206 621 239 congruo
634 199 668 232 &
684 200 867 232 convenienti
878 198 1087 240 providerimus
1102 223 1112 238 ,
1128 205 1212 237 prout
1234 198 1265 228 in
1303 194 1369 233 stri,
1390 194 1508 226 Wlteri
1527 198 1600 240 Cogi)
1619 198 1652 228 &
1667 200 1781 229 Henrici
1795 199 1962 240 Ber-mychan
1973 199 2009 231 de
2025 198 2108 231 Lenn
2124 196 2358 240 EpiscopifMer-
2374 191 2453 225 Arm·
2465 191 2510 224 D.·

82 235 168 274 1465.
207 241 310 272 Literis
322 239 410 278 praedi
443 239 464 268 is
477 238 583 277 plenius
595 240 768 278 continetur,
1302 241 1432 266 catorum
1442 257 1452 273 ,
1469 234 1592 273 plenarie
1607 236 1796 275 confidentes,
2397 231 2493 277 14⁶5:

54 275 162 339 ghisi...
245 278 337 309 Vobis
351 277 526 308 Mandamus
539 278 619 315 quod
635 278 718 307 eidem
732 281 902 316 Margaretae
915 277 962 316 id,
980 276 1058 316 quod
1073 276 1101 306 ei
1115 285 1130 305 a
1143 283 1219 305 retro
1227 273 1268 305 est
1343 272 1418 312 Ipsos
1430 273 1542 304 nostros
1553 283 1635 304 veros
1648 275 1682 305 &
1696 274 1868 306 indubitatos
1883 275 2119 317 Ambafliatores,
2133 274 2363 314 Commiflarios,
2374 272 2442 302 Edv·
2460 280 2491 307 4³

207 317 243 348 de
259 317 402 355 praedie‘cis
415 316 633 355 ,Quadringentis
646 319 752 347 Marcis
771 318 889 354 annuis,
911 326 927 346 a
947 317 1088 356 praedicto
1107 313 1268 344 Tricesimo
1306 311 1523 356 Procuratores,
1542 312 1720 351 Deputatos,
1738 314 1772 345 &
1786 313 1922 344 Nuncios
1935 318 2074 354 generales
2088 318 2121 348 &
2135 316 2263 354 speciales
2277 313 2363 344 Con-

208 356 285 393 Die,
311 355 344 386 δε
365 354 474 385 easdem
499 355 726 394 Qadringentas
748 358 861 384 Marcas
883 365 987 385 annuas
1007 362 1139 389 exnunc,
1157 352 1267 390 singulis
1305 349 1465 388 stituimus,
1482 351 1707 389 Deputavimus,
1725 351 1759 382 &
1781 350 2004 391 Ordinavimus,
2025 364 2077 393 ae,
2095 354 2214 386 Tenere
2238 352 2364 385 Praesen-

210 395 317 432 Annis,
344 393 490 431 quousque
513 395 562 424 fibi
585 393 619 424 de
640 392 793 432 Maritagio
817 402 947 432 congruo
965 393 999 424 &
1019 391 1199 423 convenienti
1222 399 1270 429 per
1304 390 1394 427 tium,
1412 388 1639 427 Constituimus,
1657 389 1853 428 Deputamus,
1870 391 1904 421 δε
1919 390 2110 430 ordinamus,

210 432 280 463 Nos
294 431 437 471 provisum
452 432 550 468 fuerit,
565 432 602 462 de
615 431 763 462 Thesauro
779 431 894 470 nostro,
910 432 946 461 de
966 431 1118 468 Tempore
1136 431 1165 459 in
1177 428 1269 458 Tem·
1345 428 1365 447 ³¹¹⁵
1381 428 1489 459 Dantes
1508 429 1541 459 &
1563 427 1762 459 Concedentes
1781 428 1884 459 eisdem
1908 428 2180 468 Ambaffiatoribus,
2197 431 2364 470 Deputatis,
2377 434 2458 462 *XL

209 480 277 510 pus,
296 469 331 500 ad
345 469 424 501 Festa
440 470 575 508 praedicta
586 470 698 501 solvatis
714 471 793 509 quta
815 470 962 501 Tenorem
986 470 1143 500 Literarum
1163 466 1270 496 nostra·
1307 467 1342 497 &
1357 465 1483 497 Nunciis
1497 466 1610 504 nostris,
1629 466 1773 505 Quarum,
1790 466 1902 505 Tribus,
1920 475 1967 497 aut
1981 467 2092 498 Duobus
2105 478 2141 498 ex
2150 465 2203 501 illis
2221 470 2363 509 (quorum
2381 480 2448 512 553.

58 359 124 385 552·

57 861 136 894 Anu.
150 862 191 893 D.

78 902 186 941 1465.‘

55 943 110 968 An.
125 949 154 977 5.
197 956 202 960 »

57 982 88 1006 Ε,
105 989 134 1015 4.

56 1020 144 1044 Fratre.

57 1055 86 1081 6.
104 1060 173 1091 E.4.

57 1102 93 1120 m.
117 1103 163 1129 ¹4·

59 1283 148 1312 *XL

59 1329 131 1356 552·

208 519 275 540 rum
290 508 498 546 praedietarum.
739 550 744 555 ι
915 547 920 552 .
1114 545 1118 549 Ι

246 547 336 578 Teste
350 547 434 586 Rege
447 547 523 585 apud
538 545 806 587 Westmonastertum,
822 556 862 577 xv
878 545 937 577 Die
952 544 1142 576 Novembris.

863 623 890 651 Ε
891 628 904 651 t
923 625 983 650 erat
1002 622 1113 650 Patent.

382 774 564 816 Trac‘iatus,
589 784 657 804 cum
677 774 749 818 Rege
767 772 887 812 Daciae,
913 768 1117 813 Confirmatio.

215 860 334 922 REX
349 859 495 891 Omnibus
500 881 518 926 ,i
529 857 563 888 ad
582 866 671 895 quos,
689 856 749 887 &c.
768 854 901 885 Salutem.

414 908 425 927 s
460 907 499 926 uo

247 900 716 976 Cumsgiilplerql'ran'smiserimus,
733 930 861 961 Dilee'tos
876 930 1030 973 &fideles
1050 927 1178 973 nostros,
1204 927 1272 959 Ma-

184 1002 185 1005 ,
214 978 332 1016 gistrum
346 974 479 1014 Jacobum
492 971 625 1001 Goldweli'
651 971 800 1001 Decanum
820 969 954 1000 Eccleiiae
977 966 1151 998 Cathedralis
1170 966 1270 998 Sarum

215 1018 325 1048 Leumn
342 1014 503 1044 Doctorern
528 1011 679 1040 Strenuum
693 1008 820 1038 Militem
836 1007 999 1037 Dominum
1016 1005 1176 1045 Johannem
1188 1005 1272 1047 Chry—

205 1043 418 1092 nest-[enricum
431 1035 646 1117 Shaspi-ILeg‘um
665 1046 830 1115 gottorkem
850 1045 1105 1116 IgrotEonotalrziu?
1125 1044 1269 1114 nostffiim,

288 1103 299 1116 ι
537 1097 652 1116 enricum
693 1095 748 1115 erm
764 1096 775 1114 c
796 1095 841 1114 am
875 1094 890 1115 e
942 1093 998 1114 enn
1071 1093 1079 1114 i
1093 1093 1128 1114 co
1151 1093 1159 1112 i
1207 1094 1209 1098 ’
1223 1094 1268 1115 er-

206 1089 533 1167 Zfloliesffniidcffeygffiim
548 1125 660 1164 Daciae,
742 1096 762 1124 y
1050 1093 1069 1122 p
1129 1093 1149 1122 p
1236 1161 1241 1166 ι

201 1186 213 1190 Δ·
247 1169 292 1200 Ac
305 1168 378 1206 ipsos
393 1166 504 1196 nostros
521 1174 601 1195 veros
616 1165 648 1195 ὃ(
672 1161 842 1192 indubitatos
866 1160 1093 1199 Ambaffiatores,
1119 1160 1268 1204 Commis-

184 1208 305 1244 ssusarios,
325 1206 539 1241 Procuratores,
558 1203 733 1239 Deputatos,
751 1202 784 1233 &
799 1200 1086 1244 Nunciosgenerales
1107 1201 1140 1232 &
1163 1199 1267 1237 specta-

185 1247 244 1278 ·les
260 1245 518 1281 Constituerirnus,
540 1240 795 1278 DeputaverimuS,
820 1241 853 1271 &
874 1238 1108 1269 Ordinaverimus
1128 1248 1196 1269 cum
1220 1237 1270 1268 Se-

208 1285 351 1316 reniffimo
371 1283 504 1320 Principe
525 1279 666 1319 Crtsti'erno
688 1281 799 1317 Daciae,
818 1281 944 1315 Sweciae,
963 1277 981 1297 ²7
1002 1279 1175 1314 Norwegiae,
1196 1275 1271 1306 Scla-

207 1335 320 1360 vorum‚
337 1320 532 1360 Gothorumque
546 1322 632 1356 Rege,
650 1318 694 1348 seu
716 1318 772 1355 ejus
797 1315 1068 1360 Ambaiiiatoribus,
1090 1315 1271 1360 ‘Commissa-

187 1372 190 1376 ·
204 1364 271 1401 riis,
290 1360 539 1407 Procuratoribus,
555 1357 706 1425 gepigtatis
721 1356 789 1424 ,engle
811 1354 950 1424 Iglurigciisfi
960 1353 1174 1423 Clonvergijendil,
1188 1354 1272 1422 dTras·

185 1398 749 1477 --fi{³‘2}{³¹s’0poe?¹3523e¹¹tff{¹⁰&¹'reaiilffl'ce
763 1403 1048 1476 affiuss’chssssciiaef
1057 1403 1186 1469 112³?ssss
1198 1402 1274 1461 {213

208 1484 268 1508 r'arn
288 1478 374 1515 quam
390 1485 438 1512 per
456 1474 555 1512 Mare,
579 1482 691 1504 necnon
714 1471 810 1511 Ligis,
835 1471 999 1510 Amicmts,
1025 1472 1059 1501 &
1079 1469 1270 1501 Confoedera-

208 1517 333 1548 tionibus
348 1514 585 1552 quibuscumque,

188 1569 202 1579 κ
246 1555 321 1585 Inter
334 1556 393 1583 Nos
407 1550 634 1589 &successores
651 1549 778 1587 nostros,
796 1558 830 1579 ac
844 1547 964 1589 Regna,
978 1548 1095 1587 Terras,
1114 1549 1146 1581 ὃς
1164 1547 1272 1578 1)οωί-

185 1594 255 1625 “nia
270 1592 382 1629 nostra,
401 1590 552 1627 Subditos,
570 1589 707 1626 Amicos,
727 1588 883 1624 Alligatos,
908 1587 1147 1624 Confoederatos,
1165 1586 1274 1617 Faven-

210 1642 264 1670 tes,
283 1632 315 1662 &
334 1631 513 1660 Adhaerentes
527 1627 637 1661 nostros
653 1626 846 1665 quoscumque
861 1635 894 1656 ex
915 1626 997 1656 Parte
1025 1637 1096 1663 una,
1120 1626 1154 1656 &
1174 1626 1272 1663 praefa-

184 1675 192 1679 ’
206 1678 270 1701 turn
289 1673 388 1705 Regum
414 1667 588 1707 Cristiernum
602 1689 611 1703 ,
637 1665 754 1704 Regna,
771 1665 887 1702 Terras,
904 1662 1059 1702 Civitates,
1078 1664 1186 1702 Opida,
1211 1664 1273 1694 Vil-

187 1709 248 1740 :las
280 1707 379 1738 Castra
415 1706 535 1742 Patrias,
553 1705 586 1735 &
604 1704 741 1733 Dominia
753 1703 815 1738 sua,
831 1702 982 1742 Subditos,
1008 1703 1143 1741 Amicos,
1170 1702 1274 1741 Alliga-

208 1733 266 1784 tos⁷,
288 1730 507 1776 Consoederatos
522 1766 532 1781 ,
556 1743 706 1780 faventes,
732 1742 766 1772 ec
788 1741 973 1772 Adhaerentes
993 1740 1055 1771 suos
1079 1741 1273 1782 quoscumque

209 1795 243 1817 ex
260 1786 340 1817 Parte
355 1784 452 1822 altera,
470 1781 683 1819 contrahendis,
702 1780 843 1817 ineundi3,
861 1781 895 1812 &
909 1779 1062 1817 firmandis,

248 1824 381 1854 Necnon
398 1822 503 1852 Pacem
519 1821 552 1851 &
567 1819 789 1857 Concordiam,
808 1819 907 1857 Ligas,
924 1818 1082 1858 Amicitias,
1099 1819 1132 1849 δε
1146 1816 1274 1850 Confoe-

192 1863 363 1893 'derationes
387 1859 553 1898 hujusmodi
564 1882 574 1898 ,
590 1860 642 1888 viis
660 1859 693 1889 &
707 1857 801 1888 modis
813 1859 949 1889 omnibus
965 1858 1068 1896 quibus
1082 1857 1213 1896 expedire
1230 1858 1275 1889 vi-

190 1917 193 1919 ·
207 1902 337 1939 deretur,
355 1898 483 1929 Vallandi
499 1899 532 1930 &
547 1896 714 1927 Roborandi
724 1919 733 1932 ,

246 1939 284 1970 Et
304 1941 341 1970 ita
354 1937 398 1968 est
416 1936 497 1974 quod
513 1936 583 1967 dieti
603 1934 818 1966 Ambaffiatores
832 1934 921 1966 nostri
937 1934 1070 1973 quasdam
1086 1934 1168 1966 Pacis
1183 1934 1216 1966 &
1232 1934 1274 1966 Α-

210 1979 381 2009 micitiarum
403 1975 688 2013 Confoederationes,
713 1974 865 2012 UnioneS,
883 1974 917 2005 &
940 1974 1021 2012 Ligas
1046 1973 1148 2010 reales,
1167 1973 1274 2011 firmas,

158 2034 161 2038 ⁴
209 2019 244 2049 ὅ(
267 2025 417 2059 perpetuas·
442 2023 510 2045 curn
536 2013 788 2044 Ambasiiatoribus
808 2011 916 2049 praef-ati
936 2012 1112 2043 Illustriffimi
1135 2012 1275 2050 Principis

210 2059 288 2092 Regis
302 2058 395 2085 Dacia
411 2055 552 2091 inierunt,
568 2059 785 2088 contraxerunt,
803 2052 836 2082 &
851 2051 1066 2088 concluserunt,

238 2094 394 2162 l'Uti‘iath
414 2093 444 2122 in
466 2091 566 2139 Literis
589 2090 655 2120 inde
679 2089 821 2121 conferitis
839 2091 1019 2129 continetur,
1037 2099 1157 2128 quarum
1172 2089 1273 2121 Tenor

208 2140 269 2164 tais
285 2142 300 2162 e
334 2154 345 2170 ,

247 2209 434 2240 UNWERSIS
451 2207 600 2238 Cnrusrr
619 2207 822 2245 Fmemms,
845 2205 879 2236 ad
907 2216 978 2245 quos
1000 2205 1146 2244 praesentes
1170 2206 1274 2237 Literae

209 2250 404 2286 pervenerint,
424 2246 507 2285 Nos,
525 2246 645 2285 Jacobus
664 2245 802 2275 Goldwell
818 2245 952 2276 Decanus
967 2244 1099 2275 Ecclefiae
1117 2244 1272 2275 Cathedra-

210 2288 244 2317 lis
259 2287 358 2317 Sarum
377 2287 491 2324 Legum
503 2285 636 2322 Doctior,
653 2284 797 2323 Johannes
813 2283 916 2324 cheyne
933 2283 1030 2321 Miles,
1042 2285 1174 2313 Heuricus
1187 2282 1274 2321 Sharp

212 2326 324 2359 Legum
341 2325 457 2355 Doc'tor
474 2324 609 2354 Notarius
624 2324 750 2361 Reeius,
770 2322 907 2352 Walterus
924 2327 995 2359 Cony
1010 2323 1043 2353 δε
1058 2324 1189 2352 Heu-ricus
1203 2325 1274 2351 Ber-

197 2358 330 2404 zmyilmm
343 2364 378 2394 <le
397 2364 479 2393 Lenn
495 2362 625 2400 Episcopi
643 2361 835 2399 Mercatores,
853 2360 1029 2391 Illustrislimi
1043 2371 1077 2391 ac
1093 2359 1274 2390 Christianis—

210 2403 275 2432 simi
298 2403 435 2440 Principii:
453 2401 577 2431 Domini
595 2401 734 2430 Edu-cardi
756 2401 865 2439 glutini
877 2399 990 2438 Angliae
1006 2398 1043 2434 όν
1058 2402 1181 2429 Franciae
1195 2402 1273 2436 Regis

210 2451 244 2472 ac
266 2444 376 2470 Domini
397 2440 553 2477 Han-rm,
574 2439 808 2477 Ambiisiatores,
827 2437 1036 2476 Commiisarii,
1054 2438 1272 2476 Procuratores,

211 2480 246 2509 &
259 2479 374 2509 Nuncii
392 2478 530 2517 generales
545 2480 578 2510 &
595 2478 738 2515 speciales,
756 2477 790 2507 ad
807 2476 981 2514 Infrascripta
995 2477 1144 2515 specialiter
1158 2477 1275 2517 deputa-

210 2519 248 2556 ti,
268 2517 392 2547 Salutem
407 2518 433 2546 iii
448 2518 580 2546 omnium
598 2517 748 2546 Salvatore.

248 2554 296 2586 Illa
318 2555 503 2585 Consuetudo
525 2555 601 2585 reete
626 2554 838 2593 Regnantium‚
856 2554 900 2583 ille
922 2553 992 2584 Mos
1009 2553 1084 2592 juste
1104 2553 1273 2591 Principan-

211 2596 285 2625 tium
308 2593 416 2630 semper
439 2594 491 2623 fuit
508 2615 516 2630 ,
542 2593 653 2623 Bonum
678 2593 812 2623 Comune
835 2592 1025 2623 Subditorurri
1048 2593 1273 2631 quibuscumque

212 2632 332 2662 Privatis
358 2632 487 2670 praeferre
510 2631 681 2662 Commodis
700 2654 709 2668 ,
740 2631 894 2668 talibusque
914 2630 1137 2667 Rempublicam
1163 2633 1274 2661 munire

212 2670 368 2709 Praesidiis,
385 2680 434 2707 per
448 2679 512 2707 quae
526 2669 615 2707 pollet
631 2671 785 2706 continue,
802 2670 912 2698 semotis
927 2668 1102 2699 Guerrarum
1115 2670 1271 2707 inquietan-

213 2710 286 2740 tium
301 2709 334 2739 &
351 2708 561 2746 dispendiorum
577 2708 755 2737 Turbinibus
770 2709 802 2737 &
818 2707 1035 2745 Incommodis,
1055 2708 1160 2745 Qieta
1174 2709 1207 2738 ὅτ
1221 2707 1271 2738 Se-

213 2758 281 2779 cura
294 2746 450 2786 persistere,
468 2756 500 2776 ac
514 2746 565 2776 sub
581 2746 745 2776 suaviisiriiae
760 2745 842 2776 Pacis
853 2745 995 2775 Felicitate
1013 2745 1114 2784 laetari,

252 2786 344 2823 Quod
367 2794 435 2815 tunc
459 2786 517 2814 latis
538 2785 639 2815 utiliter
654 2785 807 2822 promereri
825 2784 895 2814 ciirri
912 2782 1064 2813 Christiani
1080 2784 1224 2822 Principes
1238 2784 1271 2815 &

211 2825 257 2856 alii
280 2824 385 2855 Seculo
406 2823 555 2861 Potentes,
581 2824 610 2853 in
634 2833 731 2853 veram
755 2823 922 2852 Amicitiam
945 2822 1110 2860 conjuntsti,
1136 2823 1164 2851 in
1187 2832 1272 2852 unam

214 2864 319 2894 mentis
339 2862 562 2892 Consonantiam
575 2861 728 2891 affectuose
743 2862 936 2899 conveniunt,
953 2860 986 2891 &
1001 2861 1083 2891 iimul
1098 2859 1274 2891 indissolubi-

212 2902 245 2932 lis
261 2901 378 2931 Amoris
396 2900 516 2930 Foedere
528 2901 562 2932 &
584 2899 678 2930 Modo
693 2900 866 2936 copulantur.

251 2939 323 2969 Hoc
340 2940 491 2978 siquidem,
510 2938 702 2968 Serenii'fimus
715 2938 867 2976 Princeps,
886 2939 918 2969 δε
935 2937 1079 2968 Dominus
1093 2936 1189 2967 noster
1205 2936 1274 2968 Me-

215 2978 410 3009 tuendissimus
432 2976 642 3016 suprascriptus,
661 2977 798 3007 interioris
823 2976 1061 3007 Considerationis
1083 2975 1138 3005 suae
1162 2977 1216 3013 piae
1241 2977 1274 3007 &

214 3017 364 3048 catholice
386 3016 532 3045 revolvens
554 3016 700 3053 examine,
717 3016 751 3045 ad
778 3015 955 3045 Renovanda
976 3014 1056 3045 Pacis
1081 3016 1113 3046 ἃ
1130 3014 1277 3045 Amicitia-

214 3065 280 3086 rum
297 3055 434 3092 Foedera,
451 3055 522 3083 inter
538 3054 643 3084 inclitae
658 3055 805 3084 memoriae
818 3055 1015 3091 progenitores
1030 3054 1091 3083 suos
1106 3052 1201 3088 Reges
1218 3054 1280 3083 An-

214 3094 297 3133 glise,
314 3103 347 3123 ex
363 3093 437 3130 una,
455 3102 487 3122 ac
504 3091 624 3129 ejusdem
639 3093 787 3121 memoriae
803 3092 898 3131 Reges
916 3092 1031 3129 Daciae,
1047 3101 1081 3121 ex
1097 3091 1198 3129 altera,
1214 3091 1280 3122 Par-

217 3134 310 3169 tibus,
330 3131 429 3162 Nobis
450 3130 653 3160 Conveniendi
665 3153 674 3167 ,
692 3130 846 3160 Tractandi
858 3153 867 3167 ,
886 3130 1124 3168 Appunetumdi,
1144 3129 1279 3159 Concor-

218 3170 322 3209 dandi,
339 3171 372 3202 &
390 3169 506 3199 finaliter
520 3168 722 3198 Concludendi
733 3191 742 3206 ,
759 3169 794 3199 de
810 3170 842 3199 ὃ(
857 3169 934 3207 super
949 3178 1080 3207 perpetua
1099 3169 1131 3198 ὃς
1147 3169 1211 3199 reali
1226 3168 1279 3199 Pa-

219 3219 254 3240 ce
279 3218 364 3247 atque
385 3206 568 3244 Concordia,
587 3208 644 3236 tam
667 3217 716 3245 per
739 3206 821 3237 Mare
844 3209 928 3245 quitm
945 3218 993 3244 per
1009 3208 1147 3243 Terram,
1165 3217 1280 3237 necnon

222 3247 423 3278 Amicitiarum
439 3245 560 3276 Foedere
577 3245 609 3275 &
626 3244 721 3283 Ligis,
739 3255 808 3274 cum
822 3245 1006 3275 Illustriffimo
1021 3255 1054 3275 ac
1069 3245 1281 3276 Gloriosiffimo

223 3285 355 3323 Principe
379 3285 511 3315 Domino
536 3283 692 3322 Cristierno,
711 3287 822 3320 Daciae,
840 3287 963 3322 Sweciae,
982 3284 1153 3321 Norwegiae,
1171 3283 1282 3313 Sclave-

223 3333 300 3361 rum,
317 3323 517 3364 Gothorumque
535 3325 622 3361 Rege,
639 3323 682 3352 seu
697 3322 778 3359 ipsius
792 3322 1044 3352 Ambaffiatoribus
1057 3322 1089 3352 &
1107 3320 1283 3351 Commissa-

224 3362 284 3398 riis,
303 3362 488 3392 sufficientem
503 3360 536 3391 ad
552 3360 696 3390 Praemiffa
709 3360 884 3390 Potestatem
898 3361 1082 3396 habentibus,
1099 3359 1210 3395 plenam
1228 3359 1282 3389 Fa—

225 3399 362 3430 cultatem
386 3402 419 3431 ὅ(
442 3398 615 3430 Potestatem
638 3398 781 3429 commitit
806 3399 839 3429 &
856 3400 951 3429 tribuit
965 3408 1015 3437 per
1032 3397 1139 3427 Literas
1152 3396 1209 3427 suas
1227 3397 1282 3428 Pa-

225 3446 315 3469 rentes
329 3439 358 3467 in
374 3438 437 3468 haec
453 3439 554 3476 verba,

265 3514 443 3552 Edwardus,
457 3514 515 3544 Dei
536 3514 640 3554 gratia,
658 3517 717 3544 Rex
742 3512 855 3550 Angliae
875 3511 912 3547 (ἐν
935 3515 1074 3550 Franciae,
1100 3512 1134 3542 &
1155 3513 1287 3541 Dominus

231 3552 388 3591 Hiberniae,
407 3554 556 3591 omnibus,
574 3553 608 3583 ad
629 3563 701 3592 quos
716 3554 862 3591 praesentes
876 3551 979 3582 Literae
995 3552 1190 3589 pervenerint,
1209 3549 1289 3580 Salu-

229 3599 300 3623 tem.

267 3629 346 3660 Inter
368 3638 486 3666 caetera,
500 3630 600 3667 quibus
619 3629 735 3668 Regum
753 3631 786 3662 ὅ(
810 3628 974 3666 Principum
989 3627 1107 3667 gloriosa
1121 3627 1206 3657 Fama
1221 3635 1288 3664 pro—

232 3678 343 3699 curatur
358 3669 391 3700 ὃς
406 3667 544 3697 extollitur
553 3690 564 3705 ,
581 3678 612 3698 ac
626 3668 751 3699 Utilitati
765 3669 797 3698 ὃς
806 3667 1008 3705 Tranquilitati
1021 3666 1205 3697 Subditorum
1216 3674 1288 3694 cori-

232 3707 344 3745 sulitur,
360 3706 429 3736 illud
449 3706 623 3744 praecipuum
644 3706 705 3736 fore
725 3706 879 3736 dinoscitur
898 3715 929 3736 ut
946 3706 995 3735 sibi
1006 3707 1128 3736 invicem
1143 3703 1239 3739 Reges
1255 3703 1288 3732 &

232 3744 378 3782 Principes
393 3744 591 3776 Amicitiarum
606 3744 636 3772 ὃ(
652 3744 863 3781 Alligatitiarum
880 3744 1065 3774 indiffolubili
1081 3742 1202 3773 Foedere
1216 3751 1289 3771 con-

231 3783 401 3820 jungantur,
420 3782 522 3820 quibus
541 3780 728 3811 mediantibus
746 3783 812 3811 alter
834 3783 912 3813 alteri
934 3781 1034 3813 affistar
1047 3783 1076 3812 in
1092 3780 1240 3820 prosperis,
1256 3779 1289 3809 &

236 3821 274 3849 im
297 3821 427 3851 endendo
442 3819 584 3850 frudi-uo&
598 3818 724 3849 Subfidia
739 3820 893 3851 nullatenus
909 3820 1018 3851 deficiat
1036 3821 1065 3851 in
1081 3818 1207 3851 adversis.

308 3860 353 3889 inc
369 3859 409 3889 est
424 3859 504 3896 quod
516 3858 600 3895 Nos,

274 3895 322 3925 De
344 3897 505 3935 Fidelitate,
531 3895 810 3935 Circumspec‘tione,
831 3897 863 3926 ὃε
886 3896 1040 3935 industrii,
1065 3895 1225 3927 nostrorum
1243 3894 1293 3924 Fi-

236 3932 341 3962 delium
358 3936 390 3964 &
408 3934 607 3972 Dssecstorum,
628 3933 761 3969 Magistri
773 3932 873 3970 Jacobi
887 3935 1025 3965 Goldwell
1035 3935 1146 3966 Decani
1159 3933 1291 3964 Eccleliae

237 3969 408 4000 Cathedralis
430 3973 529 4003 Sarum
546 3973 662 4010 Legum
679 3971 834 4008 Dotstoris,
854 3971 955 4002 strenui
973 3973 1076 4004 Militis
1093 3973 1216 4004 Domini
1232 3972 1290 4010 Jo-

236 4006 334 4038 hannis
349 4008 467 4047 cheyne,
484 4013 596 4041 Henrici
616 4009 703 4048 Sharp
725 4009 840 4047 Legum
862 4010 997 4041 DoCtoris
1010 4011 1220 4044 Prothonotarii
1235 4021 1290 4042 no—

1309 504 1459 540 praefatum
1477 505 1613 544 Jacobum
1631 515 1676 536 aut
1694 509 1839 535 Henricum
1855 504 1943 544 sharp
1957 515 2048 536 unum
2059 505 2116 536 effe
2129 507 2282 545 volumus)
2302 508 2362 546 ple-

1310 551 1379 571 nam
1401 544 1435 574 &
1454 544 1569 574 liberam
1592 544 1784 583 Potestatem,
1800 553 1833 574 ac
1857 543 2027 574 Mandatum
2042 544 2167 582 generale
2182 547 2216 576 &
2229 546 2364 585 speciale,

1313 588 1366 615 pro
1389 580 1490 623 Nobis
1502 583 1536 613 &
1558 582 1771 613 Succefforibus
1789 581 1912 620 nostris,
1937 582 2065 620 Regnis,
2082 582 2181 613 Terris
2204 583 2366 622 Dominiis,

1313 616 1455 661 Subditis,
1473 619 1602 658 Amicis,
1622 621 1761 660 Alligatis,
1777 621 2005 660 confoederatis,
2024 621 2368 659 Faventibus,&Adbae—

1313 656 1438 686 rentibus
1453 658 1554 688 nostris.
1564 659 1788 699 quibuscumque
1797 683 1807 698 ,
1821 670 1891 696 curn
1913 659 2091 691 Sereniffimo
2106 659 2237 696 Principe
2249 661 2372 699 Cristier-

1316 704 1350 736 κισ)
1372 696 1483 733 Daciae,
1499 699 1622 739 Sanum,
1642 699 1813 736 Nsrwegi'ae,
1827 698 1972 729 Slavorum
1982 722 1992 737 ,
2010 698 2207 738 Gothorumque
2224 701 2309 736 Rege,
2323 699 2370 729 seu

1313 741 1372 769 eJus
1397 734 1665 777 AmbassiatoribuS,
1691 735 1916 775 Commiffariis,
1938 738 2188 775 procuratoribus,
2206 735 2371 775 Depntatis,

1312 771 1345 800 &
1362 770 1504 816 Nunciis,
1523 773 1708 804 iufficientem
1723 776 1751 804 in
1769 785 1799 805 ea
1815 784 1891 813 parte
1906 776 2079 808 Potestatem
2092 775 2269 812 habentibus,
2287 774 2372 805 Con-

1313 811 1461 851 veniendi,
1477 812 1649 854 Ttraciandi,
1672 812 1904 852 Comunicandi,
1923 815 2159 855 Appunffituandi,
2179 813 2373 845 Concordan-

1318 846 1368 884 di,
1386 848 1418 877 ὅ(
1440 848 1555 893 finaliter
1570 851 1771 882 Concludendi
1786 853 1821 882 de
1835 854 1867 885 ὃς
1881 856 1960 890 super
1975 862 2107 893 perpetua
2121 853 2153 884 &
2168 853 2232 883 reali
2244 852 2319 884 Pace
2331 861 2375 883 at-

1316 894 1383 929 que.
1396 885 1578 930 Concordia,
1597 890 1656 930 ianm
1671 900 1720 926 per
1735 890 1821 920 Mare
1836 892 1920 929 quam
1936 902 1983 929 per
1995 891 2135 930 Terram,
2152 901 2266 924 necnon
2280 891 2383 930 Ligis‚-

1313 923 1474 979 Aqrmcmis,
1495 928 1527 957 ὃ(
1542 926 1844 959 Conroederationibus
1860 930 2103 969 quibuscumque,

1335 972 1424 1006 'mter
1444 965 1522 1002 Nos,
1540 965 1572 995 &
1593 964 1774 996 Successores
1786 967 1917 1005 nostros,
1933 978 1967 999 ac
1984 968 2030 998 Re
2051 979 2100 1006 na,
2118 968 2239 1008 Terras,
2259 968 2373 1000 Domi-

1309 1010 1357 1031 nia
1375 1002 1484 1040 nostra,
1504 1003 1652 1042 subditos,
1676 1004 1811 1042 Amicos,
1834 1005 1991 1044 Alligatos,

1313 1047 1370 1077 tes,
1390 1042 1423 1072 &
1446 1041 1629 1073 Adhaei-eiites
1648 1042 1759 1073 nostros
1773 1045 1981 1082 quoscumque,
1998 1053 2032 1074 ex
2045 1044 2126 1076 Parte
2138 1056 2210 1084 una,
2228 1047 2262 1078 &
2274 1046 2374 1083 praefa-

1310 1083 1485 1123 tueregem
1503 1081 1693 1121 Cristiernum‚
1712 1081 1829 1119 Terras,
1844 1081 1999 1120 Civitates,
2014 1082 2126 1121 opida,
2144 1083 2244 1124 Villas,
2261 1084 2373 1123 Castra,

1314 1117 1434 1154 Patrias,
1451 1119 1484 1149 &
1506 1118 1647 1150 Dominia
1665 1120 1727 1157 sua,
1744 1120 1900 1158 Subditos,
1922 1121 2061 1158 Amicos,
2078 1121 2229 1160 Alligatos,
2248 1123 2377 1154 Confoe-

1309 1155 1435 1194 deratos,
1453 1157 1606 1197 Faventes,
1624 1160 1658 1190 &
1673 1159 1857 1190 Adhaerentes
1878 1160 1940 1190 suos
1955 1158 2150 1199 quoscumque
2162 1169 2196 1191 ex
2211 1162 2292 1193 Parte
2306 1163 2377 1194 alte—

1311 1205 1357 1232 ra,
1375 1194 1600 1234 Contrahendis,
1617 1196 1765 1236 Ineundis,
1782 1200 1816 1230 &
1832 1197 2004 1237 Firmandis,

1349 1233 1479 1278 Necnon
1502 1237 1598 1265 Pacem
1613 1236 1646 1267 &
1662 1236 1875 1274 Concordiam,
1894 1237 1995 1276 Ligas,
2014 1236 2179 1274 Amicitias,
2196 1238 2230 1269 &
2247 1237 2375 1270 Confoe-

1309 1271 1465 1304 derationes
1484 1273 1661 1313 hujusmodi,
1679 1276 1731 1306 viis
1750 1276 1783 1306 &
1809 1275 1903 1306 modis
1923 1275 2058 1306 omnibus
2072 1276 2173 1314 quibus
2187 1277 2318 1314 expedire
2332 1279 2378 1309 vi-

1313 1310 1440 1351 debitur,
1459 1311 1588 1343 Vallandi
1601 1313 1635 1344 &
1650 1313 1818 1344 Roborandi
1827 1337 1837 1352 ,

1348 1349 1386 1380 Et
1403 1351 1651 1394 nichilominus,si
1665 1352 1769 1383 eisdem
1787 1351 2378 1392 Ambaffiatoribus,Commiffariis,Pro-

1311 1390 1504 1428 curatoribus,
1521 1390 1686 1429 DeputatiS,
1705 1393 1738 1423 &
1755 1391 1787 1421 N
1791 1393 1881 1422 unciis
1894 1391 1996 1422 nostris
2007 1392 2156 1428 expediens
2170 1393 2260 1423 visum
2278 1393 2379 1432 fuerit,

1313 1437 1381 1472 cum
1396 1426 1517 1468 praefato
1532 1432 1600 1466 Rege
1618 1430 1779 1469 Crfiierno,
1797 1439 1844 1460 aut
1858 1431 1917 1468 ejus
1935 1429 2206 1468 Ambaffiatoribus,
2223 1429 2379 1461 Commis-

1312 1466 1400 1503 sariis,
1419 1466 1670 1506 procuratoribus,
1688 1469 1856 1506 Deputatis,
1874 1471 1907 1500 ὃς
1923 1468 1959 1498 N
1961 1470 2050 1499 unciis
2061 1491 2071 1505 ,
2090 1468 2276 1501 sufficientem
2291 1469 2379 1500 Pote-

1314 1504 1412 1535 statem
1432 1505 1614 1545 habentibus,
1632 1507 1666 1537 de
1680 1509 1713 1539 &
1727 1507 1807 1545 super
1824 1507 1966 1547 Treugis,
1983 1507 2028 1538 seu
2043 1506 2219 1539 Guerrarum
2234 1508 2379 1540 Intercur-

1313 1543 1361 1582 su,
1379 1544 1437 1574 tam
1451 1555 1500 1584 per
1519 1545 1602 1577 Mare
1616 1547 1700 1583 quarn
1718 1556 1767 1583 per
1781 1545 1924 1583 Terram,
2167 1579 2169 1581 ,

1336 1582 1426 1627 ¹lnter
1449 1584 1518 1614 Nos
1534 1586 1567 1615 ὃς
1584 1584 1692 1622 ipsum,
1710 1594 1742 1614 ac
1759 1584 1862 1623 Regna
1873 1608 1883 1623 ,
1898 1585 2017 1622 Terras,
2037 1584 2192 1623 Civitates,
2208 1584 2314 1624 Villas,
2332 1585 2378 1616 O·

1313 1621 1394 1660 pida,
1413 1621 1529 1660 Castra,
1547 1623 1664 1660 Patrias,
1681 1624 1715 1654 ὃ(
1732 1623 1872 1654 Dominia
1890 1625 1947 1654 tarn
1962 1624 2054 1654 nostra
2069 1625 2153 1662 quam
2168 1624 2213 1654 sua
2229 1635 2380 1662 quaecum-

1313 1670 1385 1698 que,
1402 1671 1436 1691 ac
1458 1661 1568 1691 nostros
1591 1663 1625 1693 &
1642 1663 1705 1691 suos
1719 1661 1868 1700 Subdiros,
1889 1663 2026 1700 Amicos,
2044 1663 2197 1701 Alligatos,
2215 1662 2378 1695 Confoede·

1313 1707 1408 1768 {ims'
1424 1699 1578 1738 Faventes,
1595 1702 1628 1732 &
1651 1700 1831 1731 Adhaerentoe
1854 1701 2022 1739 praedffitos,
2040 1702 2182 1738 capiendis
2204 1702 2239 1732 ὃ(
2263 1702 2379 1733 firmau-

1335 1747 1370 1774 ιε,
1943 1771 1945 1773 ,

1351 1775 1570 1814 Conveniendi,
1588 1777 1763 1816 Trac‘tandi,
1781 1776 2013 1814 Comunicandi,
2038 1777 2276 1817 Appunc'mandi,
2296 1779 2380 1809 Cori-

1313 1816 1466 1854 cordandi,
1484 1817 1517 1847 ὅ(
1532 1816 1649 1848 finaliter
1668 1816 1891 1857 Concludendi,
1909 1817 1957 1846 sub
1975 1816 2092 1854 Modis,
2108 1816 2228 1855 Forma,
2247 1818 2281 1849 &
2297 1817 2381 1847 Con-

1312 1854 1482 1895 ditionibus,
1501 1855 1538 1886 de
1562 1856 1663 1894 quibus
1686 1857 1761 1885 inter
1780 1855 1875 1886 dictos
1897 1855 2009 1885 nostros
2028 1855 2263 1894 Ambaffiatores,
2280 1853 2380 1886 Com-

1314 1893 1467 1932 miffarios,
1485 1893 1700 1932 Procuratores,
1727 1894 1904 1933 Deputatos,
1929 1895 1962 1924 &
1981 1892 2136 1932 Nuncios‚
2160 1903 2209 1932 per
2230 1895 2379 1932 praefatum

1313 1932 1486 1971 Cristiernum
1501 1936 1598 1971 Regem
1609 1956 1619 1971 ,
1638 1933 1683 1964 seu
1700 1933 1782 1970 ipsius
1800 1931 2034 1969 Ambaffiatores,
2052 1931 2290 1970 Commiss'arios‚
2307 1932 2379 1963 Pro-

1313 1981 1453 2040 Suratores
1468 1995 1478 2010 ,
1506 1971 1667 2010 Deputatos
1680 1994 1690 2010 ,
1716 1973 1749 2004 &
1782 1971 1920 2002 Nuncios
1951 1970 2103 2010 praedicTtos
2128 1972 2231 2008 poterit
2256 1981 2380 2002 concor-

1334 2019 1372 2040 ari

1351 2033 1520 2089 Cz’eteraque
1541 2051 1639 2081 omnia
1660 2050 1694 2081 ὃς
1718 2050 1822 2089 singula
1846 2049 1996 2086 Faciendi,
2014 2047 2209 2086 Excercendi,
2225 2049 2260 2081 &
2281 2048 2377 2087 Expe-

1313 2086 1409 2118 diendi
1430 2099 1494 2127 quae
1506 2090 1534 2119 in
1553 2088 1703 2119 Prxmiffis
1714 2089 1759 2119 seu
1775 2090 1869 2127 aliquo
1886 2087 2112 2126 Praemifforum,
2129 2088 2174 2118 seu
2189 2088 2266 2118 circa
2282 2098 2313 2119 ea
2327 2096 2376 2119 aut

1314 2136 1414 2157 eorum
1433 2127 1563 2166 aliquod,
1583 2127 1732 2159 necessaria
1755 2128 1857 2158 fuerint
1877 2127 1923 2157 seu
1937 2125 2157 2166 quomodolibet
2169 2133 2326 2165 oportuna,
2341 2137 2377 2158 ac

1314 2175 1380 2203 quae
1406 2167 1518 2204 qualitas
1539 2168 1573 2198 &
1595 2176 1691 2196 natura
1710 2166 1874 2204 hujusmodi
1896 2165 2020 2202 Negotii
2033 2165 2148 2203 exigunt
2165 2165 2199 2196 &
2213 2165 2377 2204 requirunt,

1314 2205 1347 2235 δε
1371 2215 1434 2243 quae
1451 2204 1611 2242 nosmetipsi
1626 2205 1718 2235 facere
1734 2205 1876 2242 poffemus
1893 2204 1910 2233 si
1927 2204 2104 2242 personaliter
2117 2201 2328 2241 intereffernus,
2347 2214 2379 2235 e-

1310 2244 1417 2311 }iamsi
1435 2243 1497 2274 talia
1510 2244 1603 2274 forent
1618 2253 1683 2282 quae
1699 2244 1734 2274 de
1750 2244 1777 2274 se
1795 2242 1969 2274 Mandatum
1984 2250 2248 2280 quantumcumque
2262 2243 2378 2280 exigant

1343 2291 1403 2311 ecia
1413 2291 1429 2312 e
1447 2291 1454 2311 ι

1322 2292 1569 2358 Ppromittentes,
1586 2319 1665 2351 bonci
1687 2320 1773 2358 Fide,
1793 2321 1826 2350 &
1846 2320 1876 2349 in
1900 2318 2001 2350 Verbo
2023 2317 2140 2358 Regio,
2157 2319 2227 2350 Nos
2246 2318 2378 2359 Rarum}

1313 2358 1455 2397 Gratum,
1473 2360 1506 2390 &
1530 2359 1658 2389 Firmum
1679 2361 1820 2398 perpetuo
1837 2358 1981 2389 habituros
2001 2365 2093 2388 totum
2116 2359 2149 2388 &
2169 2358 2307 2396 quicquid
2322 2368 2375 2396 pet

1312 2397 1406 2428 dictos
1431 2398 1666 2436 Ambaffiaiores,
1692 2396 1929 2434 Commissafios,
1955 2395 2171 2434 Procuratores,
2189 2396 2372 2435 Deputatos,

1314 2437 1347 2467 ὃς
1370 2437 1508 2466 Nuncios
1529 2435 1657 2475 nostros,
1676 2437 1703 2466 in
1728 2436 1832 2466 Forma
1855 2434 2007 2473 praedicta,
2023 2435 2130 2465 ACtum
2142 2457 2151 2473 ‚
2166 2433 2309 2474 Gestum,
2325 2436 2373 2465 seu

1313 2474 1499 2506 Procuratum
1514 2475 1595 2505 fuerit
1611 2476 1640 2505 in
1655 2474 1820 2512 Praemiffis,
1837 2474 1883 2505 seu
1896 2475 1992 2513 aliquo
2005 2473 2225 2504 Praemifforum.

1348 2551 1383 2582 In
1406 2553 1485 2590 cujus
1503 2552 1542 2582 rei
1562 2551 1593 2581 Τ
1594 2550 1780 2582 estimonium
1792 2551 1841 2582 has
1859 2551 1968 2581 Literas
1981 2549 2090 2581 nostras
2105 2549 2163 2580 fieri
2178 2549 2296 2581 fecimus
2315 2549 2369 2581 Pa-

1313 2599 1411 2622 tentes.

1347 2666 1435 2697 Teste
1457 2666 1564 2704 meipso
1582 2665 1655 2705 apud
1673 2665 1950 2706 Wstmonasterium,
1968 2665 2126 2698 undecimo
2139 2665 2184 2697 die
2194 2665 2290 2705 Junii,
2309 2665 2370 2696 An-

1313 2716 1353 2736 no
1368 2706 1463 2745 Regni
1478 2705 1566 2736 nostri
1582 2706 1692 2744 quinto.

1350 2781 1364 2812 I
1385 2783 1437 2812 itur

1349 2791 1489 2851 Dgosii’nr
1512 2829 1639 2852 Nos-rm
1655 2819 1735 2858 Just]
1756 2819 1906 2851 Citius-1¹1
1923 2845 1933 2859 ‚
1959 2822 2032 2860 qui,
2058 2821 2128 2851 cum
2150 2819 2302 2857 Discipulis
2322 2817 2374 2847 suis

1315 2857 1438 2889 ultimum
1462 2861 1490 2889 in
1512 2859 1610 2890 Terris
1632 2858 1696 2888 Vale
1718 2858 1839 2898 fecerat,
1857 2859 1920 2897 ipfis
1931 2859 2094 2897 caeterisque
2108 2858 2248 2889 Fidelibus
2263 2857 2373 2887 cunffis

1314 2899 1420 2929 Pacem
1442 2898 1518 2928 suam
1539 2899 1615 2930 dedit
1637 2897 1802 2936 pacemque
1823 2898 1950 2937 reliquit,
1967 2898 2117 2928 NOMINE
2135 2903 2303 2926 PRIMITUS
2319 2903 2374 2924 IN-

1313 2946 1446 2968 voca-ro

1353 2975 1421 3006 Nos
1430 2998 1440 3014 ,
1456 2960 1603 3014 'Jacobus,
1628 2973 1789 3013 Johannes,
1816 2976 1966 3012 Henricus,
1991 2972 2144 3010 Walterus,
2162 2972 2196 3003 &
2225 2974 2376 3010 Henricus,

1318 3013 1536 3045 Ambaffiatoies
1549 3014 1740 3052 suprascripti,
1759 3014 1857 3052 vigore
1868 3014 1902 3044 &
1917 3012 2083 3042 auctoritate
2099 3011 2254 3041 Literarum
2274 3010 2376 3053 Paten-

1318 3054 1390 3083 tium
1409 3052 1605 3090 praediciarum
1639 3062 1709 3082 cum
1732 3051 1905 3082 Reverendo
1918 3051 1948 3080 in
1963 3049 2082 3080 Christo
2099 3049 2178 3079 Patre
2191 3048 2224 3079 &
2239 3048 2375 3078 Domino

1319 3090 1454 3121 Domino
1468 3093 1597 3128 Kanuto,
1614 3074 1673 3119 bei
1685 3089 1789 3127 gratia,
1807 3089 1931 3128 Epifiopo
1950 3091 1993 3118 W
1993 3088 2096 3125 ibergen
2109 3099 2118 3114 ι
2133 3089 2162 3117 in
2175 3096 2296 3131 utroque
2305 3086 2374 3131 Jure

1320 3129 1472 3166 Βοᾶοτε,
1487 3139 1536 3166 ac,
1554 3129 1757 3167 Spectabilibus
1774 3127 1865 3165 Viris,
1882 3129 1964 3157 Erico
1981 3129 2091 3156 ottonis
2107 3124 2247 3164 Magistro
2263 3125 2379 3163 Regalis

1321 3167 1418 3198 Curiae
1440 3167 1615 3197 Illustrissimi
1638 3166 1776 3204 Principis
1799 3165 1886 3204 Regis
1902 3165 2021 3202 Daciae,
2035 3164 2164 3202 Edgardo
2179 3162 2266 3193 Frille
2288 3163 2378 3203 Capi-

1321 3214 1405 3237 tanco
1425 3205 1518 3235 Castri
1534 3205 1750 3243 Huitzegavell,
1770 3203 1927 3241 Militibus,
1945 3202 2078 3242 Johanne
2089 3203 2208 3242 Tyde-rici
2222 3201 2377 3233 Canonico

1322 3244 1511 3282 Roskyldenfi
1535 3245 1564 3274 in
1581 3244 1699 3274 Artibus
1714 3241 1857 3279 Magistro
1870 3244 1904 3274 &
1918 3243 1949 3272 in
1963 3241 2124 3279 Theologia
2138 3241 2290 3272 Bacallario
2303 3251 2377 3279 prae-

1321 3283 1392 3313 dicti
1408 3283 1496 3321 Regis
1512 3281 1690 3313 Cancellario
1705 3281 1854 3317 Generali,
1869 3284 1978 3310 Iwarco
1997 3280 2133 3318 Wickingi
2149 3279 2305 3317 Praeposito
2318 3278 2381 3310 Ca-

1323 3322 1404 3360 pellae
1418 3322 1506 3351 beatae
1522 3320 1651 3357 Virginis
1666 3319 1803 3350 Assoenfis
1820 3319 1999 3350 Cancellario
2014 3318 2110 3357 Regni
2126 3317 2308 3357 Norwegiae,
2318 3327 2379 3348 me-

1325 3360 1429 3389 morati
1446 3358 1620 3388 Ulustriffimi
1635 3359 1757 3388 Domini
1770 3360 1848 3394 Regis
1862 3360 1974 3394 Daciae,
1991 3356 2051 3391 &c.
2067 3355 2380 3393 Ambaffiatoribus‚ad

1323 3396 1501 3435 Infrascripta
1521 3397 1626 3434 agenda
1641 3397 1674 3427 &
1689 3395 1858 3434 perficienda
1871 3395 2006 3436 deputatis
2021 3404 2071 3433 per
2087 3394 2146 3426 suas
2160 3395 2265 3427 Literas
2278 3394 2380 3426 Paten-

1325 3443 1381 3474 (ὅ,
1399 3436 1429 3465 in
1443 3435 1506 3464 haec
1520 3437 1624 3473 verba,

1366 3511 1570 3550 *Cristiernus,
1588 3510 1648 3540 Dei
1661 3509 1765 3549 gratia,
1781 3511 1930 3547 Regnorum
1945 3513 2057 3549 Daciae,
2076 3514 2204 3549 Sweciae,
2219 3512 2383 3547 Norwegiae,
2400 3516 2420 3535 α
2441 3517 2496 3548 X1,

1329 3549 1505 3587 Sclavorum,
1524 3552 1703 3588 Gotorumque
1724 3551 1803 3586 Rex,
1820 3552 1889 3578 Dux
1911 3548 2093 3589 Slffvicenfis,
2119 3555 2211 3580 Comes
2232 3549 2383 3585 Holfitiae,
2401 3565 2469 3592 554,

1328 3589 1508 3626 Scormariae,
1528 3587 1723 3626 Oldemburg,
1743 3588 1776 3617 &
1789 3587 2012 3626 Delmenhorst,
2026 3589 2170 3627 omnibus,
2184 3588 2217 3619 ad
2230 3596 2301 3627 quos
2310 3594 2384 3624 prae-

1328 3627 1415 3658 sentes
1432 3627 1534 3658 Literae
1549 3628 1741 3664 pervenerint,
1758 3625 1890 3656 Salutem.

1366 3665 1443 3695 Inter
1468 3674 1585 3702 caetera,
1605 3666 1705 3701 quibus
1726 3664 1844 3703 Regum
1858 3664 1892 3695 &
1906 3664 2074 3705 Principum
2090 3664 2206 3703 gloriosa
2218 3663 2301 3692 Fama
2314 3671 2382 3698 pro-

1331 3712 1442 3734 curatur
1466 3704 1500 3734 ὃ(
1520 3703 1659 3733 extollitur
1675 3726 1684 3741 ,
1705 3713 1737 3733 ac
1766 3703 1890 3734 Utilitati
1913 3704 1946 3734 &
1968 3702 2176 3742 Tranquillitati
2195 3700 2381 3731 subditorum

1332 3742 1500 3779 consulitur,
1516 3741 1582 3772 illud
1605 3743 1781 3780 praecipuum
1801 3742 1862 3772 fore
1883 3741 2052 3780 dinoscitur,
2071 3750 2102 3771 ut
2119 3740 2167 3770 sibi
2179 3739 2306 3782 invicem
2323 3738 2385 3769 Re-

1332 3789 1379 3819 ges
1394 3782 1426 3811 &
1444 3781 1586 3819 Principes
1600 3781 1801 3811 Amicitiarum
1816 3781 1849 3810 &
1864 3780 2075 3818 Alligantiarum
2088 3776 2270 3819 indissolubili
2282 3776 2389 3807 Foede-

1333 3829 1364 3849 re
1388 3820 1613 3857 conjungantur,
1631 3819 1732 3856 quibus
1747 3819 1933 3849 mediantibus
1948 3818 2028 3849 Alter
2045 3816 2132 3847 Alteri
2144 3813 2244 3857 affistat
2258 3824 2289 3858 iri
2304 3815 2390 3845 Pros-

1333 3858 1422 3896 peris,
1437 3859 1470 3888 &
1489 3856 1684 3895 impendendo
1697 3857 1839 3888 fructuola
1851 3856 1976 3888 Subfidia
1992 3855 2145 3886 nullatenus
2159 3850 2270 3883 deficiat
2283 3863 2312 3883 in
2325 3854 2389 3885 Ad-

1332 3896 1423 3926 veriis.

1372 3933 1453 3963 Hinc
1467 3933 1507 3964 est
1522 3934 1602 3972 quod
1617 3936 1677 3963 Nos
1687 3957 1697 3972 ,
2093 3967 2099 3972 ¹

1371 3971 1422 4002 De
1442 3971 1599 4010 Fidelitate,
1626 3971 1908 4010 Cstcumspefflone,
1927 3971 1961 4011 ὃς
1975 3966 2133 4012 ‚Industrm
2148 3966 2309 4000 nostrorum
2323 3968 2392 3999 fide-

1334 4010 1405 4041 lium
1422 4011 1456 4041 &
1476 4009 1660 4049 dilectorum,
1675 4009 1839 4042 Reverendi
1861 4010 1892 4039 in
1908 4005 2026 4040 Christo
2037 4005 2126 4036 Patris
2139 4005 2265 4039 Domini
2281 4009 2391 4074 Kassutj

2351 4053 2393 4083 1²¹-

2059 1008 2242 1044 nfoederatos,
2261 1008 2373 1038 Faven-
2428 1040 2431 1042 ,
