2555 4266
197 164 278 205 186

45 250 122 282 Ann.
137 248 182 280 D.
194 248 227 279 &
241 244 436 277 Praestandum
445 266 456 282 ,
471 239 530 272 dari
544 237 578 271 &
589 237 713 277 praestari
728 235 853 267 Videndi
865 259 875 272 ,
892 243 947 273 pro
957 230 1058 264 Nobis
1074 230 1107 262 ὅσ
1121 228 1258 261 Nomine

67 297 155 328 1502.

46 331 108 359 Han.
129 338 156 363 7.

50 1817 126 1849 Arm.
138 1815 179 1846 D.

71 1865 157 1895 1502.

48 1899 102 1923 Aa.
119 1895 159 1924 18.

48 1938 83 1963 Η.
102 1943 116 1968 7
122 1956 128 1962 .

48 1972 112 2002 ibid.

64 3029 83 3050 *
102 3029 185 3059 xm.

70 3078 114 3106 37-

85 3619 161 3651 Arm.
170 3616 210 3647 D.

105 3665 188 3695 1502.

84 3699 138 3723 An.
156 3696 197 3722 18.

87 3737 123 3760 H.
144 3742 169 3767 7.

462 278 654 317 Requirendi,
674 278 708 308 &
722 274 884 317 Exigendi‚
921 311 926 316 ι
1070 309 1076 314 ⁵

235 322 463 362 Hujusmodique
476 318 675 358 juramentum
690 314 761 345 cum
778 319 816 343 iic
833 309 1107 355 praestitumfuerit,
1124 317 1174 345 per
1188 305 1261 337 No-

197 364 281 395 tarios
302 360 453 401 praeditstos
471 359 500 388 iri
522 353 712 388 Prothocollis
732 354 767 385 ὃ(
784 352 901 388 Scriptis
913 349 1018 392 redigi,
1036 357 1071 378 ac
1086 346 1260 391 Instrumen-

195 410 258 432 tum
283 401 329 431 vel
348 397 533 429 Instrumenta
555 394 670 432 publica
691 393 724 424 &
745 387 1065 432 au&entica'superinde
1076 385 1154 423 fieri,
1171 393 1259 427 ²09¹?

194 440 334 472 Nomine
359 435 459 466 nostro
481 433 550 471 tandi
573 434 606 464 ὃς
630 430 762 467 liberari,
789 430 823 460 ὃ(
842 428 928 458 nobis
947 424 1042 457 afferri
1064 425 1096 456 δε
1109 422 1259 454 transmitti

195 479 320 510 similiter
334 474 467 511 Petendig
481 470 644 510 ‘Exigendi,
663 471 696 501 ὅς
711 466 908 506 Requirendi,
938 504 943 510 ·
1125 501 1130 506 Β
1172 500 1178 505 ·

234 517 361 547 Necnon
377 482 542 550 praedidtum
555 507 777 541 invictissimum
794 515 827 537 ac
841 502 1064 536 Sacratiffimum
1083 500 1258 536 Principem,

195 556 248 588 suis
262 553 437 591 exigentibus
455 551 488 580 &
505 548 654 587 condignis
678 545 790 576 Meritis
806 567 816 582 ,
843 553 887 575 AD
903 542 1075 574 ORDINEM
1093 538 1257 582 Minu-iffi

196 593 404 627 Ganranae,
422 600 474 629 pro
490 587 589 619 Nobis
602 588 635 617 ἃ
650 584 787 617 Nomine
801 583 915 619 nostro,
935 578 1111 624 Acceptandi
1124 600 1135 612 ,
1153 575 1259 620 ipsum-

194 641 252 669 que
273 632 303 661 in
327 628 510 660 Confratrern
533 627 566 657 ὃ(
580 624 822 655 Commilitonem
840 621 958 652 Ordinis
973 613 1257 658 illius-Praeficienfli,

194 668 374 701 Admittendi
389 691 398 706 ,
422 669 455 698 ὅτ
476 663 665 704 Insigniendi,
691 661 786 700 Eique
806 660 932 702 Munera
953 657 986 699 &c
1003 655 1125 690 Insignia
1138 652 1258 696 Ordinis

218 708 326 738 raedie'ti
345 705 490 738 Tradendi
511 706 544 735 &
569 701 737 738 Liberandi,
762 704 830 729 c'um
852 697 902 726 suis
917 695 1050 733 juribus,
1070 691 1257 727 Honoribus,

222 746 439 783 raectninentiis,
455 745 488 775 ὃς
507 740 700 780 Dignitatibus
723 736 946 778 quibuscumque
963 756 972 777 ,
999 733 1086 776 Leges
1099 740 1182 767 atque
1196 728 1257 772 Or-

194 785 368 821 dinationes,
381 782 532 815 Statuta&
548 781 718 811 Serimonias
734 774 857 813 ejusdem
865 772 982 803 Ordinis
999 772 1089 801 eidem
1105 766 1258 798 Sacratissi-

194 834 247 855 mo
263 824 387 862 Principi
402 819 572 859 Exponendi
589 820 622 851 δε
638 813 823 850 Declarandi,
834 811 1091 851 Juramentumque
1107 807 1258 844 corporale

192 865 229 894 ab
244 873 279 894 eo
294 860 484 894 sacratissimo
500 858 632 894 Principe
649 857 829 884 Romanarum
841 854 925 889 Rege,
944 858 997 886 pro
1010 846 1179 877 eorumdem
1189 854 1255 875 om-

192 902 274 934 nium
291 902 324 932 &
340 900 515 939 singulorum
534 897 728 937 Statutorum,
747 890 988 934 Ordinationuin,
1007 887 1135 924 Legum,
1157 885 1190 914 ὃ(
1204 883 1255 928 Se²

192 942 383 972 riinoniarum
404 936 522 968 firmiori
544 932 746 966 Observantia,
763 937 837 965 Juxta
852 931 928 965 vim,
947 926 1092 961 formam,
1112 924 1145 954 ὃς
1160 932 1255 953 conti-

194 980 344 1011 tinentiam
363 976 485 1015 ipsorum
507 974 705 1005 statutorum,
731 968 842 998 solitum
864 965 1032 1002 Ordinem,
1058 961 1254 1005 &laudabiles

196 1017 422 1049 Consuetudines
435 1015 463 1043 in
476 1021 507 1042 ea
525 1020 599 1047 parte
616 1008 754 1040 haetenus
769 1007 874 1037 usitatas
888 1006 922 1037 δε
936 1003 1110 1038 observatas,
1129 1000 1256 1045 Exigen-

195 1056 245 1095 di,
264 1054 381 1087 Petendi
393 1076 403 1092 ,
429 1053 462 1083 &
484 1048 662 1087 Requirendi
678 1070 687 1084 ,
705 1056 739 1076 ac
756 1044 917 1084 hujusmodi
929 1042 1131 1082 juramentum
1147 1039 1256 1070 realiter

194 1096 229 1127 ὃ(
245 1105 313 1125 curn
327 1091 433 1123 effectu
448 1088 570 1128 praestari
582 1085 716 1123 videndi,
1017 1118 1022 1124 α
1131 1118 1136 1123 ⁵

233 1132 400 1168 Caeteraque
416 1128 567 1165 Faciendi,
587 1123 782 1164 Expediendi,
801 1123 834 1154 δε
855 1119 1025 1159 Exequendi
1047 1127 1111 1157 quae
1129 1127 1157 1147 in
1175 1115 1256 1148 Prae-

195 1171 282 1203 missis
296 1170 342 1201 seu
357 1170 433 1201 circa
449 1178 480 1199 ea
494 1164 645 1198 necessaria
657 1163 759 1194 fuerint
771 1161 818 1192 seu
834 1159 1057 1200 quomodolibet
1069 1166 1230 1195 oportuna,

233 1210 453 1246 Promittentes,
471 1208 548 1236 bona
564 1204 634 1235 Fide
649 1204 682 1235 &
696 1203 724 1232 in
739 1201 841 1232 Verbo
856 1199 968 1237 Regio,
986 1197 1055 1229 Nos
1070 1196 1169 1240 Rata,
1181 1194 1258 1227 Gra-

196 1258 224 1281 ta
240 1273 250 1288 ,
277 1250 311 1281 &
337 1247 431 1278 Firma
453 1246 595 1275 habituros
617 1244 650 1273 &
667 1241 863 1271 observaturos
885 1247 980 1269 torum
1001 1238 1034 1267 ὃ(
1052 1234 1191 1274 quicquid
1208 1242 1258 1278 per

197 1288 310 1318 nostros
324 1286 417 1317 dictos
433 1284 572 1315 Oratores
585 1306 595 1321 ,
618 1279 857 1314 Commiffiirios,
872 1276 1056 1318 Deputatos,
1069 1275 1109 1318 &.
1119 1273 1258 1318 Nuntios

197 1326 331 1358 Nomine
343 1324 443 1355 nostro
461 1322 587 1359 Actum,
604 1319 748 1356 Gestum,
764 1317 811 1349 seu
829 1316 1018 1347 Procuratum
1041 1318 1123 1344 tuerit
1138 1322 1167 1343 m
1183 1312 1261 1344 Prae-

197 1365 301 1403 missis,
316 1364 362 1394 seu
375 1363 471 1401 aliquo
485 1359 711 1393 Praemtssorum.

233 1402 268 1437 In
285 1403 383 1442 cuius,
400 1402 463 1433 &c.

196 285 297 317 nostro
312 283 444 320 Petendi,

233 1479 324 1513 Teste
345 1478 428 1519 Rege
441 1476 516 1518 apud
539 1471 796 1517 Westmonasterium
811 1494 821 1510 ,
847 1469 966 1502 decimo
983 1467 1090 1500 o&avo
1114 1466 1174 1498 Die
1191 1460 1265 1498 No-

198 1521 334 1554 vembris·
892 1548 946 1578 Per
959 1545 1043 1586 ipficm
1056 1547 1160 1584 Regem.

245 1687 295 1720 De
315 1678 517 1730 Dispenshndo
538 1690 608 1712 cnm
629 1674 764 1723 pradiflo
792 1678 887 1721 Rege,
906 1673 997 1719 fhper
1014 1670 1220 1718 Obstrvantia

388 1728 579 1778 quorundam
594 1729 786 1759 statutorum
802 1721 930 1758 Ordinis
940 1722 1085 1769 putasti.

199 1818 324 1880 REX
353 1816 506 1853 omnibus,
523 1812 559 1844 ad
575 1820 665 1856 quos,
682 1809 746 1842 &c.
763 1807 898 1840 Salutem.
1067 1852 1069 1854 q
1100 1846 1105 1851 ¹
1172 1845 1177 1850 .

291 1857 373 1889 Cum
395 1855 466 1888 Nos
482 1877 493 1893 ,
513 1862 564 1894 per
586 1851 691 1881 Literas
709 1847 815 1880 nostras
833 1847 983 1885 Patentes,
1002 1844 1264 1883 Constituerimus,

200 1897 333 1931 Dtieeios
350 1897 385 1928 &
402 1892 512 1927 Fideles
531 1889 714 1923 Consiliarios
732 1886 844 1918 nostros
859 1909 870 1925 ‚
892 1885 1023 1916 Thamam
1046 1884 1180 1915 Brandon
1201 1883 1266 1915 Mi-

197 1939 278 1970 litem
296 1945 350 1974 pro
368 1933 503 1971 Corpore
516 1928 637 1965 nostro,
654 1927 687 1958 ὃ(
698 1924 861 1956 Nicholaum
874 1924 947 1964 Wst
966 1922 1115 1955 Clericum
1125 1948 1133 1960 ‚
1148 1923 1262 1961 Legum

200 1975 384 2010 Doe'mrem,
399 1970 586 2009 Capelianum
600 1965 731 1997 nostrum
740 1964 870 2003 ,nostros
886 1973 970 1995 veros
983 1964 1017 1995 &
1031 1962 1206 1993 indubitatos
1218 1961 1263 1992 0-

198 2023 320 2053 ratoreS,
338 2009 574 2044 Commissarios,
589 2004 811 2042 Procuratores,
829 2003 863 2033 &
876 2001 1039 2040 Deputatos
1051 2000 1199 2039 speciales,

237 2052 344 2083 Dantes
365 2051 398 2081 δι
418 2050 491 2079 inter
504 2047 556 2077 alia
569 2042 771 2075 Concedentes
787 2042 891 2072 eisdem
908 2041 1021 2080 plenam
1038 2039 1216 2071 Potestatem
1229 2041 1263 2072 ὃς

199 2090 408 2125 Αυέὶοτίῑαῑεω
422 2096 455 2117 ac
474 2083 647 2116 island-acum
663 2081 793 2119 generale
807 2081 839 2111 &
856 2079 972 2118 speciale
988 2077 1022 2110 ad
1039 2078 1264 2111 Sacratiffimum

201 2132 236 2163 &
252 2126 476 2160 invidtiffitnum
491 2124 656 2160 Principem
671 2119 796 2150 Fratrem
811 2121 844 2150 &
866 2117 1116 2157 Consanguineum
1132 2117 1263 2148 nostrum

200 2166 385 2200 Carissimum
401 2162 627 2195 Maxizrilavmm
645 2161 824 2189 Romanorum
849 2160 947 2195 Regem
970 2157 1079 2195 semper
1098 2154 1264 2193 Augustum

201 2207 299 2245 (quern
324 2208 353 2235 in
370 2202 546 2241 confratrem
566 2198 704 2238 digniffimi
724 2197 837 2227 Ordinis
857 2200 984 2227 Garterae
999 2219 1009 2234 ,
1036 2196 1091 2225 una
1113 2205 1185 2225 cum
1205 2196 1265 2227 aliis

197 2245 280 2284 ipsius
295 2243 431 2278 Ordinis,
450 2241 502 2272 suis
518 2238 665 2277 condignis
680 2238 714 2268 δί
737 2237 912 2274 exigentibus
929 2234 1042 2266 Meritis
1055 2257 1065 2271 ,
1084 2233 1262 2272 elegerimus)

198 2283 374 2323 personaliter
390 2278 572 2315 Accedendi,
586 2275 846 2315 juramentumque
863 2273 1022 2312 Corporale
1038 2274 1075 2304 ab
1091 2273 1151 2310 ipso
1164 2273 1264 2304 Sacra-

198 2322 306 2355 tiffimo
323 2320 457 2357 Principe
478 2321 658 2348 Romanorum
676 2318 747 2352 Rege
762 2338 771 2352 ,
797 2324 850 2352 pto
873 2314 1007 2344 omnium
1028 2313 1063 2343 ὃς
1088 2312 1263 2351 singulorum

200 2361 312 2401 Legum
327 2384 337 2399 ,
363 2358 585 2390 Ordinationum
598 2378 607 2394 ,
631 2354 808 2386 Statutorum
825 2376 834 2391 ,
853 2352 887 2383 ὅτ.
904 2352 1133 2384 Serimoniarum
1148 2350 1266 2382 Ordinis

199 2400 327 2440 praediffl
348 2397 522 2429 observantia
539 2418 549 2432 ,
570 2396 646 2433 juxta
667 2394 728 2424 vim
741 2415 752 2430 ,
776 2392 902 2422 sormam
916 2414 926 2429 ‚
947 2392 980 2422 ὃς
995 2389 1136 2421 εὲἲεᾶυῐη
1149 2399 1265 2421 eorum-

200 2441 268 2473 dem
302 2439 335 2470 &
351 2436 500 2468 laudabiles
520 2431 749 2465 Consuetudines
768 2431 796 2460 in
817 2440 850 2461 ea
864 2439 941 2468 parte
958 2429 1065 2460 usitatas
1079 2430 1112 2461 δε
1126 2430 1266 2466 approba-

201 2488 258 2517 tas,
276 2462 329 2518 pro
341 2475 444 2508 Nobis
463 2476 496 2506 &
511 2472 649 2505 Nomine
662 2469 760 2501 nostro
772 2466 911 2507 Petendi,
933 2467 1089 2506 Exigendi,
1106 2468 1139 2499 &
1156 2467 1266 2505 Requi-

202 2517 298 2585 renddi,
314 2513 670 2555 ipsumqueJuramentum
687 2509 794 2540 realiter
811 2509 844 2540 &
869 2517 937 2539 cum
954 2506 1062 2538 effectu
1078 2504 1200 2547 praestari
1214 2506 1267 2537 Vi-

203 2557 259 2586 den
280 2556 290 2584 i

240 2593 277 2623 Et
299 2578 382 2631 ²quia
394 2590 485 2622 forsan
500 2588 578 2621 idern
588 2585 792 2618 Sacratiffimus
805 2588 987 2616 Romanorum
1002 2587 1063 2615 Rex
1078 2583 1112 2614 ad
1126 2593 1266 2622 quorum-

202 2632 269 2663 dam
284 2616 459 2661 Statutorum
472 2626 636 2665 hujusmodi
650 2625 859 2656 observantiam
874 2624 997 2655 minime
1013 2622 1125 2666 astringi
1138 2647 1148 2660 ,
1165 2623 1209 2653 sed
1223 2622 1267 2653 su-

202 2680 252 2709 per
272 2668 377 2699 eisdem
400 2666 648 2704 Dispensationem
665 2663 791 2694 nostram
813 2663 953 2701 requirere
968 2671 1001 2692 ac
1017 2670 1165 2700 impetrare
1181 2662 1248 2692 velit
1260 2685 1270 2700 ,

203 2718 234 2740 ea
244 2704 505 2777 gdjpstiidelllglsigus
528 2740 562 2771 &
585 2738 711 2778 providis
727 2736 1042 2780 Circumspcffionibus
1059 2736 1217 2779 Oratorum
1236 2739 1270 2769 &

205 2783 478 2816 Commiffiriorum
502 2778 668 2810 nostrorum
688 2775 892 2817 praedietorum
917 2775 1161 2813 quamplurimum
1176 2776 1269 2806 confi-

204 2824 301 2855 dentes

242 2846 386 2893 Dedimus
407 2859 441 2890 ὃ(
461 2854 663 2889 Conceffimus
684 2854 722 2884 eis
742 2862 777 2883 ex
792 2850 1045 2891 superhabundanti
1059 2851 1189 2890 plenam,
1207 2852 1269 2882 Te-

206 2911 279 2933 nore
300 2898 506 2934 Ptaesentium,
531 2893 706 2926 Potestatem
730 2892 762 2922 &
779 2891 990 2922 Auctoritatem
1006 2901 1073 2920 cum
1093 2890 1209 2927 praefato
1224 2891 1272 2921 ln-

207 2938 364 2972 vie‘tiffimo
385 2937 418 2970 ὃς
440 2933 631 2968 Sacratiffimo
653 2931 787 2969 Principe
805 2930 841 2960 de
865 2930 899 2960 ὃς
913 2930 991 2966 super
1006 2928 1158 2960 Praemiffis
1174 2929 1271 2959 Com—

210 2975 374 3010 municandi
386 2998 397 3014 ,
421 2975 454 3006 &
480 2982 549 3004 cum
568 2982 603 3003 eo
618 2971 699 3008 super
714 2970 890 3000 statutorum
916 2967 1075 3006 hujusmodi
1091 2977 1150 2998 non
1165 2967 1271 3000 Obser-

212 3017 304 3048 vantia
320 3038 330 3053 ,
354 3024 408 3054 pro
431 3012 527 3043 Nobis
543 3012 575 3042 &
596 3011 614 3029 ¹*
634 3009 770 3039 Nomine
792 3006 911 3044 nostro,
930 3015 1015 3050 prout
1033 3016 1105 3044 opus
1118 3006 1217 3044 fuerit,
1236 3007 1270 3038 &

213 3055 306 3086 eidem
321 3050 512 3084 Sacratiffimo
527 3049 654 3086 Principi
663 3070 673 3086 ,
690 3056 724 3077 ac
737 3046 819 3077 dietis
835 3045 1004 3076 Oratoribus
1019 3046 1052 3077 &
1065 3044 1273 3075 Commissariis

214 3093 316 3125 nostris
336 3091 427 3123 visum
445 3090 530 3120 fuerit
542 3111 552 3126 ,
581 3085 764 3124 Dispensandi
777 3108 787 3125 ,
810 3084 1065 3123 juramentumque
1085 3083 1273 3123 praedictum,

217 3131 308 3172 quoad
326 3131 433 3161 Statuta
449 3128 485 3159 lic
500 3125 687 3165 expedienda,
705 3123 884 3154 Remittendi
900 3123 932 3153 δε
948 3121 1120 3160 Relaxandi,

254 3170 421 3206 Caeteraque
436 3165 615 3197 Faciendi&
628 3161 822 3199 Perimplendi
840 3171 904 3199 quae
922 3163 950 3191 in
969 3160 1120 3192 Praemissis
1138 3161 1183 3193 seu
1198 3163 1274 3193 circa

215 3220 246 3241 ea
263 3208 412 3239 necessaria
429 3205 532 3236 fuerint
545 3203 589 3234 seu
606 3200 825 3241 quomodolibet
837 3209 990 3238 oportuna.

252 3247 287 3278 In
300 3248 379 3286 cujus
386 3269 395 3284 ‚
413 3246 473 3277 &a

253 3321 342 3367 Teste
357 3321 439 3360 Rege
452 3319 525 3358 apud
539 3316 795 3358 Wcstmonasterium
802 3336 813 3353 ,
831 3313 948 3345 decimo
963 3312 1068 3346 oftavo
1084 3313 1129 3345 die
1143 3313 1277 3346 Novem-

219 3361 286 3393 δώ·
901 3392 954 3420 Per
969 3390 1052 3432 ipsum
1064 3393 1167 3428 Regem.

301 3523 356 3557 De'
369 3518 559 3564 Potestatibm
570 3518 615 3552 ad
628 3519 737 3551 Terras
755 3520 923 3565 Incognitas
945 3513 1201 3562 Investzgandum.

298 3607 322 3637 E
333 3606 366 3638 X
388 3605 519 3636 universis
531 3604 565 3636 δε
576 3603 704 3644 singulis,
720 3603 754 3633 ad
771 3612 842 3642 quos
856 3601 1004 3640 praesentes
1019 3600 1126 3632 Literae
1147 3608 1285 3639 pervene-

307 3648 378 3683 rint,
393 3644 527 3674 Salutem.

246 3685 431 3716 ›No-rum
463 3690 527 3711 srr
561 3689 681 3711 vonis
713 3687 765 3709 ετ
796 3686 1084 3710 ΜΑΝῐῑεςτυΜ
1117 3677 1197 3715 quod
1213 3698 1224 3714 ,
1254 3685 1288 3707 ex

231 3725 310 3753 certis
338 3720 618 3753 Considerationibus
655 3718 724 3749 Nos
756 3718 938 3749 moventibus
963 3741 973 3756 ,
1013 3717 1050 3746 de
1085 3715 1289 3747 Advisamento

86 3775 145 3799 Pas.
163 3769 203 3797 18,
237 3762 361 3792 Concilii
382 3759 471 3792 nostri
487 3780 497 3796 ,
522 3757 723 3788 Concessimus
746 3757 778 3787 δε
794 3757 953 3787 Licentiam
969 3755 1098 3786 dedimus
1110 3778 1119 3793 ,
1142 3762 1226 3792 prout
1242 3764 1290 3792 per

88 3799 383 3844 117,p,2‚Praesentes
404 3795 622 3832 Concedimus,
651 3797 684 3825 &
717 3795 878 3826 Licentiarn
899 3795 997 3825 damus
1016 3817 1026 3832 ,
1051 3803 1103 3831 pro
1131 3792 1230 3824 Nobis
1258 3794 1291 3823 &

88 3855 125 3875 711.
145 3855 171 3874 2-

236 3836 403 3869 Haeredibus
429 3835 532 3867 nostris
553 3857 562 3872 ‚
588 3841 724 3872 quantum
744 3835 773 3863 in
799 3833 898 3864 Nobis
921 3833 963 3862 est
979 3856 989 3871 ,
1022 3832 1143 3863 Dileffis
1167 3831 1293 3862 Subditis

236 3876 355 3913 nostris,
380 3879 488 3913 Hugom'
505 3872 589 3914 Elyot
613 3874 647 3904 δε
664 3871 769 3902 Thomae
792 3871 974 3910 Afhekurste,
1002 3870 1211 3901 Mercatoribus
1232 3870 1293 3900 Vil-

239 3913 273 3941 lae
294 3915 395 3944 nostrae
421 3912 566 3944 ssristoniae
579 3936 588 3949 ‚
612 3921 645 3942 ac
658 3935 668 3948 .,
695 3909 813 3940 Dilectis
833 3910 946 3946 Nobis,
963 3907 1239 3948 JohanniGunsalus
1257 3909 1291 3937 ὃς

239 3951 375 3990 Francist'fo
398 3953 558 3982 Farnandus
573 3973 582 3988 ,
606 3949 763 3985 Armigeris
779 3971 788 3986 ,
817 3948 845 3977 in
868 3948 963 3978 insulis
984 3948 1020 3978 de
1037 3948 1136 3985 Surrys
1150 3971 1160 3984 ,
1177 3947 1228 3976 sub
1248 3946 1294 3976 O·

239 3988 377 4020 bedientia
399 3993 475 4027 Regis
492 3988 654 4025 Portugaliae
678 3987 812 4017 Oriundis
827 4009 837 4024 ,
863 3988 896 4017 δε
918 3997 1017 4016 eorum
1035 3986 1170 4023 cuilibet,
1194 3994 1227 4014 ac
1243 3994 1295 4015 cu-

236 4026 346 4063 jussibet
372 4037 473 4058 eorum
491 4027 659 4057 Haeredibus
673 4048 683 4063 ,
708 4026 861 4056 Attornatis
878 4047 887 4062 ,
913 4025 1081 4055 FaCtoribus
1098 4047 1108 4061 ,
1129 4024 1174 4052 seu
1193 4022 1296 4061 Depu-

237 4065 299 4098 tatis
314 4086 324 4102 ‚
347 4073 380 4095 ac
395 4066 434 4096 eis
449 4067 483 4096 &
501 4075 602 4096 eorum
617 4064 734 4096 cuilibet
751 4064 865 4102 plenam
883 4064 917 4095 ὃς
935 4064 1053 4094 liberam
1072 4062 1299 4101 Auctoritatem,
1331 4058 1446 4092 Canace
1465 4079 1475 4096 ,
1500 4058 1534 4090 δε
1558 4057 1673 4089 Adduci
1688 4057 1736 4089 seu
1761 4054 1870 4087 Cariati
1891 4054 1984 4086 facere
2005 4051 2090 4091 possit
2111 4053 2146 4085 ὃς
2167 4053 2256 4086 valeat

669 138 1470 193 CONVENTIONES,
1528 138 1916 190 LITERAE,

1293 225 1470 258 Facultatern
1480 248 1490 265 ,
1508 225 1544 256 &
1561 223 1738 255 Potestatem
1752 216 1972 255 Comi-siittimus
1985 225 2155 264 Navigandi
2170 225 2203 258 &
2218 224 2246 257 (e
2258 225 2369 259 Trans·
2377 228 2453 261 Ann.
2463 230 2497 262 D

1296 265 1405 316 ferendi
1427 265 1461 294 ad
1471 273 1581 308 *omnes
1598 262 1696 307 Partes
1713 285 1723 300 ,
1745 261 1910 308 Regiones,
1930 263 1964 293 &
1982 263 2065 308 Fines
2086 265 2178 310 Maris
2196 264 2367 307 Orientalis,
2398 256 2505 310 ¹502?

1297 303 1508 341 Occidentalis,
1529 301 1681 339 Australis,
1696 301 1809 332 Borialis
1822 324 1832 340 ‚
1851 302 1884 332 δε
1903 300 2146 342 Septentrionalis,
2164 306 2214 335 sub
2233 304 2364 336 Bannei·is
2374 313 2439 338 Hm.
2455 319 2483 345 7.

1296 344 1331 374 &
1353 342 1481 382 Insigniis
1506 341 1608 373 nostris
1623 364 1634 378 ,
1661 350 1730 371 cum
1755 348 1799 370 tot
1823 340 1857 371 &
1881 341 1964 371 tantis
1979 341 2013 371 δε
2031 342 2130 373 talibus
2149 344 2284 375 Navibus
2304 345 2362 377 sive

1294 375 1405 413 Batellis
1433 389 1504 419 quot
1530 380 1580 411 fibi
1605 380 1760 418 placuerint
1777 379 1810 409 &
1828 378 1990 409 neceffariae
2009 378 2114 411 fuerint
2129 405 2138 418 ,
2156 384 2361 422 cujuscumque

1293 420 1420 460 Portagii
1438 419 1559 458 quilibet
1571 417 1664 449 Navis
1678 418 1734 448 sive
1747 416 1848 448 Batella
1865 419 2003 454 extiterit,
2017 427 2084 448 cum
2100 418 2262 460 Magistra,
2275 422 2361 453 Con-

1292 458 1493 498 tromagistris,
1512 457 1688 495 Marinariis,
1702 456 1840 495 Pagettis,
1858 456 1969 494 aliisque
1980 455 2161 488 Hominibus
2173 470 2226 497 pto
2243 460 2360 493 Guber-

1292 500 1408 529 natione
1425 521 1435 536 ,
1451 498 1522 529 salva
1547 496 1688 527 Custodia
1707 497 1740 527 ὅ(
1769 494 1944 525 Defensione
1969 494 2103 526 Navium
2133 497 2168 527 &
2193 498 2359 531 Batellarum

1293 537 1490 574 praedietarum
1507 535 1755 573 competentibus,
1770 533 1905 572 requisitis
1921 534 1955 564 &
1973 533 2142 572 necessariis,
2157 535 2192 565 ad
2207 537 2313 570 Gustus
2325 541 2361 571 ὅς

1294 574 1390 604 Onera
1405 574 1472 604 dib‘t'i
1494 576 1618 611 Hugunis
1634 575 1667 605 ὅ(
1684 574 1806 603 aliorum
1828 572 2052 610 praediCtorum,
2069 573 2103 604 δε
2121 582 2176 610 pro
2194 575 2358 614 hujusmodi

1293 612 1419 650 Salariis,
1438 612 1535 642 Vadiis
1547 635 1557 650 ,
1576 613 1609 642 &
1629 612 1779 650 Stipendiis
1794 634 1803 649 ,
1821 619 1907 650 prout
1925 611 1997 642 inter
2014 620 2065 642 eos
2079 619 2216 650 poterunt
2231 624 2358 647 concor-

1291 651 1374 688 dare,
1392 652 1426 681 ad
1446 650 1659 681 Inveniendum
1673 672 1682 688 ,
1709 650 1951 688 Recuperandurn
1967 673 1977 689 ‚
2002 649 2286 688 Discooperiendum
2321 656 2356 687 δε

1291 688 1524 727 Iiivestigandum
1546 688 1664 726 insulas,
1684 688 1805 726 Patrias,
1822 689 1967 728 Regiones
1979 711 1990 728 ,
2009 689 2068 719 five
2085 687 2255 723 Provincias
2273 678 2357 732 quas-

1290 737 1417 796 }umque
1434 728 1594 760 Gentilium
1610 727 1645 758 ὅ(
1663 725 1824 758 infidelium
1840 729 1869 757 in
1887 737 2068 766 quacumque
2085 728 2195 761 Mundi
2208 740 2286 769 parte
2302 743 2357 770 po-

1304 776 1368 804 itas,

1329 805 1375 835 Ac
1393 804 1556 843 hujusmodi
1571 804 1709 835 Banneras
1723 804 1756 835 δε
1771 802 1889 843 insignia
1904 804 1999 835 nostra
2018 806 2046 835 in
2062 816 2246 847 quacumque
2261 807 2335 840 Villa

1291 843 1418 912 kaffiii
1431 843 1554 912 (ἔας-το,
1574 842 1680 880 Insula,
1696 843 1742 873 seu
1759 841 1851 873 Terra
1870 842 1949 873 firma
1961 866 1971 882 ,
1998 854 2013 874 a
2027 844 2055 874 se
2072 847 2110 876 {ic
2127 848 2242 878 noviter
2254 833 2359 880 inven3

1290 890 1341 919 tis,
1440 893 1475 913 en
1499 893 1507 912 i

1329 892 1444 960 Ipsaquge
1462 905 1547 952 Vill'as
1561 944 1570 959 ‚
1595 920 1711 958 opida,
1727 919 1845 958 Castra,
1863 919 1988 958 Insulas,
2004 919 2038 951 &
2051 921 2156 954 Terras
2169 923 2264 955 firmas
2274 948 2285 963 ,
2301 935 2357 964 pro

1289 956 1390 990 Nobis
1407 961 1440 992 δε
1456 959 1592 991 Nomine
1606 959 1706 989 nostro
1716 981 1726 996 ,
1744 957 1869 990 Intrandi
1882 960 1915 989 &
1925 958 2085 998 Capiendi,
2104 963 2138 992 &
2152 972 2183 992 ea
2194 987 2202 1000 ‚
2218 972 2356 1002 tanquam

1290 997 1392 1029 vasalli
1410 998 1522 1038 nostri,
1546 1008 1580 1029 ac
1599 997 1812 1029 Gubernatores
1828 1020 1838 1035 ,
1854 997 2080 1037 Locatenemae,
2096 1001 2130 1031 ὅτ
2146 1000 2283 1040 Deputazi
2302 1014 2357 1034 no,

1290 1036 1339 1067 stri
1359 1039 1530 1075 (eorumque
1556 1037 1726 1075 Dominio,
1748 1036 1851 1066 Titulo
1865 1058 1875 1074 ,
1900 1036 2067 1075 nignitate,
2086 1039 2120 1070 ἃ
2138 1037 2361 1074 Praeeminentiri

1290 1076 1578 1146 {⁰l{¹·mde“(¹1·N⁰bi⁵
1596 1075 1706 1113 semper
1726 1075 1895 1112 Reservatis)
1917 1073 2106 1116 Occupanffl,
2125 1076 2304 1120 Poffidendi,
2323 1083 2358 1114 &

1316 1126 1332 1145 u
1353 1122 1442 1153 jugari
1465 1125 1492 1152 ις

1315 1153 1450 1198 ,Proviso
1467 1154 1575 1192 semper
1593 1152 1672 1192 quod
1689 1152 1726 1183 de
1740 1151 1858 1192 Terris,
1876 1150 2198 1194 PatriiS,Regionibus,
2218 1155 2276 1187 siv'e
2289 1157 2363 1189 Pro-

1292 1194 1393 1223 vinciis
1410 1193 1573 1224 Gentilium
1592 1202 1639 1223 aut
1657 1191 1818 1222 [nfidelium
1833 1214 1843 1228 ,
1870 1201 1919 1229 per
1945 1191 2081 1223 Subditos
2099 1191 2242 1225 Cariffimi
2262 1195 2363 1228 Fratris

1292 1233 1326 1263 &
1353 1231 1564 1270 Consanguinei
1589 1230 1678 1262 nostri
1703 1229 1868 1268 Portugaliae
1889 1232 1989 1268 Regis,
2015 1231 2062 1262 seu
2084 1232 2206 1263 aliorum
2225 1243 2366 1271 quorum-

1294 1280 1421 1309 cumque
1440 1271 1625 1308 Principum,
1643 1270 1835 1307 Amicorum,
1854 1270 1887 1300 &
1905 1268 2182 1302 Confoederatorum
2200 1272 2366 1305 nosti-orum

1297 1311 1372 1348 prius
1391 1310 1503 1348 repertis
1519 1334 1529 1348 ,
1553 1310 1587 1340 ὅ(
1613 1310 1643 1339 in
1667 1318 1785 1346 quarum
1807 1307 1980 1338 Poffeffione
1998 1309 2049 1346 ipsi
2066 1309 2212 1348 Principes
2224 1311 2285 1349 jam
2305 1315 2364 1343 exi-

1300 1348 1395 1387 stunt,
1410 1349 1436 1378 se
1452 1349 1532 1379 nullo
1549 1348 1641 1378 modo
1660 1346 1817 1385 impediant
1832 1355 1878 1377 aut
1897 1348 2092 1379 intromittant.
2208 1381 2210 1384 y

1334 1387 1373 1418 Et
1396 1387 1505 1423 insuper
1521 1411 1530 1425 ,
1557 1386 1801 1426 quandocumque
1827 1385 2017 1423 imposterum
2050 1385 2213 1425 hujusmodi
2238 1386 2338 1420 Insulae
2354 1413 2365 1429 ‚

1300 1426 1401 1457 Patriae
1415 1449 1425 1464 ,
1449 1427 1479 1456 T
1481 1434 1551 1456 errae
1566 1450 1576 1464 ,
1601 1427 1635 1458 &
1653 1424 1818 1456 Provinciae
1830 1446 1840 1462 ‚
1869 1434 1918 1462 per
1957 1424 2066 1456 raesatos
2084 1429 2226 1464 Hugonem
2243 1428 2277 1458 ὃς
2295 1429 2365 1460 alios

1299 1466 1462 1496 nominatos
1483 1463 1619 1503 Adeptae,
1638 1463 1827 1502 Recuperatae
1843 1486 1852 1501 ,
1876 1464 1910 1494 &
1941 1473 2055 1494 nventae
2073 1465 2196 1503 fuerint,
2213 1475 2281 1497 tunc
2301 1467 2369 1498 Vo-

1300 1504 1394 1535 lumus
1411 1514 1458 1542 per
1473 1503 1627 1535 Praesentes
1645 1503 1726 1542 quod
1744 1512 1846 1533 omnes
1861 1503 1894 1533 ὅ(
1911 1501 2025 1541 singulae
2041 1503 2102 1534 t‘arn
2119 1505 2181 1536 Viri
2195 1506 2284 1542 quam
2301 1505 2369 1536 Fce-

1302 1544 1390 1573 minae
1408 1543 1490 1581 hujus
1510 1542 1606 1582 Regni
1623 1542 1728 1580 nostri,
1745 1542 1871 1579 caeteriq3
1890 1541 2001 1572 Subditi
2021 1541 2130 1581 nostri,
2148 1542 2251 1575 Terras
2270 1546 2303 1577 ὃ(
2322 1544 2371 1575 In·

1302 1581 1371 1612 sulas
1390 1581 1553 1620 hujusmodi
1573 1581 1609 1611 fic
1629 1581 1741 1611 noviter
1757 1581 1884 1611 inventas
1905 1580 2013 1612 visitare
2030 1581 2063 1612 δί
2082 1583 2110 1612 in
2131 1582 2234 1613 eisdem
2251 1582 2369 1614 Inhabi-

1302 1628 1360 1652 tare
1377 1622 1522 1657 cupientes
1537 1620 1570 1652 <Sc
1591 1619 1775 1651 defiderantes
1790 1642 1800 1657 ‚
1824 1617 1932 1656 poffint
1947 1621 1980 1651 &
1999 1621 2109 1652 valeant
2126 1620 2203 1652 licite
2221 1622 2253 1653 &
2273 1623 2370 1661 impu*-

1303 1661 1342 1690 ne
1360 1659 1394 1690 ad
1412 1659 1478 1697 ipsas
1497 1659 1617 1697 Patrias,
1634 1658 1754 1696 Insulas,-
1770 1659 1804 1688 &
1821 1659 1920 1696 Loca,
1939 1667 2008 1688 cum
2020 1669 2120 1690 eorum
2134 1659 2285 1700 Navibus,
2300 1661 2370 1693 Ηο-

1302 1700 1444 1736 minibus,
1461 1699 1494 1729 &
1514 1698 1722 1734 Servientibus,
1742 1697 1842 1727 Rebus
1860 1697 1892 1727 &
1912 1696 1998 1727 Bonis
2015 1697 2067 1728 suis
2086 1699 2244 1738 universis,
2262 1700 2371 1732 Trans-

1300 1738 1340 1768 ire
1355 1762 1363 1776 ,
1399 1738 1432 1768 δε
1457 1738 1487 1767 in
1506 1737 1609 1768 eisdem
1628 1736 1678 1766 sub
1695 1735 1880 1766 Protec‘tione
1898 1736 1931 1765 ὃς
1949 1735 2102 1774 Regimine
2118 1737 2263 1768 didtorutn
2278 1741 2373 1777 Hugo-

1300 1780 1341 1806 nis
1358 1778 1392 1808 ὃς
1409 1777 1528 1807 aliorum
1548 1775 1825 1814 praenominatorum
1845 1772 1955 1803 Morari
1973 1774 2006 1805 δε
2022 1772 2181 1806 inhabitare
2197 1801 2208 1815 ,
2230 1776 2372 1809 Divitiis-

1301 1825 1377 1854 que,
1397 1815 1535 1853 Fruetus,
1554 1816 1587 1847 &
1606 1813 1812 1845 Emolumenta
1828 1812 2003 1850 Terrarum,
2022 1811 2196 1853 Patriarum,
2215 1816 2248 1847 ὃ(
2267 1815 2369 1848 Loco-

1301 1864 1364 1884 rum
1386 1854 1592 1891 praedictorum
1612 1853 1771 1889 Adquirere
1789 1853 1822 1883 &
1842 1851 1993 1882 Obtinere.
2018 1884 2024 1889 ,

1340 1891 1451 1924 Danres
1470 1893 1579 1931 insuper
1599 1892 1631 1923 δε
1651 1890 1855 1923 Concedentes
1872 1890 1991 1929 praefatis
2008 1892 2118 1929 Hugoni
2131 1916 2140 1928 .,
2166 1890 2292 1931 Thmae,
2310 1892 2371 1932 Jass

1300 1926 1403 1970 hanni,
1419 1933 1452 1963 ὃς
1471 1931 1627 1972 Francisco,
1644 1932 1677 1962 ὃς
1695 1940 1796 1960 eorum
1814 1929 1931 1960 cuilibet
1948 1929 2059 1968 plenam
2077 1953 2087 1969 ,
2105 1930 2225 1961 Tenore
2243 1931 2369 1963 Praesen-

1299 1971 1372 2002 tium
1387 1994 1397 2009 ,
1414 1970 1588 2002 Potestatem
1609 1972 1641 2001 δε
1661 1969 1871 2000 Auctoritatem
1888 1978 1989 1999 omnes
2006 1969 2039 2000 &
2060 1968 2181 2008 singulos
2199 1969 2344 2002 Homines
2359 1993 2370 2010 ,

1304 2009 1495 2048 Marinatios,
1512 2010 1679 2048 caeterasque
1696 2007 1847 2046 Personas,
1863 2007 1897 2038 ad
1913 2006 2036 2046 Insulas,
2051 2007 2173 2046 Patrius,
2194 2008 2369 2049 Provincias,

1302 2048 1408 2079 Terras
1425 2049 1518 2080 firmas
1531 2071 1541 2088 ,
1565 2050 1599 2081 ὅ(
1619 2048 1699 2078 Loca
1717 2046 1852 2086 praedicta
1869 2056 1904 2077 ex
1923 2044 2013 2077 Causa
2030 2046 2162 2086 praeditsta
2182 2046 2209 2078 se
2227 2047 2372 2080 diverten-

1302 2095 1343 2119 tes
1361 2088 1396 2119 &
1412 2088 1610 2125 confluentes,
1629 2087 1688 2118 tam
1707 2087 1738 2117 in
1756 2085 1905 2117 Comitiva
1922 2085 2067 2116 dictorum
2086 2088 2208 2124 Hugonis
2219 2109 2230 2125 ,
2248 2088 2281 2119 ὃ(
2299 2088 2370 2119 alio-

1302 2137 1375 2173 rum*
1384 2128 1682 2166 praenominatorum,
1707 2125 1794 2164 quam
1817 2126 1847 2156 in
1876 2123 2026 2156 Comitiva
2049 2124 2170 2156 aliorum
2188 2125 2255 2157 illuc
2273 2127 2314 2157 irn
2336 2137 2371 2158 o-

1302 2165 1411 2196 sterum
1442 2164 1604 2197 Recursum
1634 2166 1738 2196 habete
1759 2166 1778 2183 ³*
1805 2164 2038 2201 contingentium
2053 2188 2063 2201 ,
2087 2165 2147 2195 tam
2175 2163 2256 2202 supra
2326 2177 2369 2198 ·re
2391 2175 2406 2191 ο

1302 2205 1391 2243 quam
1410 2206 1438 2234 in
1458 2205 1570 2242 singulis
1586 2204 1701 2242 Pariis,
1720 2202 1819 2234 Terris
1836 2202 1943 2241 firmis,
1961 2203 1995 2234 &
2008 2202 2100 2233 Locis
2112 2203 2275 2242 hujusmodi
2289 2205 2368 2243 post-
2410 2212 2425 2240 8

1303 2252 1392 2282 quarn
1415 2245 1531 2275 inventa
1559 2245 1592 2275 &
1620 2252 1779 2281 recuperata
1804 2242 1935 2279 fuerint,
1959 2240 2093 2280 Regendi
2110 2242 2143 2272 ὃς
2161 2240 2371 2284 Gubernandi‚

1304 2282 1469 2322 Legesque,
1494 2282 1693 2313 Ordinationes
1706 2304 1716 2320 ,
1739 2281 1845 2312 Statuta
1861 2304 1872 2320 ,
1897 2281 1931 2312 ὃ(
1955 2279 2198 2311 proclamationes
2215 2291 2269 2319 pro
2289 2282 2371 2314 bo‘no

1303 2323 1337 2353 &
1356 2322 1468 2360 quiete,
1487 2320 1516 2351 R
1556 2322 1642 2352 imine
1661 2322 1694 2353 δὲ
1712 2319 1932 2351 Gubcmatione
1949 2319 2092 2350 dictorum
2101 2318 2286 2358 Hominum,
2306 2319 2376 2353 Ma-

1323 2360 1456 2391 istrorutn
1473 2383 1483 2396 ,
1547 2361 1748 2397 armariorum,
1778 2359 1811 2390 δε
1830 2359 1945 2390 aliarum
1964 2357 2152 2389 Personarum
2171 2359 2372 2397 praedk‘larum

1328 2399 1452 2438 aciendi,
1467 2399 1652 2437 stabiliendi,
1671 2397 1848 2436 ordinandi,
1867 2398 1901 2429 &
1918 2396 2121 2428 Constituendi
2138 2421 2148 2436 ,
2172 2399 2206 2430 δε
2225 2398 2372 2437 superinde

1304 2437 1547 2469 proclamationes
1565 2437 1706 2478 faciendi,
1722 2447 1755 2467 ac
1774 2446 1877 2467 omnes
1893 2437 1927 2468 ὃς
1946 2436 2068 2476 singulos
2084 2446 2156 2475 quos
2173 2437 2202 2466 in
2219 2437 2272 2468 hac
2292 2446 2370 2477 parte

1303 2476 1471 2507 Contrarios
1491 2477 1524 2507 &
1543 2473 1679 2508 Rebelles
1693 2499 1704 2515 ,
1721 2485 1754 2507 ac
1771 2475 1913 2515 Legibus,
1932 2475 2061 2514 Statutis,
2078 2475 2113 2508 &
2131 2474 2374 2508 Ordinationibue

1304 2515 1445 2553 praeditstis
1463 2515 1662 2547 Inobedientes
1680 2516 1840 2546 invenerint
1856 2537 1866 2552 ,
1891 2524 1924 2545 ac
1949 2524 2052 2544 omnes
2077 2514 2138 2544 illos
2157 2515 2206 2552 qui
2225 2514 2370 2554 Furtum,

1304 2554 1472 2585 Homicidia
1487 2577 1496 2592 ,
1517 2554 1563 2585 seu
1583 2554 1709 2593 Rapinas
1727 2553 1923 2585 commiserint
1940 2553 1974 2584 &
1991 2554 2210 2590 perpetraverint
2227 2575 2237 2591 ,
2263 2562 2310 2584 aut
2323 2554 2375 2584 ali⁴

1304 2603 1373 2632 quas
1390 2592 1532 2624 Mulieres
1549 2593 1705 2624 Insularum
1723 2593 1768 2623 seu
1786 2592 1937 2622 Patriarum
1957 2591 2158 2629 praediCtarum
2175 2613 2186 2629 ,
2204 2600 2309 2623 contra
2324 2603 2372 2624 ea-

1304 2642 1369 2664 rum
1385 2631 1568 2662 Voluntatem
1587 2642 1633 2663 aut
1650 2632 1745 2670 aliter,
1763 2630 1920 2669 Rapuerint
1936 2631 1970 2661 &
1990 2630 2169 2661 violaverint
2184 2652 2195 2668 ,
2222 2631 2299 2668 juxta
2316 2632 2374 2662 Le-

1306 2681 1353 2716 ges
1374 2671 1407 2740 ἐξ
1425 2671 1532 2701 Statura
1548 2680 1598 2709 per
1622 2671 1697 2710 ipsos
1721 2672 1749 2701 in
1766 2670 1818 2701 hac
1838 2678 1916 2708 parte
1934 2668 2062 2700 ordinata
2080 2667 2244 2708 Castigandi
2263 2669 2297 2700 &
2317 2670 2375 2700 Pu·

1307 2720 1373 2740 ΠΙΕΠ
1397 2720 1404 2739 l
1853 2731 1858 2736 .

1346 2748 1391 2778 Ac
1413 2734 1497 2778 etiam
1517 2745 1719 2778 Conceffimus
1740 2746 1860 2783 praefatis
1879 2748 1988 2783 Hugom·
2003 2769 2013 2783 ‚
2029 2744 2156 2783 Thomae,
2171 2743 2303 2783 Jahanm·
2314 2770 2321 2784 ,
2340 2747 2373 2778 ὃς

1307 2786 1464 2826 Francisco,
1482 2785 1653 2816 Haeredibus
1677 2786 1710 2816 ὃς
1733 2784 1886 2822 Affignatis
1906 2785 1961 2814 suis
1979 2783 2061 2823 quod
2075 2806 2084 2821 ‚
2104 2784 2255 2821 postquam
2271 2785 2372 2824 aliquae

1308 2825 1424 2861 Insulae,
1443 2825 1544 2855 Patriae
1556 2848 1566 2862 ,
1582 2823 1683 2855 Terrae
1705 2823 1812 2859 firmae,
1830 2822 1927 2861 Regio
1944 2821 1989 2852 seu
2007 2821 2160 2853 Provincia
2178 2822 2372 2860 imposterum

1310 2863 1464 2902 peripsima
1485 2865 1626 2900 Hugonem
1650 2862 1684 2892 ὃς
1705 2862 1774 2892 alios
1796 2861 2020 2899 praenominatos
2033 2861 2146 2892 inventa
2158 2859 2283 2899 fuerint,
2302 2870 2372 2893 tune

1308 2912 1367 2933 non
1384 2902 1478 2933 licebit
1491 2902 1572 2932 alicui
1589 2900 1633 2932 seu
1648 2900 1785 2939 aliquibus
1795 2899 1919 2931 Subdito
1933 2898 1980 2929 seu
1995 2898 2120 2930 Subditis
2134 2898 2253 2937 nostris,
2268 2900 2373 2930 duran-

1307 2951 1336 2973 te
1363 2940 1509 2971 Termino
1531 2939 1728 2978 Quadraginta
1752 2939 1904 2970 Annorum
1929 2938 2063 2975 proximo
2091 2938 2124 2968 &
2146 2937 2310 2968 immediate
2332 2939 2374 2969 se-

1308 2980 1476 3019 quentium,
1492 2979 1526 3009 ad
1541 2978 1607 3016 ipsas
1621 2977 1725 3016 Villas,
1741 2977 1863 3015 Patrias,
1880 2976 2004 3014 Insulas,
2018 2976 2122 3007 Terras
2137 2975 2289 3014 firmas‚&
2308 2976 2371 3008 Lo-

1308 3029 1360 3056 ca,
1388 3017 1481 3048 Causa
1501 3016 1732 3048 Mercandisandi
1750 3027 1783 3047 ac
1804 3016 1883 3047 Bona
1902 3024 1935 3046 ac
1956 3014 2068 3046 uirendi
2081 3036 2091 3053 ,
2119 3015 2222 3052 absque
2246 3014 2375 3047 Licentia

1308 3057 1404 3088 nostra
1418 3056 1509 3096 Regia
1522 3080 1532 3095 ,
1550 3057 1583 3087 &
1598 3056 1744 3086 diCtorum
1756 3057 1877 3093 Hugonis
1890 3055 1924 3086 &
1937 3064 1952 3085 a
1963 3055 2057 3084 iorum
2073 3053 2352 3091 praenominatorum
2361 3076 2373 3093 ‚

1309 3095 1467 3127 Haeredum
1488 3095 1522 3126 &
1545 3093 1756 3134 Affignatorum
1773 3094 1887 3124 suorum
1902 3116 1912 3131 ,
1930 3101 1997 3123 curn
2011 3092 2064 3122 suis
2077 3090 2211 3122 Navibus
2227 3091 2375 3131 Frequen-

1311 3143 1371 3166 tai·e
1392 3143 1439 3165 aut
1458 3133 1485 3164 se
1508 3132 1658 3165 Divertere
1670 3156 1680 3172 ,
1700 3141 1747 3164 aut
1768 3134 1797 3162 in
1820 3131 1920 3163 eadem
1938 3129 2054 3168 Ingredi
2067 3151 2078 3168 ,
2102 3128 2147 3160 seu
2161 3131 2190 3160 in
2204 3130 2310 3162 eisdem
2322 3141 2377 3169 pro

1310 3174 1448 3212 aliquibus
1470 3170 1556 3202 Bonis
1575 3171 1766 3210 Acquirendis
1787 3171 2005 3205 intromittere3
2030 3169 2063 3198 &
2080 3192 2090 3205 ,
2116 3168 2181 3208 post
2197 3168 2373 3201 Terminum

1312 3212 1457 3243 diciorum
1477 3210 1668 3249 Quadraginta
1683 3211 1836 3241 Annorum
1849 3231 1860 3246 ‚
1881 3207 1962 3245 quod
1978 3205 2068 3236 nullus
2083 3215 2117 3237 ex
2131 3206 2232 3238 nostris
2247 3208 2376 3240 Subditis

1313 3250 1347 3281 ad
1362 3251 1484 3287 aliquam
1500 3250 1623 3279 Terram
1647 3248 1774 3287 firmam,
1793 3247 1930 3283 Insulam,
1947 3244 2067 3276 Patriam
2081 3267 2091 3284 ,
2108 3244 2154 3277 seu
2171 3245 2309 3285 Locum,
2325 3255 2377 3285 per

1312 3289 1387 3327 ipsos
1405 3291 1545 3326 Hugonem
1562 3289 1594 3318 &
1610 3286 1755 3324 Thomam,
1782 3287 1815 3317 &
1838 3285 1906 3316 alios
1924 3284 2074 3321 praediecos
2094 3283 2133 3316 sic
2150 3284 2260 3316 noviter
2275 3286 2379 3316 inven-

1313 3337 1362 3365 ta,
1378 3327 1524 3366 Navigare
1543 3326 1576 3356 &
1600 3325 1786 3364 Frequentaie
1805 3323 1954 3362 praesumat
1971 3346 1982 3362 ‚
2004 3322 2108 3360 absque
2130 3321 2262 3354 Licentia
2282 3323 2379 3355 nostra

1314 3365 1468 3403 praediciti,
1488 3366 1522 3395 &
1544 3364 1689 3396 didiorum
1709 3366 1832 3402 Hugonis
1851 3362 1885 3393 &
1898 3370 2068 3393 caeterorum
2082 3361 2308 3400 praedictorum,
2327 3362 2379 3393 sub

1316 3405 1409 3436 Poena
1423 3402 1587 3434 Amiffionis
1599 3403 1632 3433 &
1654 3402 1850 3433 Forisfatfiturae
1869 3401 2002 3431 omniurn
2024 3397 2171 3429 Bonorum
2190 3400 2225 3431 &
2240 3399 2382 3431 Mercari-

1316 3443 1437 3472 disarum
1453 3465 1462 3479 ,
1487 3441 1599 3471 Rerum
1619 3441 1653 3470 δε
1676 3439 1810 3471 Navium
1835 3446 2109 3478 quorumcumque,
2132 3437 2167 3467 ad
2191 3447 2224 3468 ea
2241 3436 2323 3470 Loca
2339 3438 2379 3470 fic

1318 3481 1432 3512 noviter
1445 3481 1560 3510 inventa
1573 3477 1724 3516 Navigare
1737 3479 1769 3509 &
1785 3479 1814 3508 in
1829 3477 1928 3508 eadem
1947 3475 2060 3514 Ingredi
2074 3476 2309 3513 praesumentium
2324 3477 2381 3515 (vi-

1319 3519 1432 3555 delicet)
1449 3528 1506 3548 una
1521 3516 1660 3546 Medietas
1676 3515 1741 3546 inde
1757 3517 1808 3546 erit
1819 3514 1854 3545 ad
1867 3524 1939 3552 opus
1952 3513 2085 3544 nostrum
2099 3538 2110 3552 ,
2126 3515 2160 3545 &
2173 3515 2223 3546 alia
2238 3513 2380 3547 Medietas

1319 3557 1355 3627 aid
1368 3567 1440 3625 0st
1452 3556 1601 3586 dictorum
1617 3557 1739 3593 Hugonis
1754 3555 1787 3586 δε
1798 3554 1918 3584 aliorum
1933 3553 2210 3591 praenominatorum
2223 3554 2258 3585 δε
2272 3553 2380 3585 Haere-

1343 3606 1393 3626 um
1418 3604 1528 3625 uorum.

1361 3634 1400 3665 Et
1421 3633 1535 3663 ulterius
1559 3641 1593 3664 ex
1615 3631 1788 3663 habundanti
1811 3630 1909 3662 Gratia
1932 3629 2029 3661 nostra
2051 3627 2255 3661 Conceffimus
2275 3630 2310 3661 ὅ(
2331 3639 2382 3668 pet

1323 3671 1477 3704 Praesentes
1491 3670 1756 3709 Concedimus.pro
1768 3668 1866 3701 Nobis
1877 3671 1910 3701 &
1920 3668 2093 3699 Haeredibus
2105 3667 2226 3707 nostris,
2243 3675 2383 3705 quantum

1324 3713 1353 3742 in
1367 3711 1448 3741 nobis
1465 3709 1526 3748 est,
1541 3710 1661 3748 praefatis
1673 3711 1800 3747 liugom,
1818 3707 1924 3739 Thomae
1936 3731 1946 3746 ,
1961 3706 2108 3746 Johanni,
2125 3708 2160 3739 δε
2173 3704 2329 3745 Francrfio,
2348 3708 2383 3738 ὃς

1325 3759 1425 3781 eorum
1437 3749 1569 3787 cuilibet,
1588 3748 1760 3779 Haeredibus
1773 3748 1806 3779 &
1821 3746 1970 3786 Asfignatis
1982 3747 2034 3777 suis
2043 3770 2054 3785 ‚
2073 3746 2154 3784 quod
2169 3745 2218 3784 ipsi
2232 3746 2266 3775 δε
2280 3755 2385 3776 eorum

1325 3789 1442 3828 quilibet
1460 3785 1667 3824 Mercandiras,
1683 3785 2065 3824 Mercimonia,Aurum-&
2079 3786 2241 3821 Argentum
2256 3783 2285 3812 in
2302 3781 2383 3815 Mas·

1325 3830 1368 3865 sa,
1387 3826 1506 3867 Lapides
1520 3826 1678 3863 preciosos,
1695 3827 1729 3856 ὃς
1741 3825 1793 3855 alia
1808 3824 1888 3855 Bona
1904 3831 2095 3861 quaecumque
2107 3822 2144 3852 de
2158 3820 2319 3852 crescentia
2328 3822 2384 3854 Pa-

1327 3868 1461 3902 triarum,
1480 3863 1632 3896 Insularum
1669 3865 1702 3895 &
1718 3864 1868 3895 Locorum
1881 3862 2103 3901 praedietorum,
2121 3869 2170 3898 per
2186 3859 2259 3898 ipsos
2275 3861 2313 3891 fic
2322 3860 2386 3893 Re-

1326 3902 1554 3942 cuperandorum
1581 3903 1614 3934 &
1637 3886 1879 3933 inveniendorum
1894 3925 1904 3939 ,
1920 3901 1981 3931 tam
1997 3901 2028 3931 in
2043 3899 2124 3929 dietis
2134 3896 2270 3930 Navibus
2284 3900 2318 3930 &
2331 3898 2386 3930 Ba-

1328 3943 1416 3978 tellis,
1430 3942 1515 3980 quam
1527 3942 1584 3971 aliis
1605 3941 1831 3980 quibuscumque
1851 3938 1986 3973 Navibus
2009 3937 2113 3969 Exteris
2135 3946 2150 3966 a
2170 3936 2256 3968 dictis
2270 3936 2389 3976 Patriis,

1329 3980 1441 4018 Infulis,
1459 3979 1557 4011 Terris
1572 3979 1660 4010 firmis
1673 4002 1685 4019 ,
1703 3981 1736 4011 δε
1752 3979 1841 4010 Locis
1854 3981 1884 4010 iri
1898 3978 1959 4010 hoc
1976 3976 2112 4018 Regnum
2124 3975 2257 4007 nostrum
2274 3976 2388 4016 Angiiae

1330 4020 1365 4051 ad
1382 4028 1596 4057 quemcumque
1611 4017 1732 4049 Portum
1745 4018 1791 4049 seu
1808 4017 1893 4048 alium
1912 4017 2029 4047 Locum
2042 4013 2165 4052 eiusdem
2183 4014 2334 4061 Adducere
2353 4015 2388 4044 δε

2300 4061 2390 4088 eaque

2260 4075 2397 4128 ‚Vendere

2427 2175 2515 2204 XIIL'
2527 2218 2531 2226 ι
