2555 4266
790 176 902 221 ET
987 177 1246 221 ACTA
1329 176 1798 224 PUBLICA.

2256 194 2339 238 ‘199

16 267 94 304 ffinn.
108 265 151 300 D.
167 278 225 308 τῆς,
242 268 322 308 qued
343 267 416 298 inter
434 263 496 297 Nos
512 266 546 298 ὅτ
568 261 764 310 Sereniffimos
775 265 920 305 Principes
932 263 1158 296 Maximianum
1171 268 1226 295 Ro-
1267 262 1348 295 cim&
1366 262 1425 294 Die
1444 262 1552 296 Mensis
1572 266 1717 298 Februarii
1729 269 1787 306 jam
1802 265 1937 306 proximo
1951 271 2100 309 praeteriti,
2112 271 2191 310 J'uxta
2204 273 2326 305 formam
2345 269 2422 301 Ann.
2433 268 2475 303 Ds

38 309 123 349 1489.
167 318 305 339 manorum
326 308 421 344 Regem
435 329 446 344 ,
470 308 504 338 &
526 305 677 345 Philippum
698 317 753 343 ejus
773 306 885 344 Filium,
902 305 1026 344 Austriae
1045 304 1227 340 Archiduces,
1272 302 1454 339 quarumdam
1474 303 1685 335 Indenturarum
1705 306 1849 344 superinde
1864 308 2080 348 confectarum,

14 352 80 379 «Heu.
100 357 113 382 7
120 369 127 375 .

19 2234 41 2255 ⁸
60 2234 130 2262 XII.

23 2275 88 2311 362.

166 346 229 383 &a
265 344 372 376 uaedam
398 344 598 375 Amicitiarum
623 347 656 377 δε
679 343 972 375 Consuederationum
993 342 1125 380 Capitula
1141 343 1227 379 sunt,

166 396 217 427 per
273 393 305 415 os
321 406 331 421 ,
355 382 590 426 Nominibusque
611 383 712 414 nostris
727 407 737 423 ,
755 383 904 429 Tra-{tatQ
923 379 1125 425 Concordata,
1143 379 1228 409 Con-

163 431 266 494 {53²²
285 421 498 461 Determinata,
514 423 548 454 ὃς
563 421 724 461 Conclusa,
743 422 794 452 sub
809 431 842 452 ea
857 428 920 459 quae
933 419 1054 457 sequitur
1063 418 1228 449 Verborum

163 543 235 575 Haec
247 538 322 584 stmt
341 540 566 571 Amiciti'arum
590 542 627 577 ὠ·
646 536 932 581 Confoederationum
955 535 986 567 C
1000 545 1020 566 Α
1036 544 1054 566 1³
1069 545 1082 566 1
1097 545 1120 566 T
1135 545 1159 567 tr
1174 544 1193 566 r.
1207 545 1227 567 A

209 591 289 620 inter
304 588 520 634 Commiffarios
536 591 572 626 (37⁶
590 590 754 632 Depusatos
770 581 1022 625 Sereniffimorum
1035 586 1224 628 Principum,

208 636 346 671 Henrici
364 664 374 679 ‚
411 640 471 670 Dei
498 638 610 669 Gratia
627 661 636 677 ‚
670 632 773 680 Regis
801 630 929 678 Angliae
953 634 986 664 &
1011 631 1169 671 Franciae,
1195 634 1227 664 δε

211 685 350 720 Domini
370 684 536 719 Hiberniae
555 710 566 726 ,
598 695 637 715 ex
653 693 714 713 una
734 685 845 721 Parte,
872 691 908 712 ac
925 678 1138 714 Maximiliani
1156 681 1230 713 Ro-

211 746 377 768 manorum
404 734 504 779 Regis
522 759 532 773 ,
568 734 604 769 ὠ·
633 729 710 763 Filii
738 727 786 762 sui
805 728 973 774 Philippi,
1000 726 1228 762 Archiducum

214 781 357 817 Austriae
371 807 381 822 ‚
407 785 471 815 &c.
496 793 535 812 ex
557 779 656 812 altera
672 781 762 811 Parte
772 775 957 811 Nominibus
974 780 1146 823 Principum
1156 788 1230 823 prae-

212 831 361 864 dierorum
374 858 383 872 ‚
409 838 535 861 matura
552 825 773 860 Deliberatione
790 828 1038 868 Communicam,
1064 827 1228 869 imitata,

215 883 386 919 Conventa,
415 880 576 914 firmata,
600 879 636 914 ὠ
659 875 810 920 Conclusc't.

166 964 242 1028 IN
253 973 271 995 Ρ
281 972 305 993 R
315 970 404 993 IMIS
414 985 423 999 ,
440 961 630 993 Conveniam
642 985 650 998 ,
669 960 891 992 Concordatum
902 983 912 998 ,
931 961 963 991 &
975 960 1152 991 Conclusum
1170 961 1230 991 exi-

215 1003 263 1033 stit
279 1001 359 1039 quod
384 1002 420 1031 ab
434 1001 486 1031 hac
504 1001 562 1031 Die
585 1001 616 1030 sit
632 1001 706 1031 bona
723 1024 732 1039 ,
752 1000 875 1037 sincera,
894 1009 977 1037 vera,
996 1000 1120 1038 integra,
1139 999 1230 1041 perfe-

167 1042 230 1080 ἀει,
246 1039 327 1070 firma
342 1062 352 1076 ,
378 1040 412 1070 &
434 1048 568 1077 perpetua
582 1039 717 1070 Amicitia
730 1063 740 1076 ,
764 1039 855 1075 Liga,
872 1037 1110 1075 Confoederario,
1129 1038 1160 1068 &
1179 1038 1229 1067 U-

167 1080 218 1110 nio
232 1103 241 1116 ,
266 1088 317 1117 per
339 1077 463 1108 Terram
479 1102 488 1116 ,
516 1077 600 1108 Mare
615 1102 624 1115 ,
650 1079 683 1109 ὃς
710 1079 804 1114 Aquas
821 1076 931 1113 dulces,
949 1077 1032 1106 omni
1048 1075 1131 1107 AEvo
1144 1084 1229 1118 atque

165 1117 316 1155 Tempore
340 1117 469 1147 duratura
480 1141 489 1155 ,
516 1119 587 1147 inter
608 1116 702 1147 dietos
727 1116 872 1153 Principes
883 1138 892 1152 ,
909 1114 1025 1153 suosque
1039 1114 1177 1145 Haeredes
1194 1116 1228 1145 ὃς

164 1156 365 1194 Succeffores,
385 1155 488 1192 Regna
504 1179 513 1192 ,
539 1155 644 1186 Parrias
657 1179 666 1192 ,
694 1154 851 1191 Dominia,
870 1153 1006 1183 vassallos
1017 1175 1027 1190 ,
1043 1154 1076 1183 &
1093 1153 1228 1184 Subditos

164 1195 364 1234 quoscumque
380 1217 389 1233 ,
411 1194 559 1231 praesentes
578 1195 611 1225 δε
626 1194 752 1230 futuros,
770 1193 829 1222 tarn
850 1191 1060 1222 Ecclesiasticos
1076 1193 1163 1229 quam
1179 1191 1230 1222 Se-

164 1234 273 1264 culares
289 1257 298 1271 ,
322 1233 514 1271 cujuscunque
536 1231 652 1264 Gradus
675 1232 709 1262 &
731 1231 916 1261 Conditionis
936 1230 1078 1268 existant3
1098 1231 1134 1260 ita
1150 1229 1229 1268 quod

165 1282 271 1303 omnes
284 1282 384 1302 eorum
398 1271 512 1302 Vaffalli
526 1272 560 1302 ὅτ
578 1271 689 1302 Subditi
708 1269 843 1300 hincinde
857 1270 961 1308 ubique
976 1269 1107 1299 locorum
1124 1269 1174 1298 sibi
1187 1272 1229 1298 in-

165 1312 266 1342 vicem
287 1312 399 1341 faveant
413 1333 424 1349 ,
448 1310 557 1347 seseque
580 1310 683 1340 mutuis
700 1308 814 1339 Officiis
826 1308 1044 1350 prosequantur,
1063 1308 1097 1338 &
1110 1306 1231 1338 honesta

169 1350 339 1381 Affefflone
353 1349 539 1387 pertrac'ient,
557 1348 718 1386 poffintque
733 1349 794 1378 tute
808 1347 841 1377 δε
857 1347 947 1376 libere
964 1346 1102 1376 hincinde
1114 1346 1148 1377 ad
1158 1346 1231 1376 Por-

170 1397 231 1426 tus,
250 1389 390 1419 Dominia
405 1411 416 1428 ,
434 1388 466 1418 &
484 1386 637 1417 Distrie'tus
658 1386 856 1424 quoscumque
867 1407 876 1422 ,
902 1385 960 1414 tam
975 1386 1044 1414 citra
1060 1386 1145 1421 quam
1160 1384 1231 1414 ultra

171 1426 273 1464 Mare,
292 1427 327 1457 ad
342 1427 436 1456 dic'tos
453 1425 597 1463 Principes
610 1425 789 1463 conjunffim
805 1433 839 1453 ac
854 1424 966 1453 divisim
980 1423 1165 1461 pertinentes,
1181 1433 1230 1452 ac-

168 1466 287 1503 cedere,
306 1467 333 1495 in
350 1465 444 1503 eisque
461 1465 638 1494 commorari
653 1463 790 1501 quamdiu
811 1463 954 1493 voluerint
968 1485 978 1499 ,
999 1462 1031 1492 &
1044 1460 1140 1491 secure
1155 1461 1231 1491 abire

167 1506 300 1541 quotiens
315 1504 447 1534 duxerint
458 1503 636 1539 abeundum,
655 1511 724 1532 curn
740 1501 793 1531 suis
806 1509 852 1531 aut
870 1500 1020 1530 conclu-,iiis
1032 1500 1077 1529 vel
1093 1509 1233 1530 commo-

167 1544 237 1572 datis
258 1542 391 1581 Navigiis
405 1563 415 1579 ,
440 1540 572 1571 Plaustris
584 1564 594 1579 ,
617 1540 763 1571 Vehiculis
779 1563 788 1576 ,
804 1539 909 1576 Equis,
927 1539 1100 1577 Armaturis,
1121 1537 1232 1568 Merci-

166 1581 288 1618 moniis,
306 1579 496 1610 Sarciunculis
530 1579 628 1616 Bonis,
646 1578 747 1608 Rebus
761 1577 962 1614 quibuscumq;
982 1577 1083 1614 absque
1098 1578 1157 1607 ullo
1171 1576 1232 1606 Irn-

163 1619 350 1657 pedimento,
365 1619 427 1648 tam
440 1618 469 1647 in
477 1601 573 1648 'ferris
585 1618 673 1654 quarn
685 1617 715 1646 in
732 1616 810 1646 Mari
823 1617 856 1647 &
867 1616 953 1653 Aquis
969 1615 1114 1653 dulcibus,
1130 1625 1231 1653 quem-

165 1656 325 1688 admodum
347 1657 466 1694 propriis
485 1658 514 1685 in
534 1655 633 1686 Patriis
653 1655 716 1685 haec
738 1655 837 1685 omnia
850 1655 979 1685 licerent:
1001 1654 1044 1684 lta
1059 1654 1138 1692 quod
1154 1654 1232 1684 nullo

164 1696 242 1727 salvo
264 1694 422 1726 conductu
444 1694 565 1731 generali
583 1703 630 1724 aut
652 1693 760 1731 speciali
776 1693 937 1731 indigeant,
955 1693 1032 1722 salvis
1050 1702 1144 1723 tamen
1161 1693 1232 1722 sem-

163 1745 216 1774 per
228 1733 373 1771 Urbium,
389 1733 557 1772 Regionum
571 1734 604 1764 &
621 1732 770 1763 Locorum
789 1732 929 1769 Legibus,
950 1731 1080 1769 Statutis,
1101 1731 1232 1762 Consue-

162 1772 323 1811 mfflnibus,
342 1772 444 1811 quibus
457 1772 560 1810 nichil,
574 1770 667 1810 quoad
683 1779 784 1801 caetera
798 1770 943 1800 Praemissa
951 1770 1093 1808 ,censetur
1102 1769 1234 1810 Derogzi-

165 1819 241 1843 tum.

204 1850 275 1881 Ire
285 1858 314 1880 M
326 1874 336 1888 ,
355 1849 436 1888 quod
450 1848 543 1879 dietus
556 1851 617 1878 Rex
633 1847 763 1885 Angliae,
781 1847 854 1885 suiq3
871 1846 1010 1878 Haeredes
1027 1847 1060 1878 &
1078 1847 1232 1879 Successo-

166 1899 226 1927 reS,
244 1890 273 1919 in
289 1888 493 1926 quibuscumq3
511 1888 567 1917 aliis
588 1886 892 1917 Confoederationibus
907 1910 917 1924 ,
948 1895 1016 1916 cum
1031 1888 1134 1928 quovis
1151 1887 1233 1917 Prin-

167 1929 232 1966 cipe
243 1950 253 1965 ,
278 1926 474 1958 Univerfirate
488 1950 497 1965 ,
525 1925 746 1956 Communitate
759 1948 769 1963 ,
793 1925 935 1955 Societate
951 1948 960 1962 ,
978 1934 1025 1954 aut
1039 1925 1092 1955 alia.
1108 1925 1232 1964 qualibet

167 1965 290 1996 Persona
305 1963 520 2003 contrahendis,
535 1964 646 1995 diffisum
662 1963 875 1994 Sereniffirnum
891 1966 988 2001 Regem
1004 1966 1185 1993 Romanorum
1199 1974 1231 1995 ac

166 2003 388 2035 Illustriffimum
417 2004 524 2034 Filium
547 2003 629 2033 suurn
652 2001 802 2042 Philippum
816 2025 825 2041 ,
852 2002 1026 2033 Archiduces
1048 2002 1209 2033 antedictos
1223 2026 1233 2041 ,

165 2043 418 2082 comprehendent
433 2066 441 2081 ,
465 2042 484 2072 fi
507 2041 714 2079 comprehendi
729 2041 886 2077 voluerint,
906 2043 962 2071 una
976 2050 1045 2070 curn
1062 2040 1232 2071 l-laercdibus

165 2083 200 2114 &
223 2081 437 2113 Succefforibus
456 2080 507 2111 suis
521 2092 532 2118 3
558 2080 592 2110 ὃς
607 2103 617 2118 ,
642 2079 721 2110 versi
735 2081 800 2111 vice
817 2103 826 2117 ,
845 2079 915 2110 dieti
927 2078 1107 2109 Illustriffimi
1122 2079 1234 2111 Princi-

167 2131 234 2159 pes,
248 2124 309 2151 Rex
330 2123 512 2150 Romanorum
526 2143 537 2157 ,
565 2120 598 2151 &
613 2117 789 2158 Filius-ficus,
805 2120 839 2150 &
852 2118 892 2147 sui
910 2128 963 2156 pro
978 2127 1111 2157 tempore
1124 2117 1228 2149 Haere·

169 2161 204 2191 &
225 2159 407 2190 Succeffores
420 2181 430 2197 ,
455 2160 484 2188 in
505 2157 674 2197 quibuscum
697 2167 733 2188 ue
753 2157 806 2187 suis
829 2155 1149 2196 Confoederationibus‚
1164 2167 1233 2187 cum

168 2199 273 2236 quovis
285 2197 436 2235 Principe,
455 2196 664 2234 Univerfitate,
713 2196 922 2233 ommunirare,
940 2195 1081 2226 Societate
1092 2219 1102 2235 ,
1118 2205 1166 2226 aut
1179 2195 1234 2227 alia

169 2237 293 2276 qualibet
306 2235 428 2266 Persona
441 2234 658 2273 contrahendis,
676 2235 786 2273 semper
801 2243 948 2265 teneantur
968 2234 987 2254 *
1002 2234 1233 2272 comprehende-

166 2285 198 2306 re
208 2299 218 2314 ,
238 2276 257 2306 si
271 2274 479 2313 comprehendi
492 2274 598 2313 velint,
617 2273 730 2305 dictum
743 2278 840 2311 Regem
853 2271 966 2311 Angliae
977 2296 987 2311 ,
1001 2272 1117 2313 suosque
1130 2272 1234 2304 Haere·

169 2314 218 2345 des
232 2316 266 2346 &
283 2313 470 2345 Successores.

201 2352 274 2384 Ιτε
285 2360 328 2391 M,
347 2351 538 2383 Conventum
551 2351 584 2382 &
599 2349 821 2382 Concordatum
837 2349 931 2380 existit
947 2349 1026 2389 quod
1041 2358 1150 2387 neutra,
1173 2351 1232 2380 im-

167 2401 220 2423 mo
243 2391 319 2422 nulla
338 2391 466 2422 Patrium
491 2389 689 2428 praedidarum
704 2389 847 2428 praestabit
866 2389 1034 2428 Auxilium,
1051 2388 1234 2427 Consilium,

168 2431 218 2462 vel
241 2430 380 2461 Favorem
403 2430 523 2459 notoriis
545 2427 690 2459 Hostibus
704 2429 812 2459 alterius
828 2428 915 2458 Partis
927 2451 937 2466 ,
955 2438 1021 2458 eam
1036 2427 1165 2458 infestare
1178 2438 1234 2459 vo-

167 2469 305 2506 lentibus,
321 2477 372 2506 per
385 2468 508 2499 Terram
520 2490 529 2505 ,
548 2465 633 2497 Mare
648 2491 657 2502 ,
682 2467 729 2497 vel
744 2467 840 2505 Aquas
853 2466 965 2506 dulces,
981 2466 1026 2496 sed
1043 2466 1123 2497 bona
1136 2466 1191 2497 fide
1206 2466 1233 2496 se

168 2508 274 2538 mutuis
295 2506 416 2538 Auxiliis
438 2505 612 2537 Militaribus
634 2505 779 2536 Gentium
802 2506 980 2544 Armorum,
998 2505 1122 2542 expensis
1137 2514 1234 2535 tamen

167 2547 239 2577 illius
261 2545 362 2583 Opem
382 2544 586 2583 Interpellantis
599 2568 608 2582 ,
632 2543 807 2583 adjuvabunt
829 2544 960 2582 quotiens
982 2553 1055 2582 opus
1077 2543 1184 2581 fuerit;
1204 2544 1236 2574 in

167 2594 296 2624 quorum
305 2583 488 2614 Auxiliorum
504 2582 704 2619 Praestatione,
723 2582 818 2622 quoad
831 2581 1002 2612 Numerum
1023 2583 1121 2612 attinet
1135 2582 1236 2613 Arma-

169 2632 287 2661 torum,
305 2622 434 2653 habenda
457 2623 508 2652 erit
528 2622 664 2652 facultatis
679 2621 766 2652 Ratio
785 2621 857 2652 illius
879 2620 968 2651 Partis
986 2631 1049 2659 quae
1072 2621 1108 2651 de
1121 2619 1235 2651 serenda

170 2661 239 2700 Ope
257 2662 402 2698 rogabitur
418 2659 464 2691 seu
482 2660 698 2698 interpellabitur
713 2671 723 2698 ;
755 2669 787 2692 ut
805 2659 933 2697 (scilicet)
955 2669 1015 2689 non
1033 2658 1095 2695 plus
1113 2667 1238 2690 teneatur

171 2703 261 2738 quarn
282 2701 347 2730 turn
371 2699 464 2730 faeere
490 2700 593 2735 poterit
616 2697 775 2729 commode
792 2723 802 2736 ,
827 2697 999 2729 considerati
1022 2697 1177 2736 Temporis
1203 2699 1237 2729 &

172 2738 327 2770 Locorum
346 2737 548 2777 Oportunitate
565 2746 600 2769 ac
616 2736 695 2768 Statu
715 2737 826 2768 Rerum
846 2737 965 2768 suarum.

210 2816 294 2857 Qas
315 2815 421 2854 quidem
442 2817 591 2845 Amicitias
617 2815 650 2846 &
664 2811 924 2853 Confoedemtiones,
945 2823 1061 2844 necnon
1071 2810 1239 2853 'rr-istam,

175 2853 374 2892 Concordias,
393 2853 630 2890 ConventioneS,
648 2853 683 2884 ὅτ
697 2852 926 2890 conclusiones,
945 2853 1145 2883 inviolabiliter
1163 2862 1243 2883 tene-

173 2903 205 2924 re
224 2893 257 2923 &
275 2892 425 2922 observare
442 2915 452 2928 ,
476 2900 559 2930 atque
576 2892 665 2922 teneri
682 2891 715 2922 &
735 2891 877 2921 observari
903 2891 996 2921 facere
1012 2914 1022 2927 ‚
1042 2899 1126 2929 atque
1144 2893 1242 2922 omnia

175 2932 212 2962 δε
231 2930 337 2970 singula
362 2930 549 2969 suprascripta
564 2952 574 2966 ,
594 2928 665 2960 Nos
678 2951 689 2967 ,
714 2931 847 2959 Henricus
861 2932 922 2959 Rex
937 2929 1052 2967 Angliae
1069 2929 1243 2969 antedictus,

175 2980 229 3008 pro
248 2969 331 2999 Parte
350 2969 463 3007 nostra,
482 2976 622 3006 quantum
639 2967 675 2998 ad
693 2967 762 2997 Nos
780 2969 900 3005 pertinet
918 2968 952 2998 δε
969 2969 998 2998 in
1018 2968 1119 2998 Nobis
1135 2969 1219 3000 fuerit
1232 2991 1243 3008 ,

174 3007 256 3040 bona
274 3007 344 3038 Fide
362 3009 395 3039 &
413 3009 442 3038 in
463 3007 562 3038 Verbo
578 3005 694 3046 Regio,
711 3005 914 3037 Promittimus
931 3016 980 3045 per
998 3005 1160 3037 Praesenres.

212 3083 247 3114 In
275 3094 399 3121 quorum
424 3084 556 3115 omnium
590 3083 623 3114 &
645 3082 818 3121 singulorum
845 3082 945 3113 Fidem
968 3085 1002 3116 &
1028 3083 1244 3114 Testimonium

175 3122 393 3154 Praemisiorum
410 3123 459 3154 has
474 3122 580 3153 Lireras
599 3121 705 3152 nostras
724 3120 855 3152 Parentes
875 3118 1024 3160 ssiperinde
1040 3122 1099 3153 fieri
1120 3143 1130 3161 ,
1159 3132 1245 3161 atque

179 3160 209 3191 Si
232 3161 268 3191 'lli
286 3161 376 3192 nostri
393 3162 517 3193 fecimus
533 3160 704 3200 appensione
720 3160 909 3190 communiri.
1025 3160 1029 3163 “

252 3208 289 3232 π.
307 3200 368 3231 &c.
861 3237 915 3267 Per
928 3237 1011 3278 ipficm
1031 3239 1136 3275 Regem.

272 3370 526 3412 Convenrionum,
549 3382 619 3403 cum
636 3369 759 3416 Duciffir
773 3371 935 3404 Britanniae
946 3397 956 3414 ,
981 3371 1162 3417 Rattficatio.

33 3454 110 3488 Atm-
125 3456 170 3488 D·
185 3462 274 3521 RE
285 3463 317 3495 X
339 3466 491 3504 omnibus,
508 3466 542 3497 ad
559 3475 647 3505 quos,
663 3466 725 3497 &c.
744 3465 881 3498 Salutem.

58 3497 143 3536 1489.
250 3541 255 3547 ⁸
277 3501 322 3547 TN
331 3513 343 3534 s
352 3512 371 3534 Ρ
382 3514 400 3534 Ε
409 3514 428 3534 x
438 3514 449 3535 r
460 3512 487 3534 M
496 3514 519 3535 u
530 3514 542 3535 s
572 3505 703 3543 quaedam
733 3505 1006 3544 Appun&uarnenta
1040 3506 1221 3547 Treugarum
1235 3530 1244 3545 ‚

32 3539 85 3564 *471-
96 3546 130 3572 4·
187 3539 404 3580 Amicitiarum,
421 3542 596 3574 [ntercursi‘ls
619 3543 765 3574 Mercium
786 3546 820 3576 δε
843 3544 1086 3576 Mercandisarum
1100 3569 1110 3585 ,
1130 3555 1247 3577 mutuo-

34 3578 72 3618 H:
91 3584 118 3610 7·
185 3579 454 3624 rumSuccursuum
465 3582 499 3612 ὃς
514 3582 894 3621 Auxiliorum,aliarumque
906 3582 1148 3620 Promiffionum,
1162 3584 1247 3615 Con-

33 3611 98 3640 ibid.
185 3627 356 3649 ventionum
367 3642 376 3655 ,
401 3619 574 3650 Pafflonum
588 3643 598 3658 ,
621 3621 696 3652 inter
709 3643 720 3658 ,
737 3620 870 3652 Dileetos
887 3621 922 3652 &
942 3622 1049 3652 Fideles
1066 3622 1247 3653 Confiliarios

33 3654 130 3721 ’2¹:¹6-
184 3656 298 3688 nostros
315 3680 324 3695 ‚
348 3656 492 3686 Ricardum
507 3658 666 3697 Eggecombe
683 3658 814 3690 Militem
830 3659 920 3689 nostri
937 3659 1062 3698 Hospitii
1080 3660 1247 3692 Controlla-

184 3705 278 3727 torem
295 3718 304 3732 ,
315 3734 319 3738 Ι
331 3695 365 3726 &
384 3694 556 3733 Magistrum
573 3696 719 3727 Hernicum
735 3697 924 3737 Ayneswortb
942 3698 1059 3736 Legum
1079 3699 1244 3730 Doctorem

182 3735 212 3765 in
229 3733 341 3764 Officio
358 3732 448 3763 nostri
469 3732 573 3765 Privati
590 3734 679 3773 sigilli
696 3735 901 3766 Secundarium
911 3758 921 3773 ,
935 3737 1045 3767 nostros
1063 3748 1148 3769 veros
1159 3739 1245 3770 &in-

180 3773 324 3803 dubitatos
339 3769 576 3810 Ambaffiatores,
590 3771 812 3804 commissarios
817 3793 828 3812 ,
847 3773 989 3812 Legatos,
1003 3775 1182 3815 Deputatos‚
1200 3776 1246 3806 O-

181 3821 287 3843 ratores
302 3833 312 3849 ‚
338 3812 372 3841 &
391 3810 525 3841 Nuncios
542 3810 686 3849 speciales,
703 3821 737 3841 ex
755 3822 810 3843 una
824 3836 834 3849 ,
852 3813 906 3850 &,
923 3812 1060 3852 Egregios
1076 3816 1110 3846 &
1129 3814 1246 3852 spetia-

180 3850 250 3881 biles
269 3849 374 3889 Viros,
393 3848 542 3887 Philippum
563 3849 596 3878 de
616 3849 791 3880 Montauban
813 3849 934 3879 Militem
958 3853 1103 3882 Dominum
1125 3854 1158 3883 de
1181 3857 1246 3884 Sem

182 3886 392 3919 Cancellarium
411 3885 598 3918 Sereniffimae
621 3885 760 3925 Principis
775 3887 923 3918 cariffimae
942 3887 1174 3928 Confinguineae
1193 3902 1246 3921 no-

182 3925 248 3956 strae
266 3929 362 3956 Annae
379 3926 534 3956 Britannice
550 3925 666 3964 Ductffae
683 3949 693 3963 ,
717 3935 768 3964 ac,
787 3924 957 3966 Magistros,
975 3927 1161 3960 <fallier-mum
1174 3933 1246 3960 Gue-

179 3974 233 4001 gen
248 3964 491 3996 Archidiaconurn
508 3964 687 3994 Pentheuriae
706 3963 840 3994 Electum
857 3964 1072 3998 Nannetensem
1089 3992 1100 4006 ,
1122 3969 1157 4000 &
1180 3968 1245 3998 Rol-

183 4001 296 4032 landum
313 4004 435 4042 Goujon,
448 4003 640 4042 Jurisperiros,
660 4000 877 4039 Commiffirios
891 4025 901 4042 ,
919 4003 1134 4044 Procuratores,
1152 4008 1186 4039 ὃς
1202 4006 1248 4037 O·

184 4050 289 4070 ratores
304 4042 449 4078 praediCtae
463 4041 690 4080 Consanguineae
706 4040 811 4071 nostrae
826 4063 836 4078 ,
862 4041 990 4073 Partibus
1008 4051 1042 4073 ex
1060 4045 1163 4084 altera,
1181 4055 1248 4083 cap-

183 4087 227 4118 u,
249 4078 334 4116 inita,
349 4080 521 4112 concordata
537 4099 547 4119 ,
570 4081 604 4113 δε
624 4079 754 4112 conclusa
770 4101 779 4117 ,
797 4081 828 4110 in
847 4078 971 4112 Civitate
986 4081 1168 4123 Redonenfi,
1185 4083 1248 4115 De·

1308 340 1435 380 Qarum
1456 344 1540 371 Tener
1545 342 1670 383 stquitur
1682 347 1712 374 in
1725 344 1780 374 haec
1792 345 1878 376 verba
1887 368 1897 384 ‚

1308 414 1404 445 HAEc
1433 414 1712 459 INDENTURA,

1306 453 1450 500 -FtacerA
1473 456 1604 494 Redonis,
1624 457 1749 489 Decima
1765 458 1824 490 Die
1843 459 1950 490 Menfis
1968 460 2111 492 Februarii
2126 485 2136 500 ,
2153 462 2242 494 Anno
2260 458 2329 494 Do*

1272 501 1343 521 mini
1361 491 1517 538 Mulefimo
1530 517 1539 531 ,
1565 495 1853 532 Quadringentesimo
1867 521 1876 536 ,
1895 498 2097 537 octuagesimo
2115 501 2240 539 oftavo,
2258 503 2329 532 inter

1271 529 1342 560 Nos
1360 529 1510 569 Philippum
1533 532 1566 560 de
1582 534 1755 563 Mantauban
1774 535 1894 565 Militem
1912 539 2055 566 Dominum
2073 538 2106 567 de
2125 543 2190 569 Sens
2205 539 2329 571 Cancel-

1271 568 1371 599 larium
1387 568 1538 600 Britanniae
1556 593 1566 608 ,
1589 580 1622 600 ac
1646 571 1819 602 Guillermum
1843 578 1966 612 Gueguen
1992 576 2234 608 Archidiaconum
2254 578 2332 610 Pen-

1272 608 1390 651 theutii:
1408 608 1441 638 ὃς
1460 607 1591 638 Electum
1609 608 1745 640 Eccleiiae
1765 610 1969 651 Nannetensis,
1986 614 2019 643 ὅς
2037 613 2197 644 Rollandum
2216 618 2331 655 Goujon,

1272 645 1466 677 Illustrislimae
1485 646 1622 684 Principis
1640 648 1673 677 &
1691 647 1846 686 Dominae‚
1860 650 1999 682 Dominae
2014 655 2126 689 Annae,
2146 653 2205 683 Dei
2221 654 2332 694 Gratia,

1273 683 1390 729 Duciffq
1407 688 1564 715 Britanniae
1584 709 1594 723 ,
1618 685 1836 717 Commiffarios
1850 710 1860 726 ,
1878 689 2054 727 DeputatQS,
2072 691 2105 721 &
2125 690 2335 732 Procuratores,

1274 732 1309 753 ex
1326 734 1382 753 una
1400 723 1499 761 Parte,
1517 734 1570 762 ac,
1587 723 1728 762 Egregios
1746 725 1780 755 &
1796 724 1966 761 SpeEiabiles
1980 727 2081 765 Viros,
2102 727 2267 761 Dominum
2284 734 2337 761 Ri-

1272 762 1381 791 cardum
1395 762 1555 800 Eggecombe
1572 762 1701 794 Militem
1712 786 1721 800 ,
1740 764 1774 794 &
1795 762 1970 800 Magistrum
1986 767 2131 795 Henricum
2151 768 2338 806 Aynefwo‘rth

1273 800 1389 837 Legum
1408 800 1573 832 Decitorem
1588 826 1597 838 ,
1622 801 1855 833 Excellentiffimi
1880 803 1913 833 &
1934 801 2122 834 Potentisfimi
2147 805 2285 844 Principis
2301 809 2336 838 ὃ(

1273 838 1416 876 Domini,
1434 839 1558 870 Domini
1567 842 1696 877 Hemici,
1714 841 1811 871 adem
1831 839 1949 878 Gratia,
1968 840 2079 878 Anglie
2093 842 2131 877 (ἐν
2145 847 2264 874 Franciae
2283 849 2337 876 Rea

1268 881 1310 915 gis
1325 877 1364 913 ὠ·
1380 880 1494 908 Domini
1508 878 1649 908 Hiberniae
1684 879 1836 917 Oratorffl,
1857 877 2094 917 Commissari'os,
2109 880 2286 922 Deputatos,
2300 885 2335 916 ὃς

1272 916 1486 954 Procuratores,
1506 926 1540 947 ex
1555 917 1640 948 altera
1681 928 1754 956 arte,

1307 955 1419 986 Tsssr
1431 964 1514 986 Aru
1526 965 1551 986 R
1579 957 1659 994 quod
1680 956 1749 987 Nos
1762 981 1772 994 ,
1799 965 1899 994 praeter
1925 956 1958 987 &
1984 955 2054 986 ultra
2073 965 2187 988 caeteras
2205 959 2339 996 quassibet

1273 992 1426 1024 Paffiones
1441 1017 1450 1031 ,
1477 993 1695 1026 Conventiones
1715 995 1862 1026 Mercium
1886 996 1918 1025 &
1940 994 2181 1026 Mercandisarum
2201 996 2340 1028 Intetcur-

1273 1032 1329 1068 sus,
1348 1042 1380 1062 ac
1401 1031 1673 1063 Confoederationes
1688 1057 1698 1072 ,
1724 1036 1796 1064 inter
1820 1034 1926 1064 <liciam
1945 1032 2160 1064 illustrissimam
2177 1035 2339 1066 Dominam

1274 1070 1401 1100 nostram
1421 1071 1590 1109 Supremam
1608 1075 1765 1102 Britanniae
1781 1071 1919 1111 Duciffam
1935 1072 1968 1103 &
1986 1071 2173 1109 supradieium
2192 1073 2342 1104 Illustriffi-

1274 1118 1355 1138 mum
1378 1108 1490 1147 Angliae
1508 1112 1604 1148 Regem
1623 1112 1655 1141 &
1673 1111 1841 1142 eorumdem
1862 1110 2083 1149 Anteceffores,
2104 1111 2154 1142 sub
2174 1122 2343 1151 quacunque

1275 1145 1439 1177 Verborum
1457 1149 1570 1187 forma,
1587 1148 1707 1180 firmatas
1720 1173 1729 1187 ,
1746 1151 1844 1187 initas,
1860 1149 1894 1179 &
1913 1149 2087 1187 contractas,
2105 1150 2149 1180 ieu
2166 1152 2194 1180 in
2213 1152 2343 1181 futurum

1273 1185 1454 1222 formandas,
1471 1187 1622 1225 ineundas,
1639 1190 1672 1220 δε
1693 1187 1896 1219 contrahendas
1913 1211 1922 1224 ,
1940 1188 2086 1225 speciales,
2105 1188 2234 1225 quasdam
2253 1189 2342 1220 Intel-

1273 1223 1415 1263 ligentias,
1434 1225 1654 1264 Promiffiones,
1671 1226 1838 1264 PaCtiones,
1858 1225 2094 1264 Conventiones,
2112 1226 2343 1262 Confoederatioa

1277 1272 1341 1300 nes,
1358 1263 1524 1301 Amicitias,
1543 1264 1708 1301 Alligantias
1723 1290 1733 1303 ,
1748 1265 1919 1296 Intercursus
1936 1264 2084 1295 Mercium
2102 1266 2136 1296 &
2153 1264 2344 1297 Mercandifii-

1273 1311 1354 1338 ruiti,
1374 1300 1591 1340 prorogationes
1608 1303 1677 1334 Nos
1694 1327 1703 1342 ,
1730 1306 1834 1335 virtute
1851 1302 2000 1334 Potestatis
2019 1313 2068 1340 per
2089 1303 2195 1334 Literas
2214 1304 2342 1336 Patent&

1272 1340 1359 1370 dit-'iae
1377 1340 1525 1378 Supremae
1545 1340 1685 1372 Dominae
1711 1342 1814 1372 riostrae
1833 1342 1979 1383 (Quarum
1997 1342 2100 1372 Tenor
2119 1343 2190 1373 infra
2207 1342 2340 1382 sequitur)

2364 312 2449 348 1489.

2343 352 2407 376 Hm.
2426 358 2454 385 7.

1274 1379 1293 1397 ⁸
1314 1377 1413 1408 Nobis
1431 1380 1569 1409 attriburae
1587 1390 1654 1410 cum
1673 1381 1833 1417 supradictis
1852 1379 2058 1411 Commissarii's
2077 1380 2146 1411 dieti
2164 1381 2341 1412 Metuendis-
2356 1386 2376 1405 ³
2397 1382 2466 1416 xli,

1273 1417 1338 1446 fimi
1358 1416 1446 1455 Regis
1461 1442 1469 1454 ,
1497 1418 1641 1449 Potestate
1659 1419 1784 1449 similiter
1802 1419 1950 1450 sufficienti
1969 1429 2019 1457 per
2039 1419 2146 1450 Literas
2164 1420 2221 1450 stias
2239 1420 2342 1465 Paten-
2363 1426 2426 1462 3⁶3-

1274 1463 1314 1485 tes
1340 1455 1488 1492 (Quarum
1515 1457 1616 1487 Tenor
1635 1458 1825 1494 subinseritur)
1846 1460 1930 1489 etiam
1949 1457 2049 1487 fulcitis
2066 1481 2076 1496 ,
2099 1458 2343 1496 Communicavr·

1275 1502 1357 1530 mus,
1377 1494 1660 1533 Appunftuavimus,
1679 1495 1900 1534 Contraximus,
1918 1495 2136 1534 Conclusimus,
2152 1506 2186 1527 ac
2201 1504 2250 1535 per
2264 1495 2344 1533 Prae÷

1275 1531 1381 1570 sentes,
1399 1533 1449 1562 sub
1468 1533 1558 1563 modo
1573 1535 1605 1564 ὃ(
1627 1535 1722 1564 forma
1738 1535 1932 1572 sequentibus,
1949 1535 2201 1574 Appunc‘iuamus,
2219 1535 2344 1567 Contra·

1275 1571 1386 1614 hirnus,
1407 1570 1640 1609 Concludimus,
1659 1574 1693 1603 &
1707 1573 1928 1603 Concordarms
1944 1573 2102 1612 Articulos,
2120 1573 2343 1613 Promiffiones,

1277 1609 1427 1640 PaCtiones
1438 1634 1448 1648 ,
1475 1609 1697 1642 Conventiones
1710 1634 1720 1649 ,
1747 1612 1910 1650 Alligantias
1925 1634 1934 1649 ,
1960 1612 2124 1649 Amicitias,
2144 1612 2291 1643 Mercium
2308 1614 2342 1645 &

1279 1646 1522 1691 Mercandifiirum
1538 1647 1728 1688 Intercursus,
1746 1660 1780 1680 ac
1800 1649 1968 1680 eorumdem
1983 1649 2202 1687 Prorogationes
2213 1651 2247 1682 &
2260 1650 2344 1682 Con-

1277 1688 1443 1718 tinuationes
1463 1697 1526 1726 quae
1544 1688 1714 1727 sequuntur,

1316 1762 1539 1802 INPRIMIS,
1557 1764 1834 1804 Communicatum,
1854 1765 2074 1796 Concordarum
2085 1787 2096 1803 ,
2118 1765 2152 1796 &
2170 1762 2347 1801 Conclusum

1278 1802 1320 1832 est
1338 1804 1418 1842 quod
1436 1805 1509 1834 inter
1527 1804 1639 1834 dieium
1658 1804 1824 1835 Dominum
1840 1806 1986 1834 Henricum
2002 1807 2099 1841 Regem
2117 1803 2232 1842 Angliae
2245 1827 2255 1842 ‚
2279 1805 2343 1837 suos

1278 1840 1416 1872 Haeredes
1433 1844 1468 1874 ὃς
1485 1842 1683 1881 Successores,
1703 1844 1736 1874 &
1752 1843 1858 1873 dietam
1875 1843 2037 1873 Dorm'nam
2052 1846 2170 1872 Annam
2187 1846 2345 1874 Britanniae

1279 1880 1434 1949 Duczflssam,
1454 1881 1568 1919 ejusque
1586 1881 1726 1913 Haeredes
1745 1883 1778 1912 &
1797 1881 1977 1912 Succeffores
1991 1903 2001 1920 ,
2020 1883 2054 1912 ὅτ
2073 1881 2344 1922 eorumdem‘Regi-

1280 1929 1333 1957 na,
1386 1928 1519 1958 ucarum,
1537 1920 1656 1959 Terras,
1676 1919 1832 1957 Dominia,
1848 1921 1881 1951 &
1896 1920 2018 1957 Parrus,
2031 1920 2065 1950 fit
2078 1930 2132 1950 una
2147 1930 2231 1956 vera,
2249 1920 2345 1960 firma,

1278 1966 1430 2001 perpetua,
1448 1959 1568 1996 illibata,
1585 1960 1619 1990 &
1636 1959 1803 1990 inviolabilis
1823 1960 1956 1989 Amicitia
1973 1959 2005 1989 &
2024 1958 2097 1995 Liga
2109 1981 2120 1997 ,
2138 1969 2187 1996 per
2207 1959 2268 1989 Dei
2283 1969 2346 2001 graf

1279 2005 1366 2035 uam,
1381 1997 1478 2065 fugulris
1496 1999 1689 2037 temporibus,
1707 1998 1757 2029 sub
1775 1998 1866 2028 modo
1882 1998 1914 2028 ἃ
1934 1997 2029 2027 forma
2046 1997 2244 2036 sequentibus,
2264 1998 2346 2030 dura-

1279 2043 1354 2065 tura·
1375 2046 1404 2066 vr
1425 2044 1508 2066 eicet

1315 2058 1408 2116 Qiiod
1435 2074 1455 2104 si
1481 2057 1556 2105 digia
1581 2078 1702 2105 Domina
1720 2073 1832 2114 Duciffa
1846 2097 1856 2113 ,
1871 2083 1918 2105 aut
1932 2075 1990 2112 ejus
2006 2073 2145 2104 Haeredes
2163 2070 2209 2105 vel
2227 2074 2347 2106 sueces-

1276 2111 1350 2142 sores
1362 2135 1372 2150 ,
1396 2121 1442 2144 aut
1469 2113 1640 2144 eorumdem
1665 2113 1757 2144 Patria
1781 2124 1830 2152 per
1847 2113 1970 2151 aliquem
1989 2111 2106 2152 Regem
2121 2135 2132 2151 ‚
2155 2113 2320 2151 Principem
2335 2137 2347 2154 ,

1278 2149 1544 2189 Communitatem,
1563 2151 1724 2189 Nobilem,
1734 2152 1905 2189 Potentem,
1924 2161 1970 2182 aut
1982 2151 2120 2182 Subditos
2135 2150 2199 2181 suos
2213 2152 2259 2183 vel
2275 2153 2344 2184 alios

1278 2189 1495 2228 quoscumque,
1512 2200 1659 2229 gravetur,
1680 2191 1846 2221 molestetur
1857 2214 1867 2229 ‚
1888 2191 2055 2234 invadatur,
2073 2189 2119 2221 vel
2140 2191 2321 2230 impugnetur
2336 2215 2348 2230 ,

1277 2228 1323 2258 seu
1335 2237 1503 2268 graventur,
1521 2229 1705 2261 molestentur
1722 2253 1732 2268 ,
1757 2229 1922 2260 invadantur
1938 2229 1985 2260 vel
2000 2237 2201 2267 impugnentur
2217 2251 2227 2267 ,
2252 2230 2347 2260 dietus

1278 2269 1339 2296 Rex
1354 2267 1484 2305 Angliae,
1502 2268 1559 2305 ejus
1573 2268 1711 2299 Haeredes
1726 2269 1760 2299 δε
1773 2267 1971 2304 Succefforae,
1989 2267 2028 2298 fic
2043 2267 2254 2304 Gravantibus,
2272 2267 2347 2298 Mo·

1279 2305 1454 2344 lestantibus,
1472 2305 1689 2344 Invadentibus,
1709 2307 1755 2338 vel
1767 2305 2006 2346 Impugnantibus
2021 2304 2211 2336 Contradicet
2225 2306 2258 2337 &
2284 2305 2347 2341 Re-

1278 2344 1369 2382 sistet,
1389 2355 1422 2376 ac
1442 2344 1650 2376 Contradicent
1667 2347 1700 2377 δε
1720 2345 1880 2384 Refistent‚
1897 2355 1931 2376 ac
1951 2343 2066 2374 eosdem
2085 2353 2139 2382 pro
2157 2341 2263 2375 viribus
2282 2344 2346 2376 Irn-

1276 2383 1370 2422 pediet
1388 2385 1421 2415 &
1437 2383 1615 2422 Impedient,
1632 2385 1712 2414 dieze
1729 2383 1862 2423 Duciffae,
1880 2385 1937 2421 ejus
1953 2382 2174 2426 Haeredibus-‹Sc
2192 2380 2346 2414 Succeffo-

1276 2423 1353 2453 ribus
1367 2445 1376 2460 ,
1402 2433 1435 2454 ac
1461 2433 1563 2453 eorum
1586 2422 1682 2453 Parriis
1705 2423 1740 2453 &
1759 2422 1908 2453 Dominiis
1936 2421 2024 2452 taliter
2042 2420 2145 2452 Invalis
2162 2419 2350 2461 Affistendo,

1276 2460 1476 2491 Succurrendo
1485 2485 1494 2500 ‚
1515 2461 1615 2500 Opem
1624 2485 1635 2500 ,
1648 2462 1794 2492 Auxilium
1806 2462 1907 2500 pariter
1919 2461 1953 2492 &
1969 2459 2140 2491 Succursum
2154 2460 2257 2491 eisdem
2271 2459 2351 2492 Prae-

1282 2500 1379 2530 bendo
1394 2501 1428 2532 &
1444 2500 1625 2531 Praestando:

1318 2537 1355 2568 Et
1377 2539 1396 2568 si
1418 2539 1565 2578 contingat
1590 2539 1692 2570 dmum
1715 2542 1810 2577 Regem
1824 2559 1835 2576 ,
1853 2538 1910 2576 ejus
1932 2537 2073 2568 Haeredes
2087 2545 2133 2568 aut
2151 2536 2350 2578 Successores,

1281 2577 1330 2607 vel
1347 2587 1466 2615 eorum,
1487 2577 1588 2616 Regna
1601 2601 1611 2617 ,
1638 2577 1742 2608 Terras
1758 2600 1767 2615 ,
1784 2575 1926 2607 Dominia
1941 2599 1950 2612 ,
1969 2585 2017 2607 aut
2036 2576 2140 2606 Patrias
2157 2585 2208 2614 per
2226 2577 2348 2615 aliquem

1282 2614 1412 2654 Regem,
1433 2616 1613 2653 Principem,
1633 2614 1904 2653 Communiratem,
1923 2613 2087 2652 Nobilem,
2108 2615 2282 2654 Potentem,
2301 2623 2348 2646 aut

1283 2655 1346 2684 suos
1365 2654 1500 2685 Subditos
1518 2655 1564 2685 vel
1582 2656 1649 2685 alios
1667 2654 1867 2692 quoscumque
1879 2676 1890 2692 ,
1913 2654 2020 2690 gravari
2035 2677 2045 2691 ,
2061 2652 2203 2684 molestari
2215 2677 2224 2691 ‚
2239 2654 2349 2691 invadi,

1283 2693 1331 2723 vel
1348 2694 1522 2732 impugnari,
1540 2693 1614 2723 dela
1628 2696 1747 2723 Domina
1763 2690 1873 2731 Duciffa
1889 2715 1900 2729 ,
1918 2694 1975 2730 ejus
1992 2691 2127 2722 Haeredes
2144 2693 2178 2722 &
2196 2692 2349 2723 Succeffo—

1285 2741 1343 2769 res,
1362 2732 1435 2761 drgo
1453 2734 1518 2769 Regi
1537 2731 1666 2769 Angliae,
1681 2732 1740 2770 ejus
1756 2730 1930 2761 Haeredibus
1947 2731 1982 2761 &
1997 2730 2210 2761 Successoribus
2225 2731 2350 2770 affistet,

1283 2770 1441 2812 succurret,
1460 2771 1663 2809 Auxiliumque
1682 2771 1715 2800 &
1732 2769 1903 2801 Succursum
1920 2770 2059 2807 praebebit
2074 2771 2108 2802 ὅτ,
2126 2770 2285 2809 praestabit,
2303 2780 2351 2801 as-⁵

1286 2809 1405 2847 sistent,
1425 2810 1610 2846 succurrent,
1636 2809 1840 2847 Auxiliumque
1865 2809 1899 2839 δε
1924 2808 2095 2838 Succursum
2119 2808 2288 2845 praebebunt
2313 2810 2348 2841 &

1286 2847 1474 2885 praestabunt,
1492 2858 1526 2878 ac
1544 2849 1658 2878 eosdem
1671 2848 1784 2886 juvabit
1802 2848 1836 2878 &
1851 2847 2009 2884 juvabunt,
2027 2847 2061 2877 &
2079 2846 2131 2876 illis
2149 2846 2187 2876 fic
2204 2857 2255 2876 eos
2271 2846 2349 2877 Gra-

1287 2887 1434 2923 vantibus,
1455 2886 1689 2923 Molestanu'bus,
1710 2885 1929 2922 Invadentibus,
1948 2883 2185 2921 opprimentibus
2201 2907 2211 2922 ,
2229 2885 2275 2915 vel
2287 2884 2350 2915 Im-

1287 2926 1475 2963 pugnantibus
1494 2925 1670 2956 contradicet
1687 2924 1721 2955 &
1741 2923 1863 2961 resistet,
1878 2921 2074 2966 contradicent
2093 2923 2128 2954 &
2145 2918 2273 2954 refistent
2286 2947 2295 2961 ,
2313 2931 2349 2955 ac

1287 2964 1401 2994 eosdem
1418 2974 1470 3001 pro
1488 2964 1596 2994 viribus
1616 2964 1656 2994 im
1693 2962 1749 2993 diet
1766 2963 1799 2993 <St
1818 2961 1986 2998 impedient:

1324 3002 1363 3032 Et
1378 3024 1389 3040 ,
1411 3003 1431 3033 fi
1458 3004 1608 3040 contingat
1620 3026 1629 3039 ,
1671 3002 1756 3031 uturis
1774 3001 1954 3038 temporibus
1967 3021 1978 3037 ,
1999 2998 2102 3028 alierum
2124 3000 2219 3038 Regem
2235 2997 2349 3037 Angliae

1285 3041 1376 3079 ejusve
1402 3040 1540 3071 Haeredes
1555 3051 1601 3071 aut
1620 3037 1798 3070 Successores
1812 3062 1822 3077 ,
1846 3048 1898 3075 pro
1912 3036 1982 3075 Jure
1999 3038 2049 3068 suo
2063 3047 2110 3068 aut
2128 3037 2349 3077 Progenitorurn

1286 3080 1333 3110 vel
1354 3080 1573 3110 Antecefforum
1591 3079 1705 3109 suorum
1723 3096 1733 3114 ‚
1758 3077 1814 3107 sive
1837 3077 1870 3107 ad
1897 3075 2133 3113 Normanniam,
2157 3075 2349 3116 Gasconiam,

1288 3119 1334 3149 vel
1352 3118 1386 3148 ad
1402 3119 1522 3156 aliquam
1539 3119 1620 3147 aliam
1640 3116 1755 3147 Partem
1780 3115 1908 3145 Franciae
1921 3137 1931 3152 ,
1955 3123 2003 3145 aut
2027 3115 2061 3145 ad
2085 3115 2171 3152 ipsam
2197 3114 2350 3146 Coronam

1289 3157 1314 3187 F
1316 3158 1417 3187 ranciae
1435 3166 1553 3187 movere
1573 3155 1662 3185 Arma
1676 3179 1686 3193 ,
1707 3154 1798 3185 facere
1818 3154 1864 3185 vel
1882 3154 2016 3184 inducere
2033 3152 2174 3184 Guerram
2187 3174 2197 3191 -,
2214 3163 2261 3184 aut
2279 3155 2349 3186 inire

1289 3195 1398 3225 Bellum
1413 3218 1422 3233 ,
1447 3195 1521 3224 dreia
1542 3194 1652 3233 Duciffa
1665 3216 1674 3231 ,
1700 3194 1756 3232 ejus
1773 3192 1912 3223 Haeredes
1929 3193 1962 3223 &
1983 3191 2164 3222 Successores
2175 3213 2185 3230 ,
2209 3201 2263 3229 pro
2279 3191 2350 3230 Jure

1289 3233 1357 3265 diisti
1378 3233 1464 3272 Regis
1482 3235 1515 3264 ὃς
1535 3233 1756 3264 Antecessorurn
1772 3232 1883 3262 suorum
1902 3230 1941 3261 fic
1962 3229 2186 3274 Recuperando‚
2205 3230 2348 3267 praestabit

1288 3274 1322 3304 ὅ(
1348 3272 1519 3311 praestabunt
1543 3271 1637 3302 eidem
1664 3271 1698 3301 δε
1713 3270 1818 3301 eisdem
1837 3270 1980 3299 Favorem
1995 3292 2004 3306 ,
2030 3267 2190 3298 Confilium
2203 3289 2213 3306 ,
2232 3268 2349 3308 Opem,

1290 3312 1434 3343 Auxilium
1445 3334 1454 3350 ,
1473 3311 1643 3341 Succursum
1662 3311 1762 3347 pariter
1775 3331 1785 3347 ,
1812 3310 1846 3339 &
1861 3307 2021 3338 Subsidium
2037 3329 2047 3344 ,
2061 3307 2095 3337 &
2113 3306 2223 3345 eidem,
2240 3317 2274 3337 ac
2291 3308 2349 3346 ejus

1289 3350 1457 3381 Haeredibus
1475 3351 1508 3381 &
1525 3349 1736 3379 Succefforibus
1752 3370 1762 3385 ,
1790 3347 1874 3385 usque
1891 3346 1924 3375 ad
1943 3344 2052 3374 finalem
2071 3346 2104 3376 &
2123 3345 2235 3376 felicem
2250 3345 2347 3384 Expe-

1287 3390 1429 3419 ditionem
1454 3387 1557 3418 affistet
1581 3389 1615 3418 &
1634 3387 1774 3417 succurret
1791 3408 1800 3423 ,
1825 3384 1947 3414 affistent
1965 3384 1998 3413 &
2014 3383 2176 3415 succurrent
2188 3404 2198 3422 2
2222 3385 2257 3415 &
2274 3394 2346 3416 eun-

1287 3429 1355 3459 dern
1373 3437 1406 3458 ac
1425 3427 1538 3457 eosdem
1556 3436 1608 3463 pro
1629 3425 1743 3456 Viribus
1756 3424 1869 3462 juvabit
1885 3424 1919 3454 &
1930 3421 2082 3465 juvabunt:
2183 3456 2186 3459 ῃ

1325 3465 1361 3496 Et
1375 3489 1383 3504 ,
1409 3467 1468 3503 pari
1488 3466 1577 3495 modo
1593 3487 1602 3502 ,
1620 3464 1638 3493 si
1657 3465 1819 3501 contingat,
1837 3461 1934 3491 futuris
1948 3461 2149 3499 temporibus,
2166 3458 2270 3490 dic‘lam
2283 3459 2348 3490 Du-

1286 3504 1393 3574 }{fissss'
1402 3506 1515 3573 5³32:ss
1524 3499 1994 3580 Zssggssssjni‘osguffffi‘jffieggnffi
2006 3498 2139 3568 {4²ssssssss
2153 3501 2349 3576 &2353

1286 3582 1412 3612 indicere
1427 3580 1588 3617 Guerram,
1607 3588 1725 3609 movere
1746 3577 1833 3606 Arma
1845 3598 1855 3612 ,
1879 3584 1925 3606 aut
1945 3585 2015 3606 inire
2032 3574 2142 3606 Bellum
2159 3598 2169 3613 ,
2184 3577 2269 3605 didus·
2285 3578 2345 3606 Rex

1287 3619 1398 3658 Angliae
1415 3642 1424 3657 ‚
1447 3620 1504 3656 ejus
1522 3617 1658 3648 Haeredes
1677 3617 1710 3648 &
1728 3613 1907 3658 Successores
1920 3636 1930 3651 ,
1954 3623 2008 3651 pro
2022 3613 2094 3653 jure
2110 3615 2190 3658 dieze
2204 3612 2320 3652 Duciffie
2333 3637 2344 3652 ,

1287 3660 1320 3690 &
1343 3657 1561 3689 Antecefforum
1580 3656 1695 3686 suorum
1718 3657 1756 3684 iic
1781 3651 1973 3689 recuperando
1988 3675 1998 3692 ,
2023 3652 2166 3690 praestabit
2183 3652 2216 3683 ὃς
2234 3651 2348 3689 praesta*

1286 3698 1358 3727 bunt
1379 3696 1472 3726 eidem
1488 3696 1522 3725 &
1539 3693 1643 3724 eisdem
1664 3693 1805 3723 Favorem
1817 3714 1827 3729 ,
1846 3690 2007 3722 Confilium
2018 3708 2029 3729 ,
2045 3690 2162 3730 Opem,
2181 3691 2346 3729 Auxilium,

1285 3735 1456 3766 Succursum
1476 3734 1575 3770 pariter
1590 3754 1600 3770 ,
1620 3733 1653 3762 &
1670 3730 1832 3761 Subsidium
1846 3750 1856 3767 ,
1880 3739 1914 3759 ac
1937 3729 2030 3760 eidem
2045 3730 2158 3768 'ejusque
2173 3727 2348 3772 Haeredibus

1286 3775 1320 3804 &
1340 3772 1568 3808 Succefforibtts,
1588 3770 1673 3807 usque
1689 3768 1723 3798 ad
1741 3767 1852 3797 finalem
1869 3769 1903 3799 &
1922 3767 2035 3798 felicem
2050 3768 2269 3806 Expeditionem
2283 3765 2346 3798 asli*

1287 3811 1341 3843 stet
1360 3813 1393 3843 &
1414 3811 1553 3841 succurret
1568 3831 1578 3846 ,
1602 3806 1723 3838 affistent
1742 3808 1776 3838 &
1793 3806 1953 3837 succurrent
1965 3830 1974 3845 ,
1990 3807 2024 3838 &
2041 3808 2158 3838 eandem
2176 3814 2210 3836 ac
2229 3805 2346 3837 eosdem

1286 3860 1340 3889 pro
1359 3850 1473 3880 Viribus
1486 3848 1596 3886 juvabit
1614 3847 1646 3876 &
1658 3845 1821 3884 juvabunt,
1845 3844 1922 3876 salvis
1939 3854 2033 3876 tamen
2053 3846 2084 3874 in
2101 3854 2132 3875 ea
2150 3843 2232 3874 Parte
2249 3844 2347 3877 Trana

1286 3890 1328 3928 gis
1343 3911 1352 3926 ,
1377 3890 1447 3919 inter
1472 3887 1582 3924 Angliae
1610 3885 1644 3916 &
1663 3883 1790 3914 Franciae
1806 3883 1908 3922 Regna
1920 3884 1980 3921 jarn
1999 3883 2071 3912 initis
2087 3884 2121 3914 &
2141 3883 2348 3923 pendentibus,

1286 3937 1352 3966 quae
1375 3926 1515 3969 durabunt
1535 3924 1622 3961 usque
1647 3922 1683 3953 ad
1706 3922 1867 3953 Decimum
1892 3922 2045 3960 septimum
2063 3920 2154 3951 Diem
2173 3918 2283 3952 Menfis
2298 3921 2347 3960 Jna

1287 3972 1656 4039 nuisshff?fflventum,
1675 3998 1894 4042 Concordatum
1935 3998 1970 4029 &
1989 3992 2169 4041 Conclusam
2187 3992 2248 4037 est,
2265 3995 2349 4037 qubd

1290 4050 1386 4073 neutra
1404 4041 1471 4073 Pars
1492 4039 1611 4079 recipiet
1631 4046 1678 4071 aut
1696 4038 1849 4076 receptabit
1866 4017 1998 4068 Re’belles
2014 4035 2124 4068 alterius
2141 4036 2230 4068 Partis
2242 4061 2252 4075 ,
2278 4037 2351 4068 scili-

1291 4089 1355 4118 cet,

2258 4108 2354 4150 Qod
