2555 4266
689 219 803 262 ET
886 220 1156 264 ACTA
1240 219 1723 267 PUBLICA.
2254 237 2307 285 67

1 318 78 350 Anu,
94 311 137 342 D.
155 308 213 348 gilli
231 305 366 339 custodis
382 328 392 342 ,
416 303 558 351 Johannr‘r
577 305 652 345 Roffi÷
670 306 706 338 de
725 307 942 351 'Montgrenane
969 308 1070 339 Militis
1084 331 1093 343 ,
1121 306 1217 350 Magi
1255 305 1285 335 di
1296 329 1307 348 ,Ι
1331 307 1364 337 &
1391 317 1443 353 pro
1464 318 1600 354 perpetuo
1621 310 1805 351 Roborandi,
1832 321 1918 351 prout
1940 316 1978 345 eis
1999 308 2131 354 Qiatuor
2154 315 2186 347 &
2208 326 2306 348 eorum
2322 316 2396 347 Art-n.
2410 316 2452 348 D.

27 361 109 394 1493.
156 349 301 384 strorum,
324 343 466 383 Jahanms
487 344 594 383 Frefizle
621 346 731 375 Decant
752 346 876 382 Capellae
900 346 1004 376 nostrae
1022 347 1058 376 de
1076 345 1215 382 Lestalrtg
1255 344 1362 374 Tribus
1378 355 1475 377 metius
1489 350 1628 379 videbitur
1643 350 1788 388 expedire,
2342 364 2429 393 1493,

5 399 68 423 Hm.
87 401 112 427 7-
155 384 321 417 nostrorum
342 383 518 427 Rotulorum
535 385 568 415 &
588 383 711 428 Registri
729 395 760 414 ac
780 384 900 414 Consilii
918 383 1037 420 Clerici,
1066 384 1099 413 &
1118 387 1215 428 Ricfr-
1296 382 1314 399 '⁸¹‘
1335 382 1379 426 Ac
1401 387 1484 426 etiam
1502 386 1537 417 de
1555 388 1588 418 ὅ(
1605 387 1684 425 super
1702 391 1834 419 omnibus
1852 390 1884 420 &
1903 389 2014 428 singulis
2041 390 2284 422 Contention'bus
2322 397 2382 422 Hen,
2403 404 2428 428 7·

153 425 182 454 di
199 421 324 491 lfitaiwson
342 420 449 452 Clcr1C1
468 421 614 453 Generalis
635 422 738 453 nostrae
760 422 924 461 Justictariae
937 443 948 459 ‚
971 421 1215 460 quamplurimum
1258 419 1489 460 Qiaesttonibus,
1516 423 1630 464 Caufis‚
1659 427 1802 465 Qierelis,
1827 427 1951 466 Litibus,
1976 430 2171 468 Atzemptan's,
2191 431 2224 460 &
2244 416 2308 462 De·‘
2323 433 2341 448 ⁸
2361 432 2429 460 χιι,

151 473 210 495 con
251 470 344 496 entes,

27 1056 44 1073 ⁸
53 1055 122 1082 XII.

12 1094 77 1132 533·

189 499 266 538 Ipsos
284 499 394 529 nostros
408 509 489 530 veros
503 500 535 530 &
551 499 721 529 indubitatos
736 497 951 528 commissarios
962 520 971 534 ,
983 496 1133 534 Oratores,
1142 495 1215 526 Pro-

156 547 313 574 curatoreS,
332 538 473 577 Legatos,
494 538 670 575 Deputat05,
687 538 720 567 &
738 537 874 567 Nuncios
889 535 1040 574 Fecimus,
1059 535 1218 565 Constitui-

156 586 234 614 mus,
251 576 285 606 &
302 576 521 614 Ordinavimus,
537 587 588 616 ac,
606 576 724 606 Tenore
740 574 940 612 Praesenrium,
963 573 1112 612 Facimus,
1131 572 1218 604 Con-

157 615 314 655 stituimuS,
332 616 366 646 &
381 615 572 653 Ordinamus,

194 653 304 684 Dantes
330 655 362 684 ὅτ
388 653 587 684 Concedent&
607 651 710 681 eisdem
722 675 730 688 ,
758 649 892 688 Qatuor
906 674 914 687 ,
939 650 972 681 &
990 660 1092 680 eorum
1110 649 1219 680 Tribus

155 691 310 730 plenariam
326 692 498 723 Potestatem
517 693 550 722 &
572 690 780 720 Auctoritatem
796 711 804 724 ,
832 699 865 719 ac
893 687 1065 719 Mandatum
1089 689 1217 728 generale

157 732 192 762 ὅ(
211 731 343 768 speciale,
369 741 421 769 pro
441 730 539 760 Nobis
558 729 592 759 &
609 728 745 758 Nomine
762 726 880 765 nostro,
904 736 974 757 curn
992 728 1131 764 praeditfto
1150 727 1218 758 Illu-

156 768 292 800 striffimo
310 769 445 806 Principe
463 771 581 798 Henrico
597 767 709 803 Angliae
728 769 795 803 Rege
815 765 1035 804 Consanguineo
1048 766 1146 796 nostro
1160 766 1219 797 Ca-

156 807 283 845 riffimo,
300 809 348 839 seu
366 808 446 845 ipfius
464 804 685 841 Commiffariis,
701 804 882 840 Oratoribus,
902 804 1151 842 procuratoribus,
1162 805 1219 835 Le-

157 848 240 885 gatis,
259 847 422 884 Deputatis,
439 845 496 874 five
509 844 652 880 Nunciis,
669 843 857 874 sufficientem
871 842 1045 874 Potestatem
1059 845 1092 875 &
1108 844 1220 874 Aucto-

157 886 272 916 ritatem
284 886 321 915 ab
337 884 440 914 eodem
455 883 488 912 ad
504 882 561 912 hoc
578 882 758 919 habentibus,
777 879 996 920 Conveniendi,

198 923 321 962 Ipsasque
333 923 461 961 Treugas
473 922 505 952 &
522 921 697 951 Guerrarutn
715 919 920 958 Abstinentias,
939 919 977 950 fic
1000 922 1072 950 inter
1093 920 1162 951 Nos
1186 921 1220 952 ὃς

160 961 273 992 dictum
297 959 483 991 Carissimum
503 959 757 996 Consanguineum
779 959 910 988 nostrum
939 968 1031 996 captas
1057 960 1090 990 &
1116 961 1194 990 initas
1209 982 1218 997 ,

159 998 351 1038 Prorogandi,
368 997 559 1035 Exrendendi,
579 997 776 1028 Continuandi
787 1021 795 1035 ,
817 998 849 1027 ὅ(
865 996 1036 1034 Innovandi,

199 1039 219 1058 *
239 1038 286 1068 Ac
308 1047 396 1067 novas
412 1037 540 1075 Treugas
557 1037 590 1067 δε
609 1036 786 1066 Guerrarum
805 1035 994 1066 Abstinentias
1010 1037 1083 1066 inter
1098 1034 1168 1066 Nos
1187 1037 1220 1067 &

159 1077 271 1109 ἀίἃυῐῐ]
293 1075 427 1106 nostrum
453 1075 704 1115 Consanguineum
721 1074 859 1105 Haeredes
874 1076 907 1105 ὃς
925 1075 1103 1105 Succeflores
1122 1076 1222 1105 utrius-

161 1126 217 1154 que
235 1113 386 1152 nostrum,
404 1124 437 1144 ac
458 1114 574 1153 Regna,
592 1114 713 1153 Terras,
739 1113 896 1148 Dominia,
920 1113 1042 1152 Patrias,
1067 1113 1222 1151 Subditos,

159 1154 295 1186 Vaffallos
309 1178 318 1191 ,
347 1152 569 1183 Confoederatos
585 1175 593 1189 ,
620 1153 740 1183 Amicos
757 1174 766 1190 ,
791 1153 824 1183 ὃς
850 1152 1033 1183 Adhaerentes
1056 1151 1167 1182 nostros
1189 1153 1221 1183 &

159 1194 223 1225 suos
247 1192 442 1230 quoscumque
467 1191 601 1222 hincinde
615 1214 624 1229 ,
652 1192 713 1221 tam
732 1200 781 1228 per
796 1191 916 1220 Terram
937 1191 1026 1227 quam
1045 1201 1093 1228 per
1110 1190 1194 1220 Mare
1212 1215 1222 1228 ,

159 1232 193 1263 ad
213 1240 324 1270 tempus
343 1231 462 1269 longum
480 1230 524 1260 vel
545 1231 646 1267 breve,
674 1229 723 1259 sub
741 1228 834 1258 modis
848 1251 858 1266 ,
882 1229 976 1259 forma
991 1251 1000 1266 ,
1026 1231 1058 1261 ὃς
1078 1229 1223 1259 conditio-

161 1272 243 1301 nibus
257 1292 267 1306 ,
292 1278 376 1306 prout
395 1268 496 1298 nostris
514 1269 547 1299 &
567 1269 617 1299 suis
636 1267 846 1297 Commissariis
863 1268 950 1305 magis
969 1268 1100 1304 expedire
1115 1268 1222 1297 videbi-

160 1319 225 1347 tur,
252 1307 400 1346 Faciendi,
426 1307 590 1346 Statuendi,
619 1305 793 1344 Ordinandi,
823 1305 1047 1345 Componendi,
1065 1307 1098 1337 &
1117 1305 1223 1337 Ineun-

161 1348 190 1379 di
204 1372 213 1384 ,

199 1386 245 1417 Ac
269 1386 349 1423 super
375 1384 555 1420 Attemptatis
573 1384 606 1413 &
625 1383 753 1420 Reliquis
771 1383 885 1414 Bonum
904 1381 1084 1421 Treugarum
1104 1391 1223 1412 concer-

161 1425 310 1461 nentibus,
325 1424 358 1453 &
377 1423 456 1460 super
475 1421 624 1452 Praemiffis
642 1423 776 1452 omnibus
793 1423 825 1453 &
839 1421 950 1460 singulis
962 1430 1062 1450 eorum
1077 1419 1224 1450 Commu—

162 1462 294 1500 meandi,
311 1461 485 1497 Tradiandi,
503 1459 738 1498 Appunc‘jiuandi,
755 1459 981 1498 Concordandi,
1000 1459 1224 1496 Componendi,

162 1501 330 1533 Paciscendi
343 1524 352 1538 ,
381 1501 414 1531 &
431 1499 548 1530 finaliter
565 1500 598 1530 &
623 1500 731 1538 integre
747 1498 964 1529 Determinandi
984 1498 1018 1528 &
1037 1496 1226 1528 Concluden-

164 1540 214 1575 di,

199 1576 371 1614 Caeteraque
388 1576 486 1605 omnia
504 1574 554 1605 alia
571 1575 604 1605 &
622 1574 727 1614 singula
746 1573 898 1611 Faciendi,
912 1573 1104 1612 Erpediendi,
1121 1575 1154 1605 ὃς
1170 1573 1226 1604 Ex-

164 1615 281 1647 ercendi
293 1638 303 1653 ,
330 1624 396 1652 quae
411 1615 440 1644 in
458 1613 607 1644 Praerniffis
629 1623 677 1643 aut
693 1613 788 1650 aliquo
803 1613 1019 1643 Praemissorurn
1037 1613 1082 1642 seu
1101 1613 1175 1643 circa
1193 1623 1226 1644 ea

163 1664 212 1686 aut
229 1662 331 1684 eorum
350 1651 464 1690 aliquod
484 1652 632 1683 necessaria
650 1651 754 1681 fuerint
772 1651 817 1681 seu
835 1651 1055 1686 quomodolibet
1073 1661 1225 1689 oportuna,

164 1695 199 1726 &
216 1703 281 1730 quae
299 1690 418 1728 Nofipfi
437 1690 595 1721 faceremus
613 1690 658 1720 seu
677 1690 769 1720 facere
788 1689 931 1728 poffemns
951 1689 970 1719 fi
988 1689 1165 1725 personaliter
1183 1692 1228 1720 in-

163 1731 347 1798 teteffemusa,l
368 1730 453 1759 etiarn
472 1728 492 1759 st
510 1728 574 1759 talia
592 1728 696 1759 fuerint
712 1738 776 1767 quae
793 1728 964 1759 Mandatum
978 1728 1013 1758 de
1025 1728 1052 1759 se
1067 1730 1156 1768 magis
1169 1729 1228 1760 exi-

186 1778 232 1800 ant
249 1769 266 1799 s
317 1769 322 1774 '
349 1777 381 1797 e·

161 1780 185 1808 g
203 1779 405 1838 Prolrjnefftent'es
419 1829 428 1842 ,
453 1804 530 1835 bona
549 1804 620 1835 Fide
637 1805 670 1836 ὅ(
689 1806 718 1835 in
738 1803 840 1835 Verbo
856 1803 952 1843 Regio
968 1829 978 1842 ,
1001 1804 1070 1835 Nos
1096 1804 1204 1835 Ratum
1218 1828 1228 1844 ,

164 1846 290 1877 Gratum
306 1868 316 1882 ,
341 1846 374 1876 ὅτ
399 1843 528 1873 Firmum
551 1843 694 1873 habituros
721 1852 814 1873 totum
841 1843 874 1873 &
898 1843 1034 1881 quicquid
1059 1853 1107 1881 per
1137 1844 1228 1874 dictos

164 1884 403 1918 Commissarios,
422 1881 573 1919 Oratores,
590 1880 807 1918 Procuratores,
834 1881 973 1919 Legatos,
998 1881 1154 1920 Deputatos
1194 1883 1227 1913 &

164 1923 302 1954 Nuncios
320 1920 449 1958 nostros,
478 1921 511 1950 &
530 1918 605 1949 Tres
623 1929 742 1957 eorum,
770 1920 897 1957 Actum,
921 1919 1063 1958 Gestum,
1091 1921 1137 1951 seu
1156 1905 1230 1952 Pro-

164 1971 294 1992 curatum
313 1959 396 1991 fuerit
411 1959 440 1988 in
459 1957 630 1998 Praetniffis,
648 1959 694 1989 seu
712 1959 810 1997 aliquo
828 1957 1053 1989 Praemifforum.

204 2041 239 2071 In
253 2041 330 2077 cuius
344 2038 401 2069 Rei
416 2037 631 2070 Testimonium
653 2039 702 2070 has
727 2039 834 2070 Literas
856 2038 964 2069 nostras
981 2039 1032 2070 sub
1054 2038 1165 2078 Magno
1185 2040 1231 2071 Si·

166 2080 234 2121 gillo
255 2079 354 2109 nostro
375 2077 433 2108 fieri
456 2077 577 2108 fecimus
596 2077 725 2109 Parentes
736 2077 810 2117 apud
825 2077 1002 2121 Edirrburgh‚
1021 2077 1167 2110 Vicefimo
1189 2079 1231 2110 se-

168 2118 268 2151 cundo
281 2117 341 2148 Die
357 2115 464 2147 Menfis
476 2115 571 2155 Junii,
589 2116 678 2148 Anno
692 2116 786 2156 Regni
803 2116 894 2147 nostri
906 2116 991 2148 sexm.

168 2201 265 2234 Tenor
293 2197 364 2231 verb
396 2196 604 2241 Commifflonis
626 2199 745 2245 praefati
771 2195 947 2241 Seremffimi
975 2201 1062 2245 Regis
1089 2201 1204 2248 Angliae
1219 2228 1230 2244 ,

211 2246 358 2331 §redistis
377 2247 444 2293 sicis
470 2246 684 2293 Commiffitriis
704 2248 794 2293 faflae
813 2275 824 2293 ,
851 2247 996 2294 sequitur
1017 2251 1048 2280 in
1070 2246 1148 2282 hunc
1169 2262 1232 2283 mo-

237 2309 302 2330 um.

172 2385 379 2448 HEnricus,
404 2386 464 2418 Dei
489 2386 594 2428 gratia,
611 2387 671 2417 Rex
693 2386 804 2425 Angliae
827 2385 865 2422 ό·
887 2389 1026 2423 Francia-³,
1041 2384 1080 2421 ὠ·
1103 2387 1236 2416 Dominus

169 2463 191 2494 S
209 2464 215 2493 ι
266 2425 422 2465 Hiberniae,
441 2428 591 2464 omnibus,
606 2425 641 2456 ad
657 2435 727 2464 quos
743 2426 889 2465 praesentes
914 2425 1018 2455 Literae
1039 2427 1235 2464 pervenerint,

193 2473 207 2493 a
217 2472 306 2493 utem.

208 2501 311 2540 Cum,
329 2512 443 2540 propter
468 2503 582 2533 felicem
605 2501 772 2533 Christianae
793 2500 954 2539 Religionis
969 2500 1154 2539 Successum,
1173 2502 1237 2532 uni-

172 2541 303 2571 versalem
321 2540 436 2580 Regum
449 2551 482 2571 ac
501 2541 673 2578 Regnorum
687 2542 821 2571 omnium
848 2540 955 2570 Pacem
977 2542 1011 2571 ὃ(
1036 2538 1234 2570 Concordiam

171 2579 371 2617 desiderantes,
389 2589 422 2610 ac
437 2580 560 2609 maxime
575 2588 675 2609 eorum
691 2580 791 2616 quibus
805 2578 953 2618 Sanguinis
971 2588 1004 2608 ac
1017 2577 1174 2609 Patriarum
1192 2580 1237 2609 vi-

172 2619 289 2648 cinitate
303 2618 453 2655 conjuncti
469 2618 571 2655 fimus,
589 2618 715 2655 quosque
736 2619 821 2648 etiam
842 2619 901 2656 jam
923 2617 957 2647 ad
984 2616 1056 2647 Dies
1079 2618 1112 2647 &
1135 2617 1237 2648 Annos

174 2665 283 2723 murJuae
303 2655 381 2686 Pacis
393 2658 427 2688 &
446 2656 626 2688 Concordiae
646 2655 836 2688 Benivolentia
851 2656 996 2694 complexi
1007 2656 1117 2694 sumus,

212 2713 225 2725 ,ι
249 2704 298 2731 OS,

213 2733 262 2763 De
287 2733 476 2764 Fidelitatibus
489 2755 499 2771 ,
524 2732 670 2764 Industriis
692 2734 726 2764 ὃς
752 2732 876 2771 providis
895 2731 1208 2771 Circumspec'tionibus
1227 2755 1237 2769 ,

173 2771 357 2802 Dilestorum
384 2772 417 2802 &
442 2772 580 2802 Fidelium
602 2771 836 2802 Confiliariorum
856 2771 1021 2802 nostrorum
1037 2794 1046 2808 ,
1075 2770 1239 2801 Reverendi

176 2811 206 2840 in
225 2809 342 2839 Christo
361 2809 448 2840 Patris
466 2810 576 2840 Ricardi
591 2810 753 2851 Affizvenfir
770 2809 892 2850 Episcopi
908 2834 918 2848 ,
944 2819 978 2840 ac
997 2808 1142 2840 Willielmi
1159 2809 1239 2850 Tyler

176 2848 278 2879 Militis
295 2848 528 2879 Locumtenentis
543 2849 631 2879 nostri
648 2848 730 2879 Villae
753 2848 857 2879 nostrae
877 2848 1014 2880 Berewici
1024 2871 1034 2887 ,
1052 2850 1165 2878 Henrici
1181 2851 1239 2888 Ey-

174 2886 316 2926 nesworth
334 2885 443 2916 Clerici
464 2887 579 2922 Legum
600 2887 741 2917 Docstoris
760 2886 918 2917 Confiliarii
939 2888 972 2919 ὅ(
992 2888 1020 2916 in
1037 2886 1151 2917 Officio
1178 2886 1240 2917 Pri-

176 2927 233 2956 vati
258 2924 347 2960 Sigilli
373 2924 461 2954 nostri
488 2924 650 2955 Secundarii
675 2924 821 2962 Capeliani
847 2925 961 2962 nostri,
987 2934 1102 2954 necnon
1129 2924 1239 2956 Dsseffl

175 2964 259 2995 nobis
281 2961 423 3001 Johannis
450 2966 620 3002 Cartyntonn
639 2963 780 3003 Armigeri
796 2986 806 3002 ,
831 2963 1072 3002 quamplurimum
1091 2963 1240 2994 confiden-

177 3011 218 3034 tes

215 3026 293 3078 t’psos
318 3040 432 3072 nostros
460 3050 542 3071 veros
563 3040 596 3071 &
617 3039 787 3070 indubitatos
810 3031 1030 3070 Commiss‘arios
1044 3063 1054 3077 ,
1082 3039 1240 3079 Oratores,

177 3078 395 3117 Procuratores,
414 3080 555 3116 Legatos,
574 3078 748 3116 Deputatos,
766 3079 799 3108 &
814 3078 949 3109 Nuncios
962 3079 978 3109 s
1009 3078 1090 3109 ciales
1112 3078 1241 3119 Affigna-

178 3126 258 3155 πως,
275 3117 424 3156 Facimus,
443 3118 616 3148 Ordinarnus
631 3127 664 3147 ac
679 3116 891 3148 Constituimus
903 3127 954 3155 per
993 3117 1134 3155 raesentes,

216 3155 325 3186 Dantoe
341 3158 373 3187 ὅ(
389 3156 590 3187 Concedentes
609 3155 711 3186 eisdem
733 3155 866 3194 Qatuor
881 3156 914 3186 &
933 3165 1034 3186 eorum
1055 3155 1163 3186 Tribus
1179 3156 1239 3194 ple-

177 3195 284 3224 nariam
301 3194 474 3225 Potestatem
500 3196 535 3227 ὃς
561 3195 765 3225 Auctoritatem
791 3204 825 3224 ac
854 3193 1025 3226 Mandatum
1052 3195 1179 3233 generale
1204 3197 1237 3227 &

177 3233 310 3270 speciale,
330 3243 383 3270 pro
400 3232 499 3263 Nobis
517 3234 550 3265 &
570 3232 703 3264 Nomine
721 3231 837 3269 nostro,
858 3233 929 3263 ctim
946 3232 1135 3264 Illustrissimo
1154 3233 1238 3264 Prin-

177 3273 242 3308 cipe
259 3270 410 3302 Carissimo
426 3270 646 3310 Consanguineo
665 3271 765 3301 nostro
789 3271 889 3308 Jacobo
913 3274 1050 3301 Scotorum
1072 3274 1141 3310 Rege
1156 3294 1165 3309 ,
1190 3272 1236 3302 seu

177 3310 260 3348 ipfius
278 3308 502 3348 Commiffariis,
519 3309 708 3347 Oratoribus,
726 3309 973 3348 procuratoribus,
992 3310 1034 3339 Le
1054 3311 1120 3347 atis,
1136 3310 1238 3348 Depu-

177 3350 239 3379 tatis
254 3372 264 3385 ,
288 3349 344 3385 five
368 3348 492 3378 Nunciis
516 3348 704 3379 sufficientem
730 3347 902 3378 Potestatem
923 3348 957 3378 ὅ(
977 3348 1022 3378 Αυ
1055 3350 1184 3379 oritatem
1202 3350 1239 3379 ab

177 3388 281 3418 eodem
305 3385 528 3426 consanguineo
553 3386 653 3418 nostro
669 3387 703 3417 ad
723 3386 781 3416 hoc
799 3386 966 3416 habentibus
980 3408 989 3423 ‚
1013 3387 1074 3417 tam
1091 3387 1127 3418 de
1146 3389 1179 3418 &
1197 3387 1239 3418 su-

177 3435 229 3470 per
247 3436 312 3456 vera
330 3425 410 3455 firma
431 3434 561 3463 perpetua
579 3427 612 3457 &
629 3426 694 3455 reali
709 3424 800 3463 Pace,
818 3424 1000 3462 Concordia,
1029 3435 1111 3463 atque
1129 3426 1239 3456 Amici-

141 3467 144 3469 '
177 3473 234 3502 na,
251 3464 285 3494 ad
303 3464 398 3494 Vitam
417 3464 557 3503 utriusque
575 3463 708 3494 nostrum
724 3462 890 3501 Principum
901 3485 910 3501 ,
927 3473 974 3494 aut
991 3462 1027 3494 ad
1047 3464 1174 3502 longiora
1193 3464 1238 3496 seu

178 3503 289 3532 minora
304 3502 452 3540 Tempora
472 3502 618 3541 duratura,
643 3503 730 3541 quam
748 3502 784 3532 de
802 3503 836 3534 &
854 3502 933 3540 super
946 3502 1072 3540 Treugis
1092 3504 1124 3534 &
1143 3502 1239 3533 Guer-

176 3550 270 3570 ratum
291 3540 496 3579 Abstinentiis,
518 3541 614 3580 Ligis‚
642 3541 803 3580 Amicitiis,
829 3540 1038 3577 Affinitatibus,
1064 3541 1239 3580 Alligantiis,

176 3577 387 3617 Intelligentiis‚
413 3579 734 3617 Confoederationibus,
758 3589 791 3609 ac
811 3588 912 3610 mutuo
930 3579 964 3609 &
982 3580 1123 3610 amicabili
1142 3578 1239 3611 Com-

176 3618 370 3648 municatione
392 3617 426 3647 &
452 3616 610 3648 Intercursu
635 3617 784 3648 Mercium
810 3619 844 3649 δί
868 3617 1111 3648 Mercandisarum
1126 3642 1135 3655 ,
1168 3619 1239 3649 inter

176 3655 245 3686 Nos
269 3655 303 3685 δε
320 3654 430 3684 dicrum
448 3653 663 3686 Illustriffimum
680 3655 773 3686 Princi
812 3665 843 3685 m
861 3655 1089 3693 Confinguineum
1107 3655 1240 3696 nostrum,

176 3693 314 3737 Haeredes
331 3692 365 3723 &
383 3691 560 3736 Successores
575 3693 667 3737 utrius
677 3695 717 3724 'ue
735 3665 867 3724 noffifim
879 3716 889 3730 ‚
911 3704 944 3724 ac
964 3693 993 3723 R
1080 3718 1090 3732 ,
1111 3696 1212 3725 Terras
1230 3718 1240 3733 ,

176 3732 334 3769 Dominia‚
352 3729 473 3764 Patrtas,
493 3730 645 3769 subditos,
691 3732 815 3770 asianos,
834 3731 989 3769 Favenns,
1053 3733 1240 3771 nfoederatos‚

176 3772 299 3802 Amicos
313 3794 323 3808 ,
355 3769 388 3799 &
410 3768 594 3799 Adhaerentes
617 3769 728 3800 nostros
749 3770 782 3801 δε
804 3769 866 3799 suos
888 3769 1082 3809 quoscumque
1105 3772 1239 3803 hincinde

176 3808 307 3841 ineundis
321 3831 331 3846 ,
351 3807 494 3845 capiendis
510 3829 520 3845 ‚
542 3808 751 3845 componendis
765 3830 774 3845 ‚
798 3807 971 3838 celebrandis
984 3831 994 3845 ‚
1018 3810 1052 3840 δε
1077 3809 1212 3840 habendis
1229 3834 1239 3848 ,

177 3846 399 3883 Conveniendi,
417 3844 663 3876 communicandi
694 3845 868 3883 Traeycandi,
887 3845 1129 3886 Appunemandi,
1157 3847 1240 3878 Con-

178 3885 330 3925 cordandi,
347 3882 570 3920 componendi,
584 3867 750 3927 Paciffiendi
759 3905 769 3922 ,
786 3893 819 3914 ac
834 3882 950 3914 finaliter
964 3885 998 3916 &
1013 3885 1121 3926 integre
1135 3886 1241 3918 Deter-

177 3924 320 3960 minandi‚
337 3924 370 3954 &
385 3921 600 3953 Concludendi,

215 3960 401 3999 Treugasque
416 3962 533 3991 antehac
548 3961 627 3990 initas
641 3957 802 3989 Innovandi
817 3958 850 3990 &
866 3958 1058 4000 Prorogandi,

214 3997 388 4036 Hujusrnodi
401 3999 507 4030 Pacem
518 4000 551 4030 &
567 3997 765 4028 Concordiam
778 4006 861 4036 atque
874 3997 1002 4038 Treugas
1015 4000 1050 4031 &
1065 3999 1241 4032 Guerrarurn

178 4035 386 4076 Abstinentias,
406 4037 507 4077 Ligas,
526 4037 692 4073 Amicum,
712 4035 851 4074 Foedera,
877 4035 1055 4075 Affinitates,
1077 4038 1242 4074 Intelligen-

178 4077 248 4113 tias‚
268 4075 443 4114 Alligatus,
460 4078 492 4106 ἃ
513 4074 796 4111 Confoederatioues‚
820 4075 883 4105 alias
906 4073 1073 4113 Pafflones,
1098 4078 1132 4109 δε
1157 4076 1242 4108 Con-

179 4113 478 4185 νεηὲοηαὲεὲοἷβ
485 4112 707 4154 Componendi,
727 4111 890 4147 paciscendi
900 4136 910 4152 ,
929 4113 1094 4154 Firmandi,
1109 4115 1242 4150 statuen-

254 4163 306 4190 OW'
353 4174 360 4183 ο
407 4175 414 4183 ⁸
472 4173 481 4186 9

1258 458 1385 495 mandis,
1404 460 1458 488 una
1476 470 1543 490 cum
1565 462 1615 492 suis
1632 462 1875 503 Circumstantiis,
1903 466 2130 507 Emquemibus,
2158 468 2308 499 incidenzi-
2323 478 2386 506 539·

1258 495 1310 526 bus
1325 520 1333 531 ,
1353 496 1592 542 'Dependentibus
1609 510 1691 538 atque
1711 502 1856 533 Connexis
1870 526 1879 540 ,
1905 515 1968 542 quae
1985 510 2056 535 inter
2070 507 2130 536 Nos
2148 507 2180 537 &
2198 509 2310 538 diotum

1258 533 1474 580 Illustrtffimum
1492 535 1654 580 Principem
1671 540 1899 578 consanguzneum
1915 543 2044 582 nostrum,
2062 554 2094 575 ac
2109 545 2138 575 R
2196 546 2311 582 a,Ter-

1258 583 1314 611 ras,
1332 571 1493 612 Dommta,
1510 573 1628 611 pamas,
1645 576 1792 615 Subdttos,
1807 579 1958 617 Vassallos,
1980 582 2131 621 Aizigatm,
2200 585 2312 616 nfoede·

1256 621 1330 642 ratos
1349 613 1382 642 &
1403 613 1587 642 Adhaerentes
1607 613 1717 644 nostros
1733 616 1765 645 ὅ(
1781 617 1840 647 suos
1860 618 2007 654 praedietos
2026 620 2157 651 hincinde
2177 622 2314 654 Indiscus-

1258 650 1294 680 sae
1310 650 1487 694 dependent,
1505 659 1551 680 aut
1567 651 1690 688 pendere
1708 655 1932 693 praetenduntur,
1952 657 2007 687 five
2022 658 2202 691 dinoscuntur
2237 662 2313 692 Tra-

1258 689 1370 728 (standi,
1398 689 1617 726 Conveniendi,
1644 688 1848 729 Componendi
1859 714 1868 729 ,
1895 694 1926 723 &
1943 704 1973 724 ea
1994 695 2179 728 Reformandi
2209 685 2312 738 'prout

1256 729 1294 757 eis
1312 728 1344 758 &
1362 728 1469 759 Tribus
1488 737 1588 758 eorum
1605 728 1704 759 melitis
1721 727 1810 758 visum
1828 729 1925 768 fuerit,
2191 724 2199 737 ²

1297 766 1335 796 Et
1359 775 1389 797 ut
1414 767 1574 804 hujusmodi
1598 765 1656 797 Pax
1671 789 1681 804 ,
1706 765 1897 803 Concordia,
1921 777 2002 807 atque
2020 771 2150 804 Amicitia
2200 786 2314 809 necnon

1258 803 1385 842 Treugae
1396 805 1429 836 ὃ(
1444 805 1617 835 Guerrarum
1631 804 1834 843 Abstinentiae,
1853 805 1988 844 Foedera,
2005 798 2197 850 Intelligenti'ae
2230 815 2314 846 Con-

1258 841 1473 881 foederationes,
1501 842 1666 881 pactiones,
1695 843 1728 874 &
1747 842 1964 875 Conventiones
1983 849 2123 882 praedietae
2142 837 2261 883 sec-,i’rius
2279 856 2314 886 ὃς

1259 881 1367 914 firmius
1384 883 1563 921 longiorique
1575 881 1726 920 Tempore
1743 883 1940 913 inviolabiliter
1953 884 2135 917 observentur
2154 890 2185 919 ὃς
2202 898 2316 923 tenean-

1261 928 1306 950 tur
1321 944 1329 959 ,
1354 920 1459 952 eisdem
1479 920 1581 951 nostris
1603 919 1829 959 Commissariis,
1855 921 2042 960 Oratoribus,
2068 924 2299 960 procuratoribus

1262 958 1389 998 Legatis,
1401 959 1550 995 Deputatis
1561 961 1594 991 ὃς
1610 958 1753 997 Nunciis,
1769 960 1802 990 &
1818 969 1919 991 eorum
1934 959 2040 992 Tribus
2055 961 2164 993 Damus
2178 966 2210 996 &
2226 954 2318 999 Com:

1262 999 1403 1028 mittimus
1421 1021 1430 1036 ,
1449 997 1570 1028 Tenore
1594 997 1776 1028 Praesentium
1792 1021 1801 1035 ‚
1833 998 2004 1029 Potestatem
2027 1001 2060 1031 ὃ(
2086 1003 2290 1035 Auc'toritatem

1261 1045 1329 1066 cum
1347 1036 1426 1067 dieto
1444 1034 1631 1067 Illustriffirno
1649 1035 1781 1074 Principe
1798 1040 1932 1066 Scotorum
1951 1041 2019 1076 Rege
2032 1038 2250 1079 Confianguineo
2266 1030 2321 1074 no:

1263 1074 1322 1104 stro
1341 1073 1512 1113 Cariffimo,
1530 1075 1574 1105 seu
1593 1077 1650 1113 ejus
1671 1074 1893 1113 Commissariis,
1911 1075 2096 1115 Oratoribus,
2123 1078 2319 1113 procuratori-

1263 1113 1335 1149 bus,
1354 1113 1483 1152 Legatis,
1506 1112 1655 1150 Deputatis
1671 1114 1705 1144 &
1722 1113 1863 1152 Nunciis,
1889 1114 1926 1144 de
1945 1115 1977 1145 &
1995 1115 2074 1153 super
2090 1116 2267 1154 Sponsalibus
2285 1121 2320 1151 δε

1263 1150 1453 1182 Matrimonio
1465 1174 1473 1189 ,
1490 1153 1562 1182 inter
1580 1150 1797 1182 illustrissimum
1816 1151 1978 1190 Principem
1998 1152 2248 1194 Consanguineum
2268 1169 2322 1190 no-

1263 1189 1352 1219 strum
1378 1193 1514 1220 Scotorum
1531 1192 1626 1228 Regem
1642 1200 1678 1221 ex
1695 1200 1749 1220 una
1764 1214 1773 1227 ,
1799 1191 1831 1222 &
1851 1190 2057 1221 Sereniffimam
2078 1193 2238 1232 Principem
2259 1199 2321 1227 Ka-

1263 1227 1402 1257 tharinam
1428 1227 1675 1263 Consanguineam
1702 1228 1826 1259 nostram
1852 1229 1952 1259 Ftliam
1976 1230 2164 1263 Sereniffirnae
2184 1233 2321 1274 Principis

1264 1265 1409 1296 Alianorae
1435 1266 1573 1305 Comitiffae
1600 1266 1731 1305 Wiltefiae
1755 1267 1831 1296 Filjae
1849 1266 2026 1298 Illustriffirni
2045 1269 2182 1308 Principis
2201 1274 2321 1310 perhen-

1264 1306 1306 1334 nis
1324 1307 1472 1335 memoriae
1491 1306 1630 1334 Edmundi
1645 1328 1654 1344 ,
1678 1314 1760 1343 nuper
1774 1308 1858 1336 Ducis
1875 1306 2035 1346 Somerfttiae
2051 1309 2195 1340 Avunculi
2213 1312 2299 1343 nostri
2310 1336 2322 1352 ,

1264 1352 1298 1373 ex
1315 1343 1398 1374 altera
1418 1343 1563 1381 Partibus,
1580 1353 1722 1374 annuente
1742 1343 1826 1381 Deo,
1841 1346 2051 1384 contrahendis,

1304 1382 1348 1411 Ac
1366 1381 1402 1412 de
1421 1382 1544 1420 &super
1557 1381 1635 1413 Dote
1654 1383 1698 1413 seu
1717 1382 1860 1413 D0talitiis
1872 1383 1905 1414 &
1921 1383 2086 1415 Donatione
2099 1395 2212 1424 propter
2234 1388 2324 1427 Nup-

1264 1421 1314 1450 tias
1331 1429 1364 1449 ex
1378 1420 1455 1450 causa
1470 1420 1629 1458 hujusmodi
1646 1420 1825 1451 Matrimonii
1842 1422 2026 1453 contrahendi
2047 1426 2154 1463 utrique
2176 1426 2248 1457 Parti
2268 1428 2322 1459 As-

1266 1459 1420 1497 signandis,
1440 1458 1640 1489 Promittendis
1651 1483 1659 1495 ,
1680 1458 1787 1489 Dandis
1797 1483 1805 1496 ,
1822 1460 1855 1491 &
1868 1459 2035 1500 Solvendis,

1304 1496 1436 1527 Necnon
1451 1497 1487 1526 de
1501 1499 1534 1528 &
1548 1497 1625 1534 super
1641 1497 1757 1535 Modo,
1777 1498 1880 1528 Forma
1891 1522 1900 1537 ,
1918 1500 1951 1530 ὃ(
1975 1499 2124 1538 Tempore
2146 1502 2323 1535 Celebratio-

1268 1536 1328 1571 nis,
1343 1536 1376 1566 &
1390 1535 1633 1566 Solemnizationis
1646 1536 1804 1574 hujusmodi
1820 1536 1994 1574 Sponsaliurn
2006 1539 2039 1569 ὃς
2055 1539 2254 1579 Matrimonii,
2270 1553 2323 1580 pro

1268 1574 1367 1604 Nobis
1391 1575 1425 1604 &
1445 1573 1581 1604 Nomine
1602 1573 1702 1603 nostro
1716 1597 1726 1612 ,
1754 1575 1786 1604 &
1811 1584 1863 1611 pro
1883 1575 1936 1612 ipsa
1968 1576 2181 1616 Consanguinea
2204 1580 2296 1610 nostra
2315 1604 2326 1619 ,

1269 1611 1471 1643 Conveniendi
1486 1635 1495 1649 ,
1520 1611 1764 1642 Communicandi
1780 1635 1789 1650 ,
1813 1613 1969 1644 Tractandi
1984 1638 1994 1653 ,
2017 1614 2218 1648 Concordandi
2232 1643 2242 1656 ,
2263 1619 2326 1657 Ap-

1268 1651 1458 1689 punfflandi,
1477 1650 1659 1688 Paciscendi,
1675 1652 1707 1681 δε
1721 1650 1836 1681 finaliter
1848 1651 2067 1692 Concludendi,

1306 1688 1437 1720 Necnon
1461 1688 1597 1719 Nomine
1617 1688 1693 1728 ipfius
1713 1688 1877 1719 Katherinae
1897 1691 1930 1722 δε
1952 1700 2005 1729 pro
2025 1690 2083 1731 Ipsa
2105 1692 2326 1727 Matrimonium

1269 1737 1319 1765 per
1335 1728 1420 1759 verba
1431 1728 1468 1758 de
1480 1728 1624 1765 praesenti,
1641 1738 1709 1758 cum
1724 1728 1828 1758 eodem
1845 1727 2064 1769 Consanguineo
2077 1731 2174 1761 nostro
2193 1735 2327 1764 Scotorum

1268 1769 1355 1804 Rege,
1369 1767 1524 1798 secundum
1539 1765 1712 1796 Potestatem
1728 1768 1766 1797 eis
1780 1767 1816 1797 ab
1828 1777 1860 1798 ea
1875 1767 1969 1798 datam
1979 1791 1989 1807 ,
2002 1778 2070 1800 cum
2085 1770 2202 1801 Affensu
2216 1772 2329 1813 nostro,

1270 1814 1409 1843 quantum
1428 1807 1456 1835 in
1473 1804 1572 1835 Nobis
1583 1804 1684 1842 fuerit,
1704 1805 1906 1844 contrahendi,

1309 1843 1560 1882 Donationemque
1577 1852 1692 1881 propter
1707 1843 1847 1882 Nuptias,
1868 1843 2022 1883 Dotalitia,
2037 1845 2094 1876 five
2107 1845 2219 1878 Dotem
2234 1848 2328 1880 eidem

1271 1880 1457 1912 Illustriffimo
1484 1881 1707 1919 Consanguineo
1735 1882 1834 1912 nostro
1857 1885 1922 1920 Regi
1943 1887 2078 1913 Scotorum
2092 1907 2102 1922 ‚
2131 1895 2183 1923 pro
2214 1889 2327 1923 praefata

1272 1918 1487 1959 Consanguinea
1511 1920 1606 1951 nostra
1622 1944 1630 1958 ,
1658 1921 1692 1952 &
1712 1930 1765 1958 pro
1784 1921 1841 1952 five
1861 1921 1941 1959 super
1959 1922 2116 1959 hujusmodi
2138 1924 2329 1957 Matrimonio

1272 1959 1487 1996 contrahendo,
1506 1959 1663 1990 limitandas
1679 1959 1712 1989 &
1730 1958 1891 1998 solvendas,
1907 1959 2040 1990 Nomine
2057 1961 2157 1993 nostro
2179 1962 2328 2003 Affignan-

1271 1997 1316 2036 di,
1335 1997 1572 2036 Appuncimandi,
1591 1998 1624 2028 ὅ(
1641 1996 1847 2035 Promittendi,

1308 2036 1511 2074 Temporaque
1536 2036 1568 2067 &
1591 2035 1748 2065 Terminos
1796 2046 1828 2065 ro
1854 2036 2010 2074 hujusmodi
2030 2037 2200 2070 Donationis
2218 2050 2332 2080 propter

1274 2073 1330 2105 Nu
1344 2076 1400 2119 *tias
1420 2074 1477 2106 five
1495 2073 1581 2106 Dotis
1599 2073 1748 2105 Solutione
1784 2076 1907 2105 tatuendi
1920 2098 1930 2114 ,
1954 2075 2123 2114 Praefigendi
2140 2101 2150 2115 ,
2175 2079 2208 2109 &
2236 2080 2331 2110 Limi-

1273 2123 1320 2145 tan
1342 2124 1370 2152 ι,

1312 2153 1357 2183 Ac
1376 2151 1556 2189 Securitates,
1575 2151 1747 2190 Cautiones,
1763 2150 1919 2190 Promissa,
1938 2151 2149 2193 obligationes,
2172 2156 2279 2187 Literas
2297 2157 2331 2188 &

1274 2189 1382 2229 Scripta
1401 2191 1418 2220 fi
1443 2191 1511 2221 'llata
1530 2200 1582 2229 pro
1599 2200 1663 2221 vera
1683 2191 1716 2220 &
1742 2189 1823 2221 firma
1849 2190 1992 2228 praedietae
2019 2191 2191 2224 Donationis·
2217 2205 2331 2232 propter

1276 2229 1399 2267 Nuptias
1440 2239 1474 2259 ve
1490 2228 1577 2260 Dotis
1596 2230 1625 2259 in
1642 2228 1789 2259 Terminis
1806 2239 1855 2266 per
1868 2239 1917 2259 eos
1936 2228 2039 2260 statutis
2056 2240 2102 2261 aut
2115 2231 2263 2263 statuendi<
2278 2233 2333 2264 So-

1274 2268 1382 2298 lutione
1401 2268 1434 2298 ὃ(
1454 2267 1679 2298 Contentatione
1693 2290 1702 2305 ,
1731 2267 1823 2297 eidem
1843 2266 2065 2307 Consanguineo
2085 2269 2180 2300 nostro
2197 2274 2333 2302 Scotorum

1275 2309 1357 2344 Regi,
1382 2316 1435 2343 pro
1454 2306 1551 2336 Nobis
1570 2307 1602 2337 &
1620 2305 1754 2336 Nomine
1769 2304 1886 2341 nostro,
1909 2306 2059 2344 Faciendi,
2085 2309 2119 2339 &
2138 2308 2281 2346 Sigillandi
2298 2320 2334 2342 ac

1277 2345 1349 2378 Fieri
1366 2346 1399 2376 ὅ(
1419 2344 1536 2383 Sigillari
1551 2343 1758 2381 promittendi,
1774 2344 1806 2375 &
1822 2355 1854 2375 ea
1871 2344 2015 2375 Tradendi
2032 2347 2067 2377 &
2084 2345 2281 2386 Deliberatur,

1302 2384 1360 2429 'Ac
1381 2382 1582 2421 Juratnentum
1603 2384 1634 2412 in
1656 2382 1794 2413 Animam
1816 2382 1942 2414 nostram
1967 2383 1987 2413 fi
2007 2393 2079 2422 opus
2099 2383 2182 2416 fuerit
2195 2385 2335 2418 Praestan-

1278 2422 1446 2492 dlNecnon
1470 2459 1699 2492 Convenientem
1725 2458 1924 2491 Donationem
1939 2460 2051 2492 Dotem
2070 2461 2126 2493 five
2147 2461 2281 2495 Dotalitia
2299 2463 2337 2495 ab

1278 2500 1380 2530 eodem
1399 2499 1615 2537 Consanguineo
1633 2499 1731 2529 nostro
1745 2497 1871 2537 praesatae
1889 2499 2052 2530 Katherinae
2071 2500 2276 2540 Consangur'neae
2287 2513 2338 2533 no-

1271 2538 1458 2608 ss‘i'aed’arfi‘i'sc
1468 2538 1538 2606 fiiis
1548 2536 2031 2608 (ἓξὲἓωῗ,“1“ἳἙὲῗ.ῗῑέζῙῗέΞὲ”ἒὲ
2047 2541 2249 2609 5⁰Eh‘s'hfzn‘31‘}
2261 2541 2339 2586 ΡΨ·

1278 2588 1341 2646 ngat}
1355 2615 1460 2660 nostrae
1477 2616 1510 2646 ὃς
1529 2585 1582 2653 [ΞΟ
1601 2614 1643 2645 Ea
1662 2599 1817 2653 Stipulandi
1830 2637 1839 2653 ,
1866 2612 1982 2646 Petendi
1996 2638 2007 2653 ,
2031 2587 2210 2655 lmppetrandi’
2220 2589 2276 2649 &tan
2297 2590 2340 2642 m':

1278 2655 1461 2731 geghaque
1479 2692 1560 2723 Loca
1578 2693 1612 2724 &
1630 2690 1778 2730 Tempora
1792 2714 1801 2729 ,
1825 2700 1880 2729 pro
1897 2692 2042 2729 praedststae
2058 2692 2246 2732 Donationis,
2272 2694 2340 2726 Do-

1279 2733 1334 2770 tis,
1358 2732 1414 2761 five
1431 2731 1563 2762 Dotalitii
1581 2729 1795 2767 Affignatione‚
1818 2730 2016 2768 Limitatione,
2045 2732 2078 2763 &
2097 2731 2340 2772 Contentatione,

1280 2771 1363 2800 eidem
1381 2770 1586 2809 Confhnguineae
1601 2768 1696 2808 nostrae
1714 2778 1762 2805 per
1780 2769 1928 2805 praefatum
1945 2769 2196 2809 Consanguineum
2210 2771 2340 2802 nostrum

1280 2812 1417 2853 Scotorurn
1434 2812 1530 2846 Regem
1548 2807 1664 2845 fiendae,
1691 2806 1814 2837 similiter
1831 2806 1993 2845 Statuendi,
2021 2807 2188 2847 Praefigendi
2201 2833 2211 2847 ‚
2236 2811 2269 2842 &
2290 2810 2341 2841 Li-

1282 2849 1540 2921 rmggiifiiniliaque
1558 2884 1741 2921 Securitates,
1758 2882 1930 2921 Cautiones,
1947 2882 2104 2922 Promiffa,
2128 2884 2342 2924 obligationes,

1282 2923 1407 2963 Literas,
1434 2924 1467 2954 &
1486 2924 1594 2960 Scripta
1612 2922 1736 2961 sigillata,
1760 2931 1793 2952 ac
1808 2921 2007 2960 Juramentum
2025 2933 2041 2952 a
2058 2923 2174 2960 praefato
2193 2923 2341 2954 lllustriffi-

1281 2973 1332 2993 mo
1349 2962 1570 3001 consanguineo
1589 2962 1687 2991 nostro
1705 2961 1738 2991 &
1758 2970 1807 2998 per
1823 2959 1911 2997 ipsum
1929 2959 1987 2990 fieri
2007 2960 2040 2991 &
2062 2961 2166 3000 sigillari
2181 2984 2191 3000 ,
2215 2972 2248 2992 ac
2268 2962 2340 2993 No-

1282 3001 1325 3031 bis
1342 3003 1375 3033 &
1395 3002 1514 3040 praefatae
1532 2999 1755 3038 consanguineae
1773 2997 1875 3028 nostrae
1893 2997 2038 3028 deliberari
2056 2999 2179 3030 similiter
2197 2999 2338 3037 Stipulan-

1282 3040 1328 3084 di,
1343 3039 1496 3084 Exigendi,
1512 3037 1684 3076 Impetrandi
1700 3038 1734 3069 δε
1753 3036 1923 3075 Recipiendi
1933 3061 1942 3075 ,
1960 3037 1993 3069 &
2007 3036 2106 3068 Nobis
2119 3038 2264 3069 deliberari
2277 3038 2339 3069 Re-

1280 3078 1482 3156 qugieottizcialrirque
1497 3117 1628 3151 Dietam,
1645 3114 1674 3143 in
1693 3113 1791 3144 talibus
1809 3112 1893 3144 Loco
1912 3114 1945 3145 &
1961 3113 2112 3151 Tempore
2130 3123 2214 3153 prout
2227 3116 2264 3145 eis
2278 3124 2339 3147 tne-

1279 3155 1331 3186 lius
1347 3157 1436 3186 visum
1455 3154 1555 3191 fuerit,
1575 3161 1712 3190 quatenus
1730 3162 1801 3190 opus
1819 3152 1919 3191 fuerit,
1937 3151 2081 3182 Statuendi
2100 3155 2133 3185 ὃς
2153 3153 2340 3192 Affignandi,

1280 3195 1313 3239 ὃς
1333 3195 1403 3224 inibi
1423 3191 1683 3229 Communicandi,
1700 3189 1919 3229 conveniendi,
1937 3190 2106 3229 Tradhnffi,
2133 3191 2340 3230 Appunetuan-

1279 3233 1364 3301 dl’Ac
1387 3269 1424 3300 de
1448 3269 1482 3300 &
1507 3268 1586 3306 super
1612 3268 1746 3298 omnibus
1770 3265 1920 3298 Praemiffis
1938 3267 1971 3298 &
1988 3266 2025 3297 ab
2043 3267 2081 3297 eis
2099 3267 2340 3307 qualitercumque

1280 3308 1514 3346 Dependentibus
1532 3306 1750 3345 Concludendi,
1772 3313 1858 3345 prout
1875 3305 1914 3336 eis
1931 3305 2077 3343 expediens
2092 3305 2182 3336 visum
2203 3306 2285 3339 fuerit
2303 3309 2338 3340 δε

1280 3356 1457 3386 oportunum
1468 3369 1478 3384 ,

1319 3385 1515 3422 Universaque
1533 3385 1566 3415 ὃς
1584 3383 1707 3421 fingula,
1723 3392 1787 3421 quae
1805 3391 1855 3421 per
1873 3391 1922 3411 eos
1941 3381 2154 3420 Appunetuata,
2174 3382 2339 3422 Conventa,

1279 3424 1438 3462 Conclusa,
1464 3425 1497 3454 &
1515 3422 1699 3452 Concordata
1718 3422 1834 3458 fuerint,
1862 3419 1988 3450 Vallandi
2006 3443 2016 3458 ‚
2042 3421 2061 3438 ³
2080 3420 2252 3452 Robotandi
2268 3445 2278 3460 ,
2304 3424 2336 3453 &
2356 3428 2375 3447 ι
2394 3430 2461 3458 χχχ,

1280 3462 1462 3494 Assecurandi
1479 3471 1528 3500 per
1543 3460 1621 3491 Fidei
1636 3460 1877 3498 interpofitionem
1895 3458 1928 3489 &
1943 3457 2143 3497 Jutamentutn
2156 3461 2184 3490 in
2202 3460 2336 3492 Animam
2354 3475 2420 3503 540·

1280 3502 1406 3533 nostram
1425 3498 1633 3538 praestandum,
1859 3536 1864 3541 ι

1316 3541 1360 3571 Ac
1375 3540 1410 3570 de
1425 3540 1458 3571 &
1478 3538 1556 3576 super
1573 3537 1709 3567 omnibus
1722 3536 1754 3566 &
1770 3535 1878 3574 singulis
1895 3544 1928 3565 ac
1938 3533 2173 3573 Dependentibus
2184 3538 2220 3568 ab
2235 3538 2339 3570 eisdem

1279 3580 1376 3610 omnia
1393 3579 1426 3609 ὅ(
1446 3575 1615 3606 omnimoda
1633 3575 1814 3610 securitates,
1841 3572 2009 3610 Cautiones‚
2036 3573 2191 3614 Promissa,
2218 3576 2289 3607 Obl'
2311 3588 2339 3607 a-

1281 3619 1387 3654 tiones,
1405 3615 1529 3651 Poenas,
1548 3613 1734 3644 Astritiiiones
1749 3622 1782 3642 ac
1802 3611 1904 3642 Literas
1916 3611 2069 3650 Sioillatas,
2084 3611 2195 3644 Validas
2212 3615 2245 3644 δε
2264 3614 2290 3645 E
2323 3633 2338 3639 -

1281 3665 1379 3689 caces,
1406 3664 1458 3692 pro
1474 3652 1555 3682 Parte
1573 3650 1686 3694 nostra,
1712 3649 1918 3693 Promittendi,
1945 3635 2156 3689 Concedendi,
2185 3651 2338 3692 Faciendi,

1280 3693 1476 3731 Expediendi,
1493 3689 1637 3721 Tradendi
1655 3689 1687 3719 &
1707 3688 1906 3726 Deliberand1‚

1313 3732 1532 3772 Juramentaque
1547 3727 1731 3762 Securitates,
1750 3726 1921 3764 Cautiones,
1938 3725 2160 3764 Promiffiones,
2177 3726 2339 3767 obligatio.

1279 3780 1347 3808 nes,
1371 3769 1475 3800 Poenas
1489 3789 1499 3804 ,
1522 3765 1588 3796 alias
1604 3775 1638 3794 ue
1657 3764 1782 3801 Literas,
1806 3763 1959 3794 confimilis
1977 3764 2099 3796 effec'tfis
2117 3767 2149 3796 ὃ(
2169 3767 2196 3795 vi
2216 3768 2273 3797 oris
2287 3790 2297 3806 ,
2323 3778 2340 3800 a

1279 3809 1361 3840 disto
1380 3804 1564 3838 Illustriffimo
1633 3804 1801 3846 nsanguineo
1819 3802 1918 3833 nostro
1944 3806 2078 3834 Scotorum
2102 3806 2171 3842 Rege
2223 3806 2342 3846 etendi,

1281 3847 1333 3878 Exi
1355 3846 1419 3877 endi
1436 3845 1469 3874 ὅ(
1489 3840 1676 3879 Recipiendt,
2307 3856 2311 3858 -

1317 3856 1354 3916 Eg:
1373 3881 1535 3923 generaliter
1550 3880 1647 3910 omnia
1663 3878 1808 3910 Praemiffit
1821 3878 1855 3910 &
1869 3878 2082 3910 Praemiss'orum
2099 3879 2205 3917 fingula
2222 3881 2342 3914 Facien-

1281 3923 1326 3961 di,
1345 3919 1540 3956 Excercendi,
1564 3919 1598 3949 &
1615 3917 1800 3957 Exequendi,
1816 3927 1901 3956 prout
1919 3919 1958 3947 eis
1976 3918 2011 3948 &
2032 3918 2141 3948 Tribus
2157 3928 2257 3951 eorum
2277 3931 2340 3952 me-

1281 3962 1333 3992 lius
1357 3960 1498 3991 videbitur
1523 3954 1654 3994 expedire
1667 3978 1677 3994 ,
1699 3966 1765 3994 quae
1790 3957 1874 3986 talem
1892 3964 2054 3993 tantamque
2072 3957 2132 3986 vim
2151 3957 2185 3989 &
2201 3957 2341 3991 effeeum

1283 4000 1413 4033 volumus
1431 3996 1536 4027 realiter
1553 3995 1683 4031 optinere
1701 4004 1735 4025 ac
1755 3994 1773 4024 fi
1790 4004 1820 4024 ea
1840 3995 1868 4023 in
1888 3992 2009 4024 Persona
2027 3993 2121 4024 nostra
2140 3994 2317 4036 fecissemus,

1318 4036 1484 4074 Caeteraque
1512 4033 1610 4063 omnia
1636 4032 1780 4063 Praemiffa
1802 4033 1836 4064 &
1862 4041 1964 4062 eorum
1989 4032 2092 4071 fingula
2114 4042 2232 4073 quoquo
2249 4037 2341 4067 modo

1281 4074 1480 4107 concernentia
1497 4069 1627 4101 Faciendi
1664 4068 1826 4108 Firmandi,
1844 4071 1877 4101 δε
1895 4079 1948 4107 pro
1960 4068 2043 4101 Parte
2056 4071 2152 4102 nostra
2166 4072 2343 4112 perimplen-

1280 4114 1309 4149 di
1326 4123 1359 4147 ac
1378 4112 1473 4144 debite
1491 4093 1673 4148 Exequendi,
1690 4119 1754 4148 quae
1770 4107 1842 4178 ῗξε
1857 4108 2015 4142 faceremus
2029 4108 2049 4141 fi
2065 4109 2241 4150 personaliter
2259 4114 2344 4180 ints?-

2274 4159 2289 4179 e
2312 4159 2343 4180 e-
