2555 4266
32 290 109 321 Ann.
123 288 164 320 D.

55 338 141 368 ¹503-

32 372 94 396 Hm.
112 378 139 403 7.

49 2963 160 2992 ⁸Xiil.

182 216 266 258 204

178 290 367 331 Expeditione
392 288 425 319 &
440 285 669 325 Complemento
689 284 758 315 dieti
1026 319 1030 323 ι
1067 319 1072 323 ”

179 331 319 361 venientia
334 331 367 360 ἃ
381 334 521 364 oportuna
537 326 617 355 vobis
634 323 821 359 videbuntur,
837 323 870 352 &
892 322 928 351 de
946 318 1087 358 praediCcis
1099 321 1248 354 ,omnibus

178 371 213 401 &
229 367 338 407 singulis
351 365 459 404 poffitis
473 365 669 401 concordare,
682 369 772 392 tacere
787 363 820 392 δε
838 360 967 396 firmare,
987 357 1122 389 Nomine
1131 358 1249 396 nostro,

180 417 250 439 cum
266 405 386 446 praefazo
407 403 593 433 Serenisfimo
610 404 680 437 Rege
696 399 811 438 Angliae
831 399 928 430 Fratre
942 396 1060 433 nostr0,
1077 397 1190 436 fierique
1209 398 1250 428 fa-

181 457 247 478 cere
258 469 266 484 ,
280 453 373 482 petere
388 443 421 472 &
436 440 536 472 instare
552 449 747 479 quaecumque
760 437 891 477 Capitula
910 437 943 467 &
963 435 1160 474 quoscumque
1174 436 1249 466 Tra-

179 487 285 520 eratus,
310 490 379 512 cum
407 480 459 511 illis
484 478 600 515 Paetis,
626 476 870 514 Conditionibus,
895 474 964 505 Obli
985 475 1142 511 ationibus,
1165 474 1248 512 Jura-

178 523 297 559 mentis,
315 519 531 555 Securitaribus‚
549 517 663 556 Poem‘s,
682 515 937 553 Submissionibus,
990 513 1248 550 enunciationibus,

177 565 213 595 &
229 557 467 591 Promisfionibus
482 556 586 596 quibus
601 555 761 593 volueritis,
1195 587 1200 592 1

216 600 254 631 Et
273 596 436 637 generaliter
455 596 553 626 omnia
573 595 625 625 alia
649 596 683 627 &
711 592 814 632 singula
835 592 927 623 facere
945 591 979 621 &
995 588 1129 632 firmare,
1153 587 1248 624 cujus-

177 647 305 676 cumque
319 635 470 704 Naturaec}
513 634 648 673 ualitatis,
663 634 697 664 &
714 631 911 672 Importantiae
932 628 1034 658 fuerint
1053 635 1101 657 aut
1115 626 1171 656 esse
1192 634 1246 663 po-

462 682 485 703 is

177 678 263 708 terint
289 676 318 705 in
340 673 429 714 praedi
478 634 540 704 Q&
561 672 638 703 circa
656 682 705 709 ea,
722 680 789 709 quae
811 669 881 700 Nos
901 668 994 698 facere
1015 664 1161 702 possemus
1178 664 1197 694 si
1215 664 1246 694 in

175 714 329 748 Praemisfis
344 711 522 750 personaliter
536 710 710 747 adessemus,
727 710 810 741 etiam
827 707 845 736 fi
860 705 924 737 talia
933 704 986 735 fint
1000 713 1065 743 quae
1073 703 1109 734 ad
1125 713 1157 734 ea
1172 712 1245 734 con-

176 753 298 786 ficienda
314 752 499 789 Praeceptum
514 751 626 788 exigant
640 749 729 787 magis
740 745 871 787 sprciale,
1067 781 1074 787 ⁶

215 792 327 823 Damus
339 790 425 821 etiam
444 790 479 822 &
491 788 689 820 Concedimus
703 787 787 817 vobis
799 784 880 816 dieto
893 781 1075 813 Procuratori
1089 782 1123 813 &
1136 780 1245 811 Orato-

175 833 201 863 ri
226 830 344 869 nostro,
360 828 477 868 plenum
499 826 585 858 Posse
609 825 688 864 quod
706 823 813 864 possitis
828 822 928 866 Jurare
949 820 1119 864 infir-limas
1138 818 1246 863 nostras

173 870 257 909 quod
283 868 479 905 Tenebimus,
501 865 745 901 observabimus,
770 863 805 894 ὃς
829 859 1061 902 Adimplebimus
1086 857 1192 889 realiter
1210 858 1244 888 &

175 920 246 941 cum
258 907 367 940 effestu
383 906 484 937 omnia
497 905 531 935 &
546 902 650 941 singula
668 911 733 940 quae
748 901 778 931 in
798 899 942 938 praedictis
956 898 990 928 &
1009 906 1084 942 circa
1105 906 1156 936 m,
1172 895 1244 927 No-

176 950 259 979 mine
282 946 415 983 Nostro,
432 941 671 979 Concordabitis,
690 939 906 978 Capitulabitis,
918 936 1068 979 JurabitiS,
1087 934 1244 978 Concede-

176 988 230 1026 tis,
247 986 329 1017 omni
345 982 457 1020 fraude,
475 979 603 1017 cautela,
623 979 654 1011 δε
675 978 746 1009 dolo
768 977 955 1014 cessantibus,
974 974 1134 1015 possitisque
1157 973 1245 1004 simile

171 1025 373 1066 juramentum
389 1029 484 1059 petere
499 1019 533 1050 &
549 1019 676 1055 accipere
692 1017 728 1048 ab
748 1016 855 1048 eodem
878 1014 1063 1046 Serenissimo
1084 1017 1155 1050 Rege
1175 1015 1246 1044 An-

170 1064 236 1103 gliae
251 1065 344 1094 Fratre
358 1059 474 1097 nostr0,
491 1065 544 1097 pro
558 1058 662 1095 quibus
675 1056 812 1087 omnibus
827 1057 861 1088 &
871 1053 980 1092 singulis
994 1052 1162 1090 antediem,
1175 1061 1244 1084 cum

177 1102 382 1137 incidentibus,
407 1096 647 1137 dependentibus,
665 1095 874 1134 emergentibus
892 1101 926 1123 ex
945 1091 1065 1130 eisdem,
1081 1093 1115 1123 &
1137 1092 1177 1121 eis
1194 1101 1246 1121 an-

177 1142 271 1178 nexis,
291 1139 402 1170 Damus
416 1137 450 1168 &
467 1134 665 1166 Concedimus
679 1134 764 1165 vobis
784 1133 901 1172 plenum
915 1130 1000 1162 Poffe
1018 1140 1091 1162 cum
1112 1130 1201 1161 libera
1213 1130 1248 1162 &

178 1179 302 1221 generali
320 1174 588 1218 Administratione,
809 1210 824 1216 ..
1089 1209 1095 1214 υ

216 1215 478 1257 promittentes„in
494 1213 564 1244 F1de
577 1212 611 1243 ὃ(
624 1210 725 1241 Verbo
741 1209 770 1240 R
809 1219 852 1248 iis,
871 1209 988 1248 praefato
998 1207 1183 1239 Serenisfimo
1192 1210 1246 1237 Re·

176 1259 206 1295 εἰ
219 1255 333 1294 Angliae
358 1255 445 1285 Fratri
466 1251 582 1289 nostro,
602 1251 636 1282 &
652 1248 722 1280 Nos
742 1248 794 1279 Ob
806 1250 916 1286 igamus
931 1247 1000 1278 Nos
1011 1247 1127 1279 Tenere
1142 1248 1175 1279 &
1185 1246 1247 1277 Ad-

177 1295 297 1334 implere
322 1295 427 1324 realiter
452 1292 486 1323 &
502 1300 572 1321 cum
588 1288 696 1320 effeetu
708 1288 809 1318 omnia
824 1289 857 1319 δε
880 1287 984 1325 singula
994 1296 1077 1325 quae,
1097 1286 1127 1316 in
1144 1286 1247 1324 praedi-

177 1335 232 1365 etis
244 1334 277 1365 ὃ(
294 1335 369 1364 circa
382 1343 415 1364 ea
425 1330 559 1363 Nomine
573 1326 691 1365 nostr0,
708 1336 757 1365 per
771 1336 834 1366 vos,
847 1325 959 1356 dietum
975 1324 1197 1356 Procuratorem
1214 1325 1248 1356 &

175 1373 333 1403 Oratorem
349 1365 682 1402 nostrumfuerintFaeta
718 1365 920 1403 Concordata,
939 1363 1117 1403 Capitulata,
1134 1364 1169 1395 &
1194 1364 1246 1395 As-

179 1412 319 1450 securara,
337 1408 494 1446 Promissa,
507 1406 619 1446 Jurata,
637 1406 672 1436 &
688 1388 830 1442 firmata,
848 1404 888 1435 eis
910 1402 1003 1433 modo
1028 1403 1062 1433 &
1075 1402 1168 1433 forma
1184 1405 1250 1442 qui-

182 1453 236 1481 bus
254 1460 305 1480 vos
322 1458 353 1480 ea
369 1446 613 1483 Concordabitis,
632 1442 847 1482 Capitulabitis,
865 1441 1082 1479 Affecurabitis,
1097 1441 1250 1481 Jurabitis,

182 1489 361 1525 Firmabiris,
377 1488 409 1518 &
423 1486 501 1517 nullo
520 1492 646 1521 unquam
661 1491 793 1521 tempore
804 1490 956 1518 revocare,
975 1489 1029 1511 nec
1044 1489 1144 1512 contra
1157 1490 1188 1511 ea
1202 1491 1250 1512 aur

180 1537 284 1559 eorum
297 1526 414 1564 aliquod
430 1527 521 1556 facere
536 1522 580 1553 vel
593 1522 690 1551 venire
703 1521 798 1559 aliquo
812 1528 942 1558 tempore
962 1528 1016 1549 nec
1032 1519 1122 1550 modo
1137 1519 1250 1557 aliquo,

181 1567 233 1597 sub
251 1565 441 1603 Obligatione
454 1562 589 1594 omniurn
602 1559 753 1591 Bonorum
768 1559 933 1590 nostrorum
950 1557 1194 1588 Patrimonialium
1216 1558 1250 1589 &

181 1605 341 1636 Fiscalium.

224 1643 254 1673 ln
270 1652 393 1681 quorum
410 1637 630 1671 Testimonium
643 1636 816 1668 Praesentem
833 1635 893 1666 fieri
903 1634 1034 1674 juffirnus
1049 1633 1186 1666 Manibus
1201 1644 1254 1666 no-

185 1682 248 1713 stris
263 1682 399 1722 signatam
409 1678 579 1719 ,Sigilloque
597 1674 696 1706 nostro
711 1676 881 1713 inpendenti
897 1674 1050 1704 munitam.

781 281 985 318 Matrimonii,
1003 279 1154 311 necessaria
1173 291 1244 312 con-

222 1759 283 1790 Dat
311 1760 340 1788 in
359 1761 484 1787 civitate
498 1753 586 1784 Toleti
599 1752 645 1783 die
669 1752 786 1783 decimo
804 1749 914 1781 Mensis
929 1750 1020 1789 Maii,
1034 1749 1124 1781 Anno
1137 1760 1153 1782 a
1167 1749 1255 1783 Nati-

185 1798 273 1829 vitate
286 1797 410 1828 Domini
425 1793 581 1826 Millefimo
596 1791 839 1831 Quingentefimo
853 1789 987 1820 secundo.

224 1875 286 1914 Qii
300 1874 417 1913 quidem
434 1871 648 1911 Commiffarii,
665 1870 819 1906 Oratores,
838 1866 1057 1905 Procuratores,
1076 1866 1109 1898 &
1125 1865 1257 1905 Deputa—

184 1914 223 1951 ti,
240 1916 341 1953 vigore
355 1915 388 1945 &
404 1913 506 1942 virtute
519 1912 628 1943 suarum
651 1907 902 1950 Commiffionum
918 1905 1139 1949 praedidiarum,
1156 1906 1256 1945 saepisis

185 1954 223 1984 de
236 1954 269 1984 ὃς
291 1951 371 1990 super
392 1950 532 1989 praedic‘to
558 1949 769 1984 Matrimonio‚
787 1945 900 1988 ejusque
923 1944 1164 1988 dependentibus,
1183 1945 1257 1975 inci-

186 1992 332 2029 dentibus,
351 1991 577 2028 emergentibus,
593 1990 626 2020 &
651 1986 790 2018 connexis
806 1983 964 2028 praediffis,
981 1983 1256 2021 Communicantes,

187 2030 372 2067 TracianteS,
391 2028 506 2059 tandem
521 2029 549 2058 in
565 2030 617 2058 hos
632 2026 776 2065 sequentes
790 2022 936 2054 Axnculos
951 2030 1168 2062 convenerunt,
1186 2032 1260 2053 con-

190 2068 363 2107 cordarunt,
381 2068 413 2099 &
429 2067 636 2099 concluserunt.

226 2144 333 2176 INPR
346 2153 394 2176 IM
405 2153 455 2183 is,
475 2146 546 2176 inter
588 2142 699 2174 raefatos
720 2140 872 2179 Oratores,
891 2138 1132 2178 Commiffarios,
1149 2138 1262 2173 Procu-

190 2193 284 2224 tores,
301 2185 334 2215 ὅ(
353 2184 516 2222 Deputatos
600 2191 756 2219 nventum,
775 2180 1014 2217 Concordatum,
1032 2180 1065 2211 &
1080 2178 1261 2210 Conclusum

190 2223 251 2261 est,
267 2223 349 2261 quod
369 2223 498 2262 praefatus
510 2209 658 2253 Dominus
679 2223 739 2250 Rex
754 2219 884 2258 Angliae,
904 2227 958 2256 pro
982 2216 1161 2248 Inclitiffimo
1177 2218 1258 2248 Prin·

190 2264 255 2301 cipe
268 2265 386 2292 Henrico
399 2261 467 2291 Filio
483 2260 527 2299 fiio
542 2261 746 2297 Secundogenito
758 2258 907 2297 praedieio,
925 2257 958 2288 δε
973 2257 1105 2298 praedieh'
1124 2256 1260 2296 Domini,

192 2304 253 2332 Rex
275 2299 313 2336 (ῥ’
333 2302 435 2338 Regina
456 2300 600 2341 Castellae,
618 2301 762 2336 Legionis,
787 2301 968 2334 Aragonum,
994 2294 1056 2331 &c.
1074 2305 1128 2334 pro
1148 2296 1262 2335 praefata

193 2339 371 2371 Sereniffima
392 2342 512 2370 Domina
532 2339 682 2369 Catherina
706 2336 773 2366 Filia
788 2335 834 2366 sua
858 2336 984 2374 Qana,
1003 2335 1197 2372 impetrabunt
1215 2335 1261 2366 seu

192 2379 333 2417 impetrari
348 2379 450 2409 facient
476 2380 509 2410 &
533 2377 727 2416 procurabunt
743 2385 816 2406 cum
836 2372 942 2405 effectu
958 2384 974 2403 a
996 2373 1070 2404 Sede
1090 2373 1260 2412 Apostolica

192 2417 459 2455 Dispensationem,
478 2417 529 2447 sub
544 2416 691 2453 Piumbo,
709 2423 789 2444 more
805 2412 951 2443 Rornanae
974 2411 1074 2442 Curiae
1089 2421 1123 2443 ac
1139 2413 1188 2443 sub
1201 2423 1261 2443 me-

193 2456 311 2486 lioribus
326 2457 416 2485 modo
428 2457 460 2488 &
474 2455 569 2486 formai
585 2456 618 2485 &
632 2454 724 2483 verbis
734 2475 744 2490 ,
755 2453 857 2491 quibus
871 2452 908 2482 de
919 2451 988 2489 Jure
1005 2451 1152 2482 efficacius
1173 2452 1265 2484 valere

193 2496 313 2534 poterit,
332 2503 361 2524 ut
374 2495 465 2525 ἀίἂυε
482 2492 684 2524 illustrissimus
697 2494 823 2529 Pn‘meps
838 2492 972 2520 Henricus
986 2490 1019 2521 ὅ(
1042 2490 1156 2528 praefata
1178 2490 1261 2521 Sere-

194 2533 304 2563 nissima
321 2535 441 2563 Domina
453 2532 605 2563 catherina
620 2531 725 2570 possint
747 2531 874 2560 invicem
899 2529 1121 2560 Matrimonium
1148 2538 1260 2560 contra-

196 2571 262 2602 here
278 2582 326 2608 per
339 2572 424 2601 verba
443 2572 477 2601 de
500 2572 644 2609 praesenti,
663 2579 723 2600 non
742 2567 872 2599 obstante
896 2568 1106 2606 impedimento
1130 2567 1260 2599 Publicae

195 2609 359 2640 Honestatis
371 2609 511 2649 Justitiae,
524 2620 559 2639 eo
575 2609 655 2649 quod
671 2607 786 2646 praefata
799 2606 978 2637 Serenislima
995 2609 1115 2636 Domina
1131 2606 1260 2637 Catheri·

195 2659 234 2678 na
249 2649 387 2678 contraxit
404 2647 645 2684 Matrimonium,
667 2656 716 2685 per
731 2646 818 2676 verba
834 2646 871 2675 de
886 2646 1028 2683 praesenti,
1047 2655 1119 2677 cum
1139 2646 1258 2683 praefato

196 2689 314 2716 Domino
330 2684 460 2715 Arthuro
471 2686 606 2722 praelibati
629 2688 708 2720 Regis
726 2683 839 2720 Angliae
860 2683 1060 2719 primogenito
1079 2685 1259 2722 ejusdemque

194 2724 362 2755 lnclirissimi
377 2726 473 2753 Enrici
489 2723 583 2753 Fratre
596 2723 628 2752 &
646 2722 816 2757 Germano,
834 2731 894 2750 non
915 2721 1048 2751 obstante
1070 2723 1154 2751 etiam
1177 2723 1257 2759 qubd

195 2763 248 2794 sint
265 2763 373 2794 Affines
389 2764 417 2792 in
439 2762 542 2793 Primo
559 2760 710 2792 Affinitatis
725 2758 843 2795 Gradu,
861 2768 898 2788 eo
915 2759 994 2797 quod
1009 2759 1086 2788 idern
1102 2758 1259 2791 Matrimo-

196 2804 279 2833 nium
301 2804 374 2833 inrer
396 2802 616 2838 praenominatos
637 2801 784 2840 Dominum
803 2796 964 2827 Arthurum
989 2798 1022 2828 &
1047 2797 1258 2829 Serenisfimam

194 2844 341 2871 Dominam
358 2839 535 2870 catherinam
557 2840 585 2868 in
607 2838 679 2869 facie
702 2836 836 2867 heclefiae
852 2836 1072 2866 solemnizatum
1105 2837 1139 2868 ὃς
1162 2838 1258 2875 postea

194 2880 281 2911 suerat
294 2879 522 2911 consummatum
557 2877 590 2908 ὃ(
606 2875 686 2915 quod
707 2875 799 2913 Bulla,
819 2874 858 2905 fic
875 2875 1069 2913 impetranda,
1086 2876 1145 2913 ejus
1160 2877 1191 2907 iit
1207 2877 1259 2907 Vi-

193 2920 288 2958 goris,
304 2916 450 2954 Effestfis‚
468 2918 501 2949 ὅ(
516 2900 679 2953 ἐῆὶαιείιε,
699 2915 777 2953 quod
793 2913 906 2944 dietum
915 2913 1180 2945 Matrimonium&
1190 2925 1257 2945 om-

196 2958 241 2987 nia
258 2967 291 2987 ex
305 2957 408 2987 eodem
423 2956 569 2995 sequutura
589 2960 603 2970 ⁴
621 2954 737 2991 perinde
750 2951 876 2991 valeant,
893 2962 927 2983 ac
948 2952 966 2982 si
992 2952 1067 2982 nulla
1082 2953 1144 2984 talia
1165 2953 1259 2992 Impe-

416 3003 454 3025 uo
467 2994 560 3024 modo
575 2991 756 3031 contigissent
772 2999 818 3022 aut
834 2990 1057 3021 intervenissent.

196 2995 322 3027 dimenta
336 3005 373 3034 qu

416 3041 575 3063 onventum
591 3055 600 3068 ,
625 3029 864 3067 Concordatum,
881 3030 914 3060 &
933 3028 1112 3059 Conclusum
1126 3028 1168 3060 est
1187 3031 1260 3061 inter

235 3033 344 3064 ITEM

218 3073 327 3103 raefiitos
347 3056 500 3109 Oratores,
525 3069 764 3106 Commissarios,
781 3069 815 3099 ἂ
838 3067 1042 3099 Procuratores
1065 3068 1145 3106 quod
1167 3068 1260 3100 dietus

212 3111 394 3142 llustrisfimus
407 3113 467 3140 Rex
482 3108 612 3146 Angliae,
631 3117 683 3146 pro
696 3107 875 3137 Inclitisfimo
890 3109 1008 3136 Henrico
1020 3105 1088 3135 Filio
1093 3105 1145 3145 fico
1161 3110 1259 3137 Secun-

197 3151 317 3188 dogenito
340 3151 373 3182 &
386 3149 492 3189 praefiiti
504 3147 628 3178 Domini
643 3148 702 3175 Rex
720 3144 758 3180 ὠ·
773 3148 875 3183 Regina
892 3145 1031 3184 Castellae,
1049 3147 1191 3184 Legionis,
1210 3150 1261 3176 A·

198 3200 344 3227 ragomem,
362 3188 422 3222 &c.
442 3196 497 3226 pro
512 3184 692 3217 Serenissima
708 3186 827 3213 Domina
848 3183 1000 3214 Catherina
1020 3183 1093 3213 Filia
1107 3183 1180 3223 fisa,
1197 3184 1258 3220 ὠς,

196 3228 403 3266 procurabunt,
421 3233 601 3262 omnemque
618 3223 822 3262 Diligentiam,
840 3222 1002 3260 Laborem,
1016 3222 1144 3260 Curam,
1161 3224 1259 3260 Opem

200 3275 284 3303 atque
299 3265 428 3305 Operam
443 3263 615 3303 praestabunt
629 3263 662 3294 &
679 3260 846 3299 impendent
860 3271 912 3298 pro
930 3260 1097 3299 Viribusque
1117 3260 1260 3302 efficient,

199 3313 233 3334 ac
249 3314 346 3334 eorum
362 3304 478 3342 quilibet
493 3300 633 3341 praestabit
651 3302 684 3332 &
706 3300 853 3338 impendet
872 3309 924 3337 pro
944 3299 1116 3337 Viribusque
1135 3299 1259 3339 efficiet,

201 3341 272 3372 infra
298 3342 378 3373 Duos
403 3341 535 3378 Menses,
554 3340 753 3370 Traditionem
778 3338 950 3368 Litterarum
974 3338 1135 3369 Parentium
1160 3340 1260 3376 praefa-

202 3388 297 3410 torum
311 3384 388 3418 Regis
402 3380 439 3415 ὠ·
454 3383 561 3418 Roginae
580 3377 703 3447 Cassellae
713 3400 723 3415 ,
742 3377 884 3414 Legionisl,
901 3375 962 3410 &c.
981 3377 1119 3414 praeseritis
1138 3376 1258 3408 Tracta-

199 3417 245 3449 tt'is
262 3418 544 3450 Confirmatoriarum
568 3418 601 3449 &
646 3416 895 3452 atificatoriarum,
912 3414 1029 3451 Magno
1051 3414 1149 3454 sigillo
1163 3415 1212 3446 suo
1228 3416 1260 3445 si-

199 3457 358 3496 gillatarum
377 3459 409 3489 &
438 3456 574 3487 Manibus
594 3455 644 3486 suis
668 3454 902 3492 subscriptarum,
924 3453 1041 3492 praefato
1066 3456 1131 3490 Regi
1146 3453 1259 3492 Angliae

199 3496 339 3526 saetarum
354 3496 386 3526 ὃ(
403 3496 633 3532 deliberatatum,
652 3503 767 3524 necnon
779 3493 980 3523 Traditionem
995 3491 1050 3521 five
1066 3490 1259 3523 Praesentatio-

198 3544 267 3564 nem
287 3533 374 3564 distae
390 3533 624 3570 Dispensationis,
643 3533 698 3570 sic,
715 3540 745 3562 ut
762 3532 925 3570 praefertur,
943 3532 1113 3568 impetratae,
1133 3531 1257 3567 praeliba-

200 3581 234 3604 to
245 3571 426 3603 Inclitissimo
440 3572 563 3611 Principi
576 3573 692 3601 Henrico
706 3571 738 3601 ὃ(
752 3570 876 3610 praefatae
890 3569 1030 3599 Dominae
1050 3569 1204 3599 catherinae
1218 3570 1258 3600 fa-

202 3612 296 3648 c'tam,
315 3620 383 3641 tunc
418 3611 527 3640 roxime
544 3612 575 3641 &
590 3609 757 3639 immediate
771 3608 931 3647 sequentes,
948 3608 1024 3638 idem
1046 3610 1179 3637 Dominus
1196 3610 1257 3638 En-

199 3653 269 3679 ricus
278 3651 311 3681 ὃς
327 3659 383 3687 prae
413 3658 440 3679 ta
452 3651 569 3677 Domina
580 3648 729 3678 Catherina
739 3647 963 3678 Matrimonium
977 3655 1026 3683 per
1036 3647 1122 3678 verba
1136 3647 1172 3677 de
1185 3657 1259 3685 prae-

197 3688 268 3719 senti
287 3690 413 3718 invicem
431 3687 607 3717 contrahent.

237 3725 282 3757 Ιτ
292 3736 310 3757 Ε
320 3735 363 3764 M,
380 3727 451 3756 cum
459 3725 630 3764 jamdudum
647 3725 794 3755 memorati
808 3724 954 3761 Principes
967 3722 1106 3762 Castellae,
1123 3725 1258 3762 Legionis,

203 3769 380 3802 Aragonum,
397 3764 456 3800 &a
486 3767 547 3793 Rex
572 3762 609 3797 έν
630 3766 749 3800 Regina,
773 3772 827 3800 pro
849 3762 1041 3792 Matrimonio
1063 3763 1134 3792 inter
1156 3764 1257 3799 praedi-

204 3803 304 3840 Cium,
329 3802 388 3833 Piae
415 3802 587 3839 Memoriae,
610 3799 774 3830 Dominum
792 3800 950 3830 Arthurum
974 3802 1123 3838 Principem
1148 3800 1255 3831 Walliae

200 3842 308 3879 praefati
322 3843 398 3878 Regis
414 3840 528 3878 Angliae
544 3839 774 3877 Primogenitum
788 3842 820 3870 &
837 3848 1024 3870 memoratam
1038 3841 1185 3868 Dominam
1200 3843 1257 3868 Ca-

199 3879 338 3908 therinam
357 3880 553 3915 contrahendo
563 3901 571 3916 ,
587 3887 637 3917 per
653 3877 772 3907 Litteras
787 3878 842 3907 suas
860 3878 1007 3914 Patentes,
1027 3876 1143 3914 Magno
1157 3877 1255 3916 Sigillo

199 3915 249 3946 suo
264 3918 379 3954 tigillatas
394 3918 426 3948 &
445 3917 579 3947 Manibus
593 3917 643 3946 suis
656 3915 835 3952 subscriptas,
850 3915 1035 3952 promiserunt
1049 3917 1082 3947 &
1097 3916 1254 3954 obligarunt

198 3953 237 3984 Se
251 3954 365 3991 suosque
381 3955 515 3985 Haeredes
527 3957 559 3986 ὃ(
575 3954 753 3985 Succeffores
765 3953 798 3982 ad
808 3952 947 3983 Dandum
957 3955 990 3985 &
998 3953 1173 3985 Solvendum
1182 3964 1254 3991 prae-

198 3993 410 4034 libatotAngliae
426 3997 490 4030 Regi
507 3993 592 4023 suisve
605 3992 811 4023 Executoribus
828 3992 860 4022 &
876 3991 1024 4030 Deputatis
1040 3994 1068 4022 in
1089 3992 1198 4023 Dotem
1218 3994 1252 4023 δε

200 4030 339 4061 Nomine
353 4030 452 4066 Dotis,
470 4041 537 4060 cum
553 4031 665 4069 praefata
682 4029 859 4060 serenissima
878 4032 997 4060 Domina
1015 4030 1164 4060 Catherina
1186 4030 1254 4062 Filia

197 4069 242 4099 sua
256 4070 377 4107 Qiaria,
397 4071 521 4097 Ducenta
540 4069 622 4098 Milia
639 4073 776 4098 Scutorum
788 4071 865 4098 Auri
873 4072 1061 4106 (unoquoque
1074 4068 1164 4099 Scuto
1174 4069 1253 4107 Qa—

197 4116 262 4139 tuor
276 4105 390 4138 Solidos
403 4107 435 4137 δι
446 4106 528 4137 Duos
541 4107 680 4139 Denarios
691 4107 849 4145 sterlingos
862 4105 996 4138 Monet-x
1004 4107 1117 4147 Angliae
1131 4107 1250 4143 valente)

659 192 1472 245 CONVENTIONES,

1531 190 1936 245 LITERAE,

1282 278 1485 310 solvendorum
1500 276 1698 315 Temporibus
1713 278 1746 310 δε
1762 279 1852 309 Locis
1888 276 2046 317 Medoque
2059 277 2093 309 &
2110 278 2217 312 Forma
2230 286 2316 320 prout
2331 281 2361 326 in
2377 274 2507 309 Arm-Di

1285 358 1349 388 teris
1365 356 1546 395 Patentibus,
1564 355 1681 393 desuper
1694 355 1831 388 confeffis
1847 356 1952 394 suoque
1968 355 2109 386 Plumbeo
2117 357 2216 396 Sigillo
2230 319 2359 397 ΓιῗίἷὶεΙῑ-’ἰζ
2373 323 2490 389 1151'250732

1281 318 1468 356 praefatorum
1484 319 1560 354 Regis
1578 315 1617 351 ὠ·
1638 319 1747 354 Reginae
1769 301 1906 357 Castel'lae,
1925 319 2070 353 Legionis,
2086 321 2217 356 Aragon.

1286 397 1320 427 ὃ(
1333 394 1521 433 Jureiurando
1536 395 1570 425 ad
1583 394 1686 424 Samira
1702 394 1759 424 Dei
1773 394 1928 433 Evangelia
1938 403 1987 431 per
1994 393 2109 424 eosdem
2119 397 2302 435 corporaliter
2315 405 2358 429 ta.

1286 434 1332 465 &a
1365 434 1488 471 vallatis,
1507 434 1638 471 munitis,
1657 434 1690 465 &
1706 434 1862 472 roboratis,
1880 433 1990 470 plenius
2003 433 2181 471 continetur,

1322 456 1461 511 dumque
1476 472 1547 502 illius
1568 473 1685 511 integrae
1706 472 1853 510 Summae,
1872 472 2022 510 videlicet,
2041 473 2224 503 Ducentoruns
2245 473 2358 505 Milium

1285 513 1425 540 Scotorum
1450 511 1603 550 Medicus,
1628 511 1782 552 videlicet,
1811 514 1926 541 Centum
1949 509 2063 539 Milium
2085 511 2225 540 Scotorum
2248 511 2359 544 valoris

1283 549 1435 586 antedicii,
1453 550 1529 586 juxra
1551 550 1585 581 &
1604 548 1763 580 secundum
1786 550 1906 580 modum
1929 548 1963 579 &
1987 548 2115 579 formam
2138 548 2220 579 Paeti
2243 550 2360 589 desuper

1284 587 1413 631 confetiri
1423 609 1434 625 ,
1447 587 1586 624 praediCto
1598 590 1663 625 Regi
1679 588 1792 626 Angliae
1803 612 1812 627 ,
1831 596 1959 625 tempore
1981 587 2234 618 Solemnizationis
2255 588 2358 620 Matri-

1284 627 1377 655 monii
1391 633 1462 656 inter
1477 625 1627 663 praefatum
1653 628 1802 666 Principem
1821 628 1984 657 Arthurum
2004 626 2038 657 ὅ(
2062 628 2210 655 Dominam
2231 626 2359 658 Cathen'-

1281 674 1373 732 ῗῶνέὡ
1376 663 1490 733 t{ixieriirxiltt
1491 663 1613 732 3³1&th
1614 664 1803 734 grgfatgsque
1824 663 2110 734 ijx·Angggae1³i?dg
2130 664 2233 695 fatetur
2251 665 2288 696 Se
2289 665 2359 734 gdsse

1279 738 1343 770 &os
1362 725 1553 785 Cpi'iventum
1561 764 1572 779 ,
1587 712 2248 786 (ξοηεόῑάαῗιςὲιῐῗιὂίῐὲἓηςὶιιῖυωοείιέεἷῖῑέιῐιξά
2254 713 2361 781 piieqtie

1281 778 1390 817 praefati
1412 782 1472 809 Rex
1487 778 1526 815 &
1541 782 1645 817 Regina
1660 779 1786 820 Castellae
1797 804 1806 818 ,
1824 783 1967 819 Legionis,
1984 784 2161 818 Aragonum,
2181 779 2242 816 &aa
2264 791 2358 821 neque

1302 817 1396 849 raefata
1415 821 1544 862 'Domina
1564 818 1735 858 Catherina,
1759 827 1900 850 eorumve
1921 819 2075 858 Haeredes,
2092 818 2292 858 Successores,
2311 819 2357 851 vel

1317 865 1440 895 eputati,
1455 866 1504 888 aut
1522 857 1606 896 aliqui
1628 857 1673 888 alii
1693 868 1795 889 eorum
1818 856 2001 888 Nominibus
2037 858 2181 895 praefatam
2203 858 2357 889 Summam

1279 898 1396 939 Centom
1411 895 1526 926 Milium
1535 899 1695 935 Scutorum,
1712 906 1766 927 nec
1781 896 1813 927 ali
1837 906 1904 926 uam
1924 896 1983 934 ejus
1998 880 2132 934 Partem,
2149 907 2165 927 a
2183 898 2302 935 praefato
2318 896 2357 927 11-

1280 933 1446 980 lus’trisfimo
1466 937 1537 972 Rege
1558 934 1691 974 Angliae,
1708 944 1755 966 aut
1775 946 1791 966 a
1814 906 1895 979 gieio
1914 937 2031 965 Domins
2054 936 2172 964 Hernico
2190 937 2250 974 ejus
2273 936 2352 966 Filio

1281 975 1404 1012 Principe
1427 972 1556 1012 Walliae,
1581 983 1723 1005 eorumve
1742 973 1916 1005 Haeredibus
1937 973 1983 1005 vel
2003 972 2233 1013 Succefforibus,
2250 984 2296 1006 aut
2316 974 2356 1006 ab

1280 1021 1381 1042 eorum
1397 1011 1523 1043 Subditis
1539 1010 1749 1051 quovismodo,
1766 1021 1860 1051 neque
1866 1011 1935 1051 Jure
1948 1011 2035 1042 Dotis
2045 1021 2139 1050 neque
2152 1020 2187 1042 eir
2197 1013 2286 1052 aliqua
2299 1013 2353 1045 alia

1281 1049 1389 1088 Causa,
1416 1049 1595 1089 Occafione,
1620 1051 1684 1090 Re,
1702 1051 1747 1082 vel
1765 1050 1887 1083 Materia
1906 1059 2110 1090 quacumque,
2128 1050 2207 1081 nullo
2225 1061 2354 1091 unquam

1279 1098 1424 1128 ternpore,
1443 1088 1604 1128 Repetent,
1623 1089 1766 1129 Exigent,
1785 1098 1832 1122 aut
1848 1089 2026 1128 Requirent,
2046 1089 2167 1127 Repeti,
2182 1088 2282 1128 Exigi,
2302 1099 2352 1123 aut

1281 1127 1404 1166 Requiri
1418 1127 1540 1167 facient,
1559 1131 1771 1168 procurabunt,
1785 1137 1831 1160 aut
1845 1127 2026 1160 consentient
2036 1149 2046 1165 ,
2063 1126 2110 1158 sed
2130 1136 2147 1158 a
2160 1125 2350 1160 Resolutione

1282 1167 1317 1198 &
1335 1166 1526 1198 Restitutione
1540 1168 1664 1204 ejusdem
1678 1167 1809 1199 Summae
1825 1170 1940 1197 Centum
1955 1165 2080 1196 Millium
2095 1168 2236 1196 Satorum
2247 1166 2304 1205 sic,
2319 1178 2354 1200 ut

1281 1206 1479 1245 praemittitur,
1493 1205 1677 1244 Solutorumi,
1689 1207 1722 1238 &
1734 1206 1882 1244 cujussibet
1896 1208 1955 1244 ejus
1971 1204 2075 1242 Partis,
2093 1204 2245 1244 praefatum
2257 1208 2357 1243 Regem

1282 1243 1399 1282 Angliae
1415 1246 1449 1276 &
1457 1244 1618 1282 praedidlum
1630 1248 1790 1285 Henricum,
1806 1252 1966 1283 eorumque
1979 1243 2118 1274 Haeredes
2131 1244 2165 1275 &
2179 1243 2360 1276 successores

1283 1283 1419 1315 Liberant
1432 1285 1466 1316 &
1482 1283 1672 1323 Acquietant,
1690 1285 1724 1317 &
1738 1293 1792 1324 pro
1814 1292 1953 1323 perpetuo
1972 1282 2135 1314 Absolvunt
2154 1292 2207 1321 per
2228 1281 2356 1315 Praesen-

1284 1329 1336 1353 tes.

1322 1360 1369 1391 ΙΝ
1379 1369 1424 1392 su
1433 1369 1452 1391 P
1461 1370 1480 1392 i:
1490 1370 1513 1392 R
1523 1384 1534 1401 ,
1550 1362 1623 1391 inter
1637 1361 1706 1392 Nos
1720 1361 1876 1401 Oratores,
1893 1360 2112 1399 Procuratores,
2128 1359 2162 1391 &
2176 1358 2358 1392 Comniiffi-

1283 1400 1340 1430 rios
1378 1400 1524 1437 raediftos,
1551 1399 1759 1440 Conventum,
1783 1400 2026 1437 Concordaturn,
2052 1400 2086 1431 &
2110 1398 2290 1430 Conclusam
2314 1399 2357 1430 est

1286 1440 1347 1476 quo
1384 1438 1492 1476 praefati
1505 1441 1567 1469 Rex
1588 1437 1627 1474 &0
1646 1441 1749 1477 Regina
1768 1437 1913 1480 Castellae‚
1933 1440 2078 1476 Legionis,
2094 1439 2275 1475 Aragmm,
2292 1436 2357 1472 &aa

1284 1487 1340 1514 pro
1361 1477 1571 1516 Matrimonio,
1587 1479 1661 1508 inter
1682 1478 1854 1516 praedic‘ium
1876 1477 2043 1508 Dominum
2067 1478 2218 1515 Principem
2240 1476 2353 1507 Walliae

1287 1515 1397 1553 praefati
1419 1515 1509 1555 Regis
1532 1516 1647 1555 Angli-aa
1664 1516 1950 1555 Secundogenitum,
1968 1517 2002 1547 &
2022 1524 2213 1546 memoratam
2233 1514 2356 1546 Serenis-

1285 1553 1388 1585 simam
1403 1557 1552 1584 Dominam
1565 1554 1744 1585 Catherinam
1758 1555 1963 1595 praedistorum
1976 1556 2056 1591 Regis
2076 1552 2116 1589 ό·
2129 1556 2238 1591 Reginae
2251 1553 2357 1598 Castel-

1291 1591 1344 1632 Iae,
1363 1595 1506 1631 Legionis,
1521 1595 1701 1632 Aragommz,
1719 1592 1780 1629 &a
1819 1593 1917 1624 Filiam
1933 1593 2091 1632 Quartam,
2110 1600 2138 1624 ut
2157 1594 2357 1631 praemittltur‚

1291 1631 1518 1670 Contrahendo‚
1534 1632 1642 1664 solvent
1666 1632 1712 1663 seu
1735 1633 1807 1664 solvi
1826 1632 1949 1669 facient,
1967 1633 1995 1661 in
2018 1630 2131 1662 Dotem
2151 1631 2198 1663 seu
2221 1630 2360 1662 Nomine

1290 1669 1393 1708 Don's,
1409 1671 1528 1709 praefato
1545 1674 1611 1709 Regi
1626 1670 1758 1709 Angliae,
1777 1671 1870 1709 ejusve
1887 1669 2099 1701 Executoribus
2121 1670 2166 1700 vel
2188 1669 2358 1708 Deputatis,

1290 1710 1419 1739 Ducenta
1433 1709 1528 1738 Millia
1541 1713 1682 1740 Scotorum
1695 1713 1774 1740 Auri
1791 1712 1980 1747 (unoquoque
1997 1708 2087 1738 Scuto
2103 1707 2237 1746 Qiatuoi·
2245 1707 2362 1739 Solidos

1291 1749 1325 1779 &
1339 1747 1424 1779 Duos
1437 1747 1580 1778 Denarios
1600 1747 1735 1779 Monetae
1751 1747 1929 1786 Anglicanae)
1948 1747 1981 1776 in
2003 1746 2096 1776 Sentis
2116 1747 2216 1777 Aureis
2234 1747 2360 1784 ejusdem

1291 1786 1403 1816 Valoris
1417 1786 1462 1817 vel
1477 1788 1507 1816 in
1520 1787 1570 1817 alia
1592 1785 1715 1817 Moneta
1734 1785 1827 1816 Aurea
1840 1784 2038 1824 aequivalenti,
2056 1783 2093 1814 de
2105 1792 2226 1822 quorum
2238 1785 2359 1823 quidem

1292 1826 1478 1855 Ducentorum
1493 1825 1617 1856 Millium
1631 1828 1771 1855 Scotorum
1786 1827 1863 1855 Auri·
1886 1823 2058 1861 Medietate,
2073 1823 2130 1852 viz.
2149 1825 2264 1852 Centum
2286 1823 2361 1853 Mil-

1291 1863 1361 1894 libus
1373 1867 1513 1894 scutorum
1523 1887 1533 1903 ,
1551 1864 1702 1904 praediCtus
1724 1866 1785 1894 Rex
1800 1862 1935 1900 Angliae,
1952 1862 2047 1893 dictos
2065 1864 2160 1899 Regem
2177 1860 2216 1896 &
2233 1864 2365 1899 Reginam

1294 1902 1436 1943 Castellae,
1454 1905 1595 1943 Legionis,
1612 1906 1776 1940 Aragonum
1809 1901 1871 1937 &a
1890 1902 1925 1933 &
1936 1909 2038 1932 eorum
2048 1899 2186 1930 Haeredes
2197 1900 2232 1932 &
2244 1900 2366 1931 Succes-

1293 1942 1386 1981 [οι-ω,
1410 1941 1546 1982 Liberat,
1571 1943 1743 1981 Acquietat,
1767 1924 1929 1979 {irenei-at,
1955 1941 1990 1972 &
2010 1938 2141 1970 Absolvit
2162 1948 2212 1978 per
2234 1938 2361 1971 Praesen-

1298 1989 1400 2052 tesAlia
1413 2021 1485 2065 vero
1500 2022 1614 2050 Centum
1628 2017 1725 2050 Millia
1738 2021 1877 2049 Scotorum
1892 2019 1970 2048 Auri
1989 2015 2094 2047 Valoris
2102 2016 2230 2056 praedidi
2246 2015 2367 2048 Solvenss

1298 2058 1352 2098 da,
1377 2060 1486 2098 praefati
1508 2061 1572 2088 Rex
1592 2056 1630 2094 όν
1652 2061 1756 2096 Regina
1781 2055 1920 2097 castellae,
1938 2058 2080 2094 Legionis,
2104 2060 2283 2093 Aragonum,
2301 2054 2365 2091 &aa

1298 2097 1405 2129 solvent
1421 2098 1466 2129 seu
1484 2097 1555 2129 solvi
1569 2098 1676 2128 facient
1689 2096 1808 2138 praefato
1822 2099 1890 2133 Regi
1911 2095 2027 2133 Angliae
2054 2095 2144 2132 ejusve
2156 2095 2366 2127 Executoribus

1298 2137 1344 2168 vel
1365 2136 1531 2177 Deputatis,
1548 2135 1720 2176 Tempore,
1736 2135 1839 2174 Loco,
1858 2133 1974 2173 Modo,
1991 2135 2025 2166 &
2041 2135 2056 2151 ⁸*
2070 2133 2176 2165 Forma
2188 2133 2345 2172 subscriptis

1299 2176 1450 2215 videlicet,
1467 2176 1556 2206 iidem
1571 2177 1632 2204 Rex
1647 2173 1685 2210 ό·
1706 2177 1811 2213 Regina
1825 2171 1966 2215 Castellae,
1983 2175 2126 2211 Legionis,
2147 2171 2208 2208 &c.
2226 2181 2367 2204 eorumve

1298 2213 1437 2246 Haeredes
1452 2215 1497 2246 vel
1509 2213 1691 2245 Succefforoe
1707 2215 1818 2245 solvent
1831 2212 1877 2244 seu
1891 2212 1961 2244 solvi
1971 2212 2075 2250 facient
2082 2210 2367 2252 Sexaginta&quin-

1298 2264 1348 2294 qne
1364 2253 1449 2285 Milia
1463 2256 1602 2284 Scotorum
1619 2254 1697 2283 Auri
1713 2252 1820 2283 Valoris
1833 2251 1987 2292 supradia‘li
2004 2251 2033 2281 in
2056 2249 2182 2282 Pecunia
2203 2258 2366 2288 numerata,

1299 2293 1418 2332 praefato
1432 2296 1498 2331 Regi
1515 2291 1630 2330 Angliae
1645 2291 1738 2331 ejusve
1753 2291 1961 2322 Executoribus
1975 2289 2021 2320 vel
2036 2288 2186 2327 Deputatis
2197 2290 2225 2319 in
2242 2288 2369 2321 Civitate

1304 2331 1483 2370 Londoniae‚
1503 2331 1575 2361 infra
1590 2330 1707 2362 Decem
1718 2330 1791 2362 Dies
1806 2330 1954 2369 proximos
1972 2337 2037 2359 ante
2057 2327 2102 2359 vel
2116 2326 2181 2366 post
2203 2327 2369 2366 Solempni-

1299 2372 1443 2402 zationem
1455 2369 1524 2401 dieti
1541 2368 1722 2400 Matrimonii
1739 2370 1811 2400 inter
1827 2368 1977 2407 praefatum
1994 2369 2143 2396 Dominum
2171 2368 2318 2397 Henricum
2334 2367 2372 2398 δε

1301 2410 1447 2447 praefatam
1468 2411 1617 2439 Dominam
1642 2408 1819 2439 Catherinam
1839 2405 1998 2439 celebrandi
2018 2407 2052 2438 &
2072 2404 2309 2445 solempnizandi,
2337 2406 2369 2436 in

1300 2448 1394 2479 Scutis
1414 2448 1516 2479 Aureis
1538 2445 1648 2479 Valoris
1662 2447 1806 2485 praediffl,
1825 2446 1870 2477 vel
1885 2447 1915 2477 in
1933 2445 1983 2476 alia
1999 2443 2123 2476 Moneta
2136 2444 2229 2475 Aurea
2243 2445 2370 2483 aequiva-

1300 2487 1368 2518 lenti
1379 2509 1389 2525 ,
1407 2487 1437 2516 in
1451 2485 1563 2517 Partem
1581 2486 1740 2517 Solutionis
1754 2485 1879 2525 praefatae
1900 2484 2032 2515 Summae
2048 2486 2164 2513 Centum
2180 2481 2292 2513 Milium
2306 2486 2372 2512 Scu-

1299 2533 1390 2556 tmm
1411 2527 1584 2563 Amorum,
1602 2535 1667 2565 quae
1690 2524 1805 2563 quidem
1828 2522 2056 2561 Solempnizatio
2075 2522 2127 2552 erit
2149 2521 2373 2562 cumpraefatus

1299 2566 1456 2595 Dominicus
1474 2566 1608 2594 Henricus
1664 2563 1930 2594 uintumdecimum
1954 2560 2059 2591 AEtatis
2079 2559 2134 2590 suae
2149 2559 2267 2591 Annum
2283 2569 2370 2591 com-

1301 2604 1438 2642 pleverit,
1455 2603 1525 2633 dum
1545 2611 1641 2633 tamen
1681 2601 1854 2633 llustriffimo
1874 2602 1941 2637 Regi
1962 2597 2093 2637 Angliae,
2120 2598 2233 2629 Decem
2258 2598 2372 2629 Diebus

1298 2651 1364 2673 ante
1379 2642 1669 2681 Solempnizationem
1684 2640 1755 2672 dieti
1770 2639 1969 2677 Matrimonii,
1987 2638 2061 2668 clare
2076 2639 2109 2669 &
2128 2637 2209 2674 plane
2232 2637 2370 2668 constite-

1297 2682 1333 2711 rit
1350 2689 1441 2711 totam
1455 2681 1488 2711 &
1504 2682 1642 2718 integram
1658 2679 1809 2710 Summam
1823 2681 1947 2708 Duorum
1963 2680 2078 2706 Centum
2093 2674 2216 2705 Millium
2227 2678 2368 2705 Scutorum

1297 2722 1393 2758 Auri,
1448 2729 1460 2749 r
1473 2718 1588 2749 eosdem
1600 2721 1694 2755 Regem
1722 2716 1761 2752 ό·
1778 2720 1909 2754 Reginam
1933 2714 2073 2755 castellae,
2092 2715 2237 2753 Legionis,
2256 2717 2369 2751 Arago-

1299 2768 1380 2795 num,
1438 2768 1459 2786 c.
1477 2756 1570 2787 eidem
1585 2759 1649 2793 Regi
1664 2755 1795 2793 Angliae,
1809 2754 1870 2789 &c.
1888 2754 1979 2785 modo
1993 2755 2027 2785 &
2042 2752 2136 2784 formfi
2150 2752 2370 2790 praemiffisSol-

1302 2796 1427 2826 vendam
1448 2795 1482 2827 &
1498 2794 1707 2832 Liberandam,
1725 2795 1753 2823 in
1768 2793 1894 2824 Pecunia
1914 2799 2079 2829 numeram,
2096 2790 2173 2821 Vafis
2194 2791 2294 2822 Aureis
2311 2790 2370 2821 Ar-

1305 2835 1415 2871 genteis
1429 2834 1473 2863 vel
1490 2833 1655 2870 Deauratis,
1672 2842 1705 2863 ac
1727 2833 1756 2862 in
1789 2831 1917 2862 ocalibus
1935 2839 1969 2861 ac
1991 2829 2152 2869 Margaritis
2165 2829 2276 2861 Valoris
2289 2837 2370 2860 ante-

1301 2873 1394 2941 d1i÷5tiS
1405 2873 1456 2940 ‘ic'
1474 2880 1503 2902 ut
1516 2872 1714 2911 praemittitur,
1731 2880 1756 2901 ae
1786 2870 1920 2908 mandis,
1938 2877 2007 2901 tunc
2022 2869 2053 2900 in
2068 2866 2194 2901 Civitate
2205 2868 2370 2900 Londoniae

1302 2922 1318 2943 e
1342 2921 1358 2941 e
1395 2920 1504 2941 outam

1340 2949 1378 2981 Et
1392 2949 1494 2980 eisdem
1509 2933 1596 2980 ioco
1609 2950 1644 2981 &
1659 2947 1809 2986 Tempore
1823 2945 1950 2987 praedicit
1963 2947 2023 2976 Rex
2045 2944 2085 2982 &
2103 2948 2207 2984 Regina
2227 2942 2370 2985 Castellae‚v

1301 2990 1444 3026 Legionis,
1462 2986 1522 3024 &c.
1540 2987 1650 3018 solvent
1664 2986 1713 3018 seu
1725 2986 1796 3017 solvi
1808 2986 1915 3017 sacient
1930 2985 2050 3025 praefato
2061 2987 2127 3021 Regi
2138 2982 2252 3021 Angliae
2268 2983 2365 3021 ejusve

1301 3026 1510 3058 Executoribus
1525 3025 1569 3056 vel
1588 3025 1753 3064 Deputatis,
1768 3024 1935 3065 Qindecim
1956 3023 2042 3053 Milia
2059 3026 2195 3052 Scotorum
2209 3024 2287 3051 Auri·
2304 3019 2366 3051 Va-

1300 3066 1364 3095 loris
1378 3064 1506 3103 praeditsti
1524 3066 1552 3094 in
1563 3063 1639 3095 Vasis
1652 3064 1697 3095 seu
1707 3063 1822 3095 Vasellis
1836 3063 1904 3093 Auri
1915 3085 1925 3100 ,
1934 3061 2053 3101 Argenti
2062 3061 2107 3091 seu
2119 3060 2253 3091 Deaurau‘
2261 3082 2271 3098 ‚
2284 3058 2365 3098 justo

1304 3105 1405 3135 Precio
1415 3126 1424 3142 ‚
1443 3113 1492 3141 per
1504 3102 1576 3133 illius
1591 3103 1696 3143 Operis
1710 3101 1848 3141 Expertos
1861 3099 1990 3141 Opifices
2003 3099 2166 3138 Indigenas,
2181 3099 2217 3130 ad
2232 3099 2290 3130 hoc
2309 3107 2363 3139 per

1301 3143 1425 3180 Regiam
1440 3141 1621 3180 Majestatem
1637 3141 1750 3181 Angliae
1763 3140 1952 3178 Depumndos
1963 3139 1997 3171 &
2007 3137 2165 3177 Jurandos,
2184 3138 2215 3168 in
2236 3137 2370 3169 civitate*

1304 3181 1470 3212 Londoniae
1493 3189 1726 3219 commorantes,
1752 3177 1970 3215 Eixstimandis,
1992 3177 2058 3214 qui,
2076 3176 2103 3206 in
2125 3177 2186 3207 vim
2201 3176 2363 3216 Juramenti

1301 3221 1341 3251 sui
1359 3228 1587 3259 unamquamque
1608 3218 1739 3250 Unciam
1763 3218 1835 3249 Auri
1860 3215 1979 3254 Argenti
1997 3216 2031 3247 &
2054 3214 2188 3246 Deaurati
2208 3215 2287 3254 juxta
2302 3215 2364 3252 ejus

1302 3268 1402 3289 verum
1419 3257 1574 3296 Valorem,
1589 3266 1673 3294 prout
1689 3257 1788 3289 Uncia
1801 3255 1904 3288 valebit
1915 3255 1945 3284 in
1959 3263 1996 3284 eo
2006 3253 2076 3284 loco
2092 3255 2121 3284 in
2136 3262 2196 3292 quo
2209 3252 2301 3285 fienda
2316 3252 2362 3284 est

1302 3297 1416 3328 Solutio
1432 3306 1563 3335 tempore
1576 3295 1748 3334 Solutionis,
1765 3295 1844 3333 Qiae
1864 3292 1934 3324 Vasa
1950 3293 1996 3324 seu
2015 3291 2136 3331 Vasella,
2154 3301 2203 3331 per
2219 3291 2363 3331 Unciam,

1301 3346 1332 3366 ut
1344 3335 1423 3374 supra
1437 3335 1622 3374 Appreciata‚
1639 3335 1791 3373 praedidims
1808 3336 1867 3363 Rex
1892 3330 2104 3370 Angliaeejusve
2125 3330 2298 3361 Executores
2313 3330 2363 3362 seu

1302 3374 1440 3411 Deputati
1462 3376 1492 3404 in
1514 3372 1626 3405 Partem
1649 3373 1803 3404 Solutionis
1820 3371 1957 3409 accipiet,
1976 3379 2030 3409 pro
2050 3369 2100 3398 illo
2122 3368 2225 3399 Precio
2244 3367 2359 3399 Uncia}

1302 3421 1414 3444 tantum
1429 3420 1461 3442 ut
1478 3412 1516 3442 illi
1529 3411 1743 3450 Appreciatores
1766 3411 1816 3441 illo
1837 3418 1967 3448 ternpore
1987 3409 2114 3447 accipere
2135 3406 2298 3446 voluerint,
2313 3413 2364 3440 aut

1302 3451 1406 3481 eodem
1422 3459 1550 3489 tempore
1562 3448 1648 3479 vendi
1663 3450 1803 3487 poterint,

1338 3488 1472 3518 Similiter
1486 3488 1519 3519 &
1528 3487 1634 3518 eodem
1647 3487 1805 3525 Temporis
1815 3492 1951 3516 contextu
1964 3484 1998 3516 &
2013 3483 2108 3524 Loc0,
2122 3492 2152 3516 ut
2158 3483 2187 3515 su
2208 3483 2364 3524 ra,praefii-'

1302 3529 1324 3558 ti
1338 3530 1398 3557 Rex
1414 3525 1452 3562 &¹
1474 3528 1574 3563 Regina
1592 3524 1733 3564 Castellae,
1748 3527 1889 3563 Legionis,
1901 3527 2085 3562 Aragonum,
2102 3522 2162 3559 &c.
2191 3523 2289 3554 olvent
2312 3523 2362 3555 seu

1302 3566 1374 3597 solvi
1390 3565 1509 3601 facient,
1528 3564 1646 3601 praefato
1661 3566 1727 3600 Regi
1742 3563 1854 3601 Angliae
1868 3562 1960 3601 ejusve
1973 3561 2180 3593 Executoribus
2198 3563 2244 3593 vel
2258 3562 2361 3600 Depu-

1301 3606 1379 3642 tatis,
1395 3604 1445 3633 alia
1469 3604 1574 3640 Viginti
1596 3601 1682 3632 Milia
1700 3605 1838 3632 Scutorum
1858 3600 1962 3631 Valoris
1980 3602 2126 3640 praedibli,
2142 3602 2170 3631 in
2190 3601 2305 3639 plenam
2324 3600 2360 3631 δε

1302 3642 1455 3682 perfectam
1470 3640 1649 3672 Solutionem
1673 3650 1758 3680 atque
1779 3639 2036 3683 Contentationem
2057 3641 2142 3670 totius
2162 3638 2289 3670 Summae
2308 3647 2362 3706 fro

1300 3682 1415 3723 praefato
1438 3679 1628 3710 Matrimonio
1642 3677 1784 3718 promiffie
1819 3680 1847 3709 in
1862 3678 2008 3717 jocalibus
2023 3677 2306 3717 Margaritarum&a
2318 3677 2360 3706 io-

1302 3731 1365 3751 rum
1380 3719 1523 3756 Lapidum
1538 3718 1733 3749 Preciosorum
1751 3702 1823 3755 jusio
1831 3717 1943 3752 Pretio,
1962 3726 2008 3755 per
2024 3717 2094 3746 illius
2107 3716 2211 3754 Operis
2222 3715 2361 3758 Expertes

1300 3759 1467 3796 Indigenas,
1484 3756 1644 3787 Londoniae
1657 3765 1871 3787 commorantes
1881 3778 1890 3794 ,
1907 3756 1941 3785 ad
1955 3755 2014 3785 hoc
2029 3765 2075 3792 per
2093 3753 2215 3793 Regiam
2225 3752 2361 3791 Majesta-

1301 3808 1360 3830 tem
1368 3795 1482 3833 Angliae
1489 3795 1663 3832 deputandos
1676 3797 1709 3827 &
1721 3793 2085 3834 jurandos,existimandis;
2103 3791 2279 3831 quaeJocalia
2289 3814 2298 3830 ‚
2317 3793 2357 3824 sic

1300 3847 1330 3868 ut
1341 3836 1420 3873 supra
1435 3834 1616 3873 Appreciata,
1634 3834 1782 3872 praedicius
1797 3837 1857 3863 Rex
1874 3831 1988 3870 Angliae
2006 3831 2099 3870 ejusve
2121 3830 2293 3861 Executores
2310 3830 2360 3863 seu

1301 3873 1438 3913 Deputati
1449 3874 1479 3902 in
1496 3872 1609 3903 Partem
1623 3873 1779 3904 Solutionis
1791 3874 1911 3910 accipiet
1920 3894 1930 3910 ,
1947 3881 1999 3910 pro
2020 3871 2068 3900 illo
2091 3868 2186 3899 Pretio
2200 3875 2312 3900 tanturn
2326 3877 2359 3901 ut

1300 3916 1339 3945 illi
1355 3913 1568 3950 Appreciatores
1582 3911 1684 3941 eodem
1699 3920 1833 3950 tempore
1853 3911 1983 3948 accipere
2002 3908 2143 3938 voluerint
2167 3906 2213 3937 vel
2231 3907 2288 3938 aliis
2305 3917 2359 3940 eo-

1299 3953 1366 3984 dem
1380 3959 1511 3987 tempore
1526 3950 1608 3979 vendi
1623 3952 1765 3989 poterint,

1336 3989 1382 4020 Ad
1400 3998 1486 4026 quam
1502 3989 1617 4026 quidem
1636 3988 1817 4018 solutionem
1830 3990 1943 4016 Centum
1965 3983 2075 4014 Milium
2092 3986 2230 4013 Scotorum
2250 3985 2358 4016 Valoris

1295 4028 1447 4064 medaii,
1464 4027 1631 4063 Tempore,
1651 4027 1752 4064 Loco,
1772 4025 1924 4064 Modoque
1943 4023 1976 4054 &
1990 4020 2084 4052 forma
2099 4021 2239 4059 praedietis
2270 4023 2356 4062 saepe-

1298 4074 1459 4098 memorato
1475 4064 1587 4102 Angliae
1600 4067 1665 4101 Regi
1679 4065 1769 4101 ejusve
1783 4063 1988 4105 E·-.·ecutoribus
2005 4059 2049 4090 vel
2066 4059 2216 4098 Deputatis
2239 4045 2357 4091 fideliter

1296 4107 1331 4139 ὅς
1348 4103 1515 4143 integraliter
1529 4125 1538 4139 ,
1556 4112 1605 4141 per
1619 4102 1733 4134 eosdem
1748 4105 1845 4140 Regem
1858 4099 1898 4137 ό-
1910 4105 2036 4138 Reginam
2052 4098 2194 4138 Castellae,
2208 4101 2352 4168 Legiironis,

2289 4145 2354 4176 ¹3⁰³

2353 2155 2364 2171 ²
2378 2147 2495 2187 *xnrg

2380 2188 2430 2228 83.
