2555 4266
770 184 883 229 ET
968 188 1234 230 ACTA

21 274 103 306 Anu.
116 271 159 304 D.
175 285 285 314 tanrur,
302 274 372 306 Nos
388 273 471 311 plane
488 274 541 305 illis
557 274 677 312 plurima
695 283 790 307 tenere
807 285 840 307 ac
857 276 961 307 debere
977 275 1161 315 profitemur,

45 312 135 353 1484.
208 315 288 346 Cum
306 315 392 351 igitur
410 312 531 344 Ditione
551 314 732 345 Celfitudinis
751 315 850 345 vestrae
870 317 1143 353 praenominatorum
1171 312 1236 343 Fra-

171 363 249 386 trum
265 351 339 383 Duo
358 351 555 391 (Guillielmur,
572 353 678 384 scilicet
688 376 699 391 ,
713 354 746 385 δε
764 355 926 391 Germanus)
938 354 1048 391 jamdiu
1065 361 1235 383 commora-

170 394 192 423 ti
212 393 281 429 fint,
300 389 501 421 Mercatorum
519 401 636 423 munere
652 393 818 430 fungenres3
991 429 995 434 ι
1066 429 1071 434 ,

201 430 365 467 Nuperque
381 440 483 460 eorum
501 429 568 460 alter
587 431 657 467 (hoc
674 431 715 460 est
731 429 892 466 Germanus)
913 427 1073 472 Mediolani
1089 428 1165 466 (quae
1176 427 1232 457 Su-

170 469 315 499 blimitatis
333 467 434 498 vestrae
451 468 562 507 insignis
579 469 620 499 est
643 468 765 503 Civitas)
787 468 879 498 Diem
899 466 1024 510 clauserit
1043 474 1204 496 extremum
1220 489 1230 503 ,

167 517 201 538 ac
217 508 248 536 in
264 508 322 544 eJus
339 507 458 538 Locum
476 508 591 538 Tertius
606 507 702 537 Frater
717 506 848 536 Nicotaus
866 505 898 534 sit
916 505 1053 549 injectus,
1167 543 1172 548 1
1203 543 1208 548 .

202 544 387 584 Cupiantque
401 546 438 576 hii
447 569 457 584 ,
473 545 641 575 Guillielmus
651 545 684 574 ὃς
697 543 842 580 Nicolaux,
857 542 1013 587 superstites
1025 542 1150 587 Fratres,
1165 541 1228 573 istic

165 594 396 623 commorantes,
414 584 570 615 Civitatem
583 583 668 613 istam
682 581 839 611 Mediolani
855 591 884 610 in
901 581 1024 612 Patriam
1042 581 1178 625 deligere,
1193 582 1226 612 &

167 622 297 654 nostrum
322 624 374 654 hac
394 625 424 653 in
449 633 478 653 re
504 622 652 653 Auxilium
674 619 778 649 diutius
790 619 1110 657 implorenr,sperantes
1124 620 1226 650 Litens

163 661 265 692 nostris
278 661 527 693 Commendatitiis
539 659 690 696 nostraque
705 657 777 694 apud
801 658 1013 689 Sublimitatetn
1034 658 1160 702 vestram⁵
1177 658 1226 688 In-

163 700 332 731 terceffione
346 724 356 740 ,
371 710 424 738 pro
443 697 649 740 consequendo
660 720 670 733 ‚
688 696 743 726 ulla
764 696 822 741 fine
841 696 1024 728 reservatione
1039 719 1049 735 ,
1074 695 1225 728 Civilitatis

163 738 337 778 Privilegio,
353 739 380 769 se
394 737 547 775 plurimum
559 737 651 780 juvari
663 736 697 765 ὅ(
710 743 820 781 protegi
835 734 935 781 posse,
1019 775 1024 779 Π
1095 774 1100 779 “

199 777 354 815 Cupientes
369 777 437 807 Nos
450 785 549 806 eorum
565 772 754 804 Guilloelm&
765 772 895 803 Nxholat
909 773 1046 806 defiderlo
1053 773 1222 805 satisfadtum

158 818 215 856 iri,
241 814 446 847 Celfitudinem
473 812 597 844 vestram
620 812 775 850 plurimum
798 822 931 850 rogamus
945 835 955 851 ,
983 821 1012 843 ut
1033 812 1149 858 eosdem
1168 822 1219 843 eo-

158 864 282 893 rumque
294 853 428 884 Nuncios
441 853 475 883 ὃς
492 851 529 881 N
530 852 691 889 egotiorum
700 850 836 882 Gestores
848 850 942 882 Causa
957 850 1058 895 nostra.
1066 861 1221 896 commen—

160 894 241 925 datos
254 892 370 929 habeat,
386 899 469 929 atque
484 891 513 920 in
527 889 743 921 Prorec'honem
761 889 903 929 suscipiat,
921 890 972 921 illo
993 889 1116 928 denique
1138 889 1222 921 Οινι-

151 929 241 964 ’limeis
254 939 374 960 munere
387 929 494 968 donet,
1095 968 1100 973 ι

197 967 290 1008 Qod
306 968 326 998 fi
341 967 503 999 Sublimitas
517 966 609 998 vestra
625 966 659 997 &
675 965 808 997 Petitioni
829 967 935 997 nostrae
959 969 993 999 δε
1014 967 1218 1005 Ρῐκάιᾶοτυω

158 1009 289 1039 Fratrum
310 1007 383 1037 votis
402 1015 514 1037 morem
554 1006 661 1044 esserit,
679 1005 707 1035 id
730 1006 863 1042 profecto
884 1006 1017 1036 Beneficii
1030 1006 1066 1036 ad
1080 1016 1140 1037 non
1155 1008 1218 1039 leve

155 1046 295 1078 indicium
310 1044 451 1084 singularis
464 1046 494 1075 in
547 1055 579 1075 os
591 1043 791 1074 Benivolentiae
805 1044 992 1082 ascribemus3

193 1083 328 1121 Superest
349 1093 444 1114 autem
466 1092 513 1122 ut,
532 1084 551 1114 fi
574 1082 644 1121 quid
665 1082 765 1113 Nobis
784 1083 832 1121 fit,
850 1093 911 1120 quo
928 1082 1097 1114 Celfirudini
1119 1084 1219 1115 vestrae

155 1123 303 1192 gii‘ififfi
315 1123 475 1192 V²¹fflm331²1
489 1121 1220 1200 θῗάεἘάῗῗοὶἶῑὲῗὲυῗέῑῗῗὲῑυῗῐῗ-’ἰῖῗςῗῖἶηῗ

234 1172 248 1191 a
272 1171 344 1191 imus
358 1172 378 1191 0
489 1172 527 1192 ne

157 1172 235 1231 ¹bene
248 1200 337 1231 valeat
349 1171 510 1231 Sffiimitas
523 1171 614 1230 vgstra
627 1198 675 1229 diu
688 1198 723 1228 ad
738 1197 824 1229 Vota.
1022 1184 1032 1198 ²
1207 1184 1219 1201 ³

22 355 75 383 Rit.
95 362 122 391 3.

196 1280 242 1312 Ex
254 1262 378 1311 Civitaie
393 1279 483 1319 nostra
503 1280 725 1316 Londoniarum,
743 1278 859 1309 decimo
883 1278 930 1309 die
950 1279 1091 1310 Februarii
1129 1280 1218 1311 Anno

158 1319 282 1350 Domini
300 1342 310 1357 ,
334 1319 490 1351 secundum
510 1319 767 1357 Computationem
789 1317 979 1356 Anglicanam
993 1341 1004 1356 ,
1024 1318 1071 1349 M.
1090 1303 1219 1350 CCCC.

161 1357 345 1390 LXXXHL
779 1393 1116 1426 Rmannust-:x

7 1527 31 1546 Ψ
51 1528 118 1555 XII.

409 1520 432 1542 *
459 1519 518 1553 Ad
539 1523 705 1566 Principem
729 1518 934 1553 Lndwicum.

11 1575 26 1593 2
34 1576 41 1592 1
50 1575 62 1592 2
68 1588 74 1593 .
640 1585 648 1595 ι

201 1604 300 1641 Dors.

152 1692 269 1737 Illustri
283 1694 411 1726 Domino
426 1691 601 1727 Ludovico
620 1691 881 1738 Mariae-Sforciae
898 1693 1093 1729 V1cecomiti
1105 1723 1114 1735 ‚
1140 1698 1217 1732 Du-

199 1743 228 1777 ci
247 1742 334 1776 Barri
345 1767 355 1782 ,
381 1754 416 1775 ac
433 1742 562 1776 Ducalis
579 1743 718 1776 Dominii
733 1745 957 1776 Locunnenenn
973 1745 1130 1788 Generali,
1151 1748 1215 1792 Af-

192 1791 253 1837 fini
269 1789 363 1834 nostro
380 1789 534 1835 carrffi'mo.

8 1880 84 1912 Ann.
98 1879 140 1911 D.
154 1876 340 1934 Rlcardus,
355 1875 414 1906 Dei
428 1875 529 1914 gratia,
546 1879 607 1906 Rex
623 1875 737 1913 Angliae
751 1875 790 1911 &-
806 1879 928 1907 Franciae
938 1901 948 1915 ,
964 1879 998 1909 &
1013 1882 1145 1909 Dominus
1159 1883 1215 1911 Hi-

28 1919 114 1958 1484,
223 1915 338 1952 berniae,
356 1914 458 1945 Illustri
472 1914 607 1945 Domino
621 1915 654 1945 &
672 1914 762 1945 Affini
777 1915 876 1946 nostro
884 1915 1055 1956 Carissimo,
1075 1917 1212 1951 Domino

4 1963 56 1987 An,
80 1969 102 1987 ι,
152 1954 293 1984 Ludovico
306 1951 532 1993 Mariae-Sfhrciae
552 1956 717 1992 Vicecomiti,
740 1957 811 1984 Duci
835 1957 936 1992 Barri,
954 1965 987 1986 ac
1008 1955 1127 1987 Ducalis
1148 1957 1214 1990 Do-

5 1997 34 2026 R,
55 2007 81 2030 3-
152 1992 236 2022 minii
253 1993 479 2023 Locumtenenti
493 1992 646 2031 Generali,
665 1992 807 2030 Salutem,
822 1994 856 2024 ὃς
870 1993 904 2024 ad
918 1993 992 2025 Vota
1006 1994 1163 2027 Successus.

5 2035 75 2072 Insm
190 2030 307 2071 Illuflris
319 2034 435 2062 Domine
450 2030 489 2066 ώ-
504 2029 610 2069 Affinis
625 2030 711 2069 noster
724 2031 850 2071 cariffi'me
857 2055 868 2071 ,

4 2074 70 2102 Bibl-

4 2113 131 2140 Harlaean.

5 2151 82 2187 39‚b.
95 2152 135 2179 18.
149 2146 249 2177 Nobis
269 2147 343 2178 bene
368 2148 461 2178 meriti
485 2145 595 2186 effent,
625 2145 801 2178 Commodis
821 2157 906 2186 atque
928 2147 1101 2181 Honoribus
1118 2153 1214 2190 prose-

0 2189 119 2227 fol.250.
148 2186 218 2224 qui,
762 2224 768 2230 .
1027 2227 1033 2232 .

187 2223 280 2263 Qod
301 2224 418 2263 quidem
445 2232 525 2255 vetus
547 2223 677 2255 nostrum
699 2223 862 2255 Instltutum
878 2248 889 2263 ,
923 2226 994 2256 cum
1014 2226 1159 2259 liberrime
1182 2230 1211 2259 in

147 2261 284 2293 Subditos
303 2263 430 2300 nostros,
453 2262 553 2293 Nobis
576 2263 694 2294 fideliter
719 2263 932 2302 obsequentes,
948 2265 1057 2304 semper
1081 2267 1212 2298 observa—

147 2302 292 2340 verimus,
307 2311 369 2332 non
383 2302 480 2332 minus
489 2311 585 2332 tamen
608 2303 638 2333 in
661 2301 779 2333 Exteros
801 2302 1039 2342 peregrinosque,
1059 2304 1094 2335 de
1110 2305 1210 2337 Nobis

143 2339 223 2370 bene
235 2341 368 2379 meritos,
387 2339 574 2370 ostendimus:

186 2378 302 2418 Quare,
319 2379 390 2409 cum
405 2378 580 2417 Gallielmus,
598 2378 812 2420 Germanuffiue,
828 2389 862 2409 ac
881 2379 1029 2410 Nicholaus
1051 2381 1160 2414 Fratres
1178 2383 1211 2413 de

147 2419 275 2456 Ariotis,
293 2416 381 2448 Cives
396 2417 486 2448 nostri
505 2417 735 2455 Londonienses,
754 2427 808 2448 nec
822 2419 935 2448 minore
952 2419 1020 2450 cura
1039 2430 1141 2453 eorum
1157 2421 1210 2452 Pa-

145 2463 189 2485 ter
204 2455 252 2494 (ex
268 2455 368 2486 nostris
382 2455 507 2495 ejusdem
525 2455 655 2487 Civitatis
675 2456 859 2488 Aldermanus
873 2457 954 2494 unus)
972 2458 1071 2489 Nobis
1088 2459 1209 2499 Regno-

147 2503 205 2531 que
214 2494 313 2525 nostro
331 2495 451 2531 plurima
465 2494 609 2532 Obsequia
623 2495 810 2532 contulerint,
829 2505 862 2525 ac
885 2496 974 2525 indies
993 2497 1092 2528 acriori
1114 2499 1209 2530 studio

145 2532 182 2563 de
198 2532 298 2563 Nobis
310 2533 388 2571 plura
403 2534 508 2563 mereri
527 2533 673 2571 studeant,
687 2544 747 2564 non
768 2533 918 2571 possumus
937 2533 1029 2578 facere
1051 2538 1118 2573 quin
1141 2548 1208 2576 εοε,

147 2580 201 2607 pro
218 2570 270 2602 suis
285 2572 318 2602 &
333 2572 474 2602 veteribus
489 2573 523 2603 &
538 2573 699 2602 recentibus
719 2573 750 2602 in
773 2582 825 2602 nos
847 2572 979 2612 Meritis,
997 2584 1033 2604 eo
1051 2585 1110 2614 quo
1125 2576 1208 2608 decet

146 2607 245 2639 favore
259 2618 383 2641 tutemur
400 2610 434 2640 Sc
447 2611 604 2641 foveamus.

185 2646 265 2678 Cum
286 2649 368 2686 igitur
390 2648 443 2680 ista
463 2649 494 2678 in
521 2648 645 2680 Ditione
672 2647 847 2679 Illustriffimi
871 2652 955 2679 Ducis
973 2650 1100 2691 Nepotis
1118 2652 1206 2683 nostri

138 2685 246 2723 jamdiu
263 2685 448 2717 habitaverint
464 2687 536 2718 Duo
554 2689 830 2725 praenominatorum
849 2687 978 2719 Fratrum
1001 2689 1182 2727 (Gullielmus
1197 2716 1206 2731 ‚

144 2724 253 2755 scilicet
265 2747 275 2763 ,
299 2726 333 2756 &
346 2728 507 2764 Germanus)
525 2734 608 2764 atque
623 2726 773 2765 Negotiati
787 2726 841 2756 sint
856 2750 866 2764 ‚
883 2737 1031 2766 nuperque
1048 2739 1148 2760 eorum
1166 2730 1206 2761 al-

142 2772 186 2793 ter
207 2763 276 2800 (hoc
293 2762 335 2794 est
353 2763 527 2801 Germanus)
548 2764 707 2795 Mediolani
724 2765 907 2796 Sublimitatis
922 2766 1024 2797 vestrae
1048 2767 1136 2798 Urbe
1161 2769 1207 2798 in-

144 2799 218 2837 signi
235 2800 326 2832 Diem
343 2802 438 2834 claufit
454 2812 612 2834 eXtremutn
627 2827 637 2841 ,
663 2813 696 2834 ac
715 2803 744 2833 in
763 2804 819 2841 ejus
838 2803 955 2835 Locum
973 2805 1089 2837 Tertius
1107 2806 1204 2838 Frater

142 2838 293 2869 Nicholaus
308 2840 451 2880 succeffir,
466 2842 640 2880 cupiantque
653 2842 891 2879 inpraesentiarum
910 2843 949 2873 hii
985 2844 1155 2875 Guillielmur
1168 2847 1202 2877 &

141 2877 308 2916 Nicholaus,
323 2878 429 2910 Fratres
441 2879 609 2919 superstites,
624 2879 686 2910 istic
701 2890 933 2919 commorantes,
950 2865 1105 2914 Civitatem
1121 2885 1202 2914 istam

141 2915 304 2947 Mediolani
326 2918 376 2948 fibi
398 2919 426 2948 in
445 2917 568 2948 Patriam
590 2918 715 2955 deligere
729 2941 739 2956 ‚
759 2919 932 2950 nunciarunt
950 2919 1049 2951 Nobis
1066 2924 1201 2960 proxime

137 2954 392 2987 Commendatitiis
406 2956 508 2987 Literis
521 2956 623 2987 nostris
638 2956 792 2994 nostraque
804 2957 879 2995 apud
901 2957 1113 2990 Illustriffimam
1134 2961 1202 2993 Do·

138 2994 324 3025 minationem
338 2994 459 3026 vestram
474 2994 691 3033 Interceffione,
706 3005 760 3033 pro
774 2995 977 3033 consequendo
987 3020 996 3035 ,
1015 2998 1071 3028 ulla
1084 2999 1140 3030 fine
1157 3010 1201 3031 re-

139 3031 313 3072 servatione,
332 3033 483 3064 Civilitatis
507 3034 660 3072 Privilegio
699 3035 725 3064 se
745 3033 903 3073 plurimum
925 3036 1015 3073 juvari
1036 3038 1070 3068 &
1090 3040 1201 3078 protegi

139 3069 238 3108 posse,
252 3071 336 3110 idque
347 3082 363 3102 a
375 3072 477 3103 Nobis
490 3074 572 3103 enixe
585 3056 762 3110 postuf'arunt
771 3095 782 3110 ,

176 3108 340 3149 roirca,
359 3112 431 3142 cum
445 3111 650 3151 praedic‘iorum
667 3110 805 3140 Gullielmi
818 3111 852 3141 δε
865 3111 995 3142 Nicholai
1010 3113 1147 3145 defiderio
1162 3116 1200 3146 sa-

139 3146 282 3178 dsuetum
301 3150 332 3178 iri
347 3151 494 3188 cupiamus
508 3174 517 3189 ,
536 3150 658 3180 vestram
678 3148 916 3181 Dominationem
936 3151 1082 3183 hortamur
1100 3154 1134 3184 δε
1151 3165 1199 3185 ro-

139 3192 239 3223 gamus
265 3195 294 3218 ut
320 3187 370 3218 illis
392 3188 508 3219 Aditum
529 3188 562 3218 ad
589 3188 631 3219 sui
658 3187 868 3227 Cognitionem
887 3189 920 3220 δε
940 3190 1080 3221 Amorem
1100 3192 1197 3224 nostri

139 3224 220 3255 causa
237 3227 391 3263 patefacere
408 3227 492 3265 velit,
509 3236 591 3267 atque
608 3236 657 3258 eos
675 3227 708 3257 &
728 3227 831 3266 singula
848 3236 948 3257 eorum
967 3228 1095 3269 Negotia
1110 3233 1196 3270 quam

139 3264 410 3295 commendatiffima
425 3266 544 3304 habere,
561 3276 626 3297 tum
643 3265 765 3297 demum
782 3267 811 3297 in
831 3266 930 3296 Fidem
948 3267 1023 3298 suam
1043 3270 1075 3299 ὃς
1095 3269 1196 3301 Prote-

139 3298 268 3331 &ionem
293 3303 329 3333 ita
353 3304 482 3342 accipere
495 3326 504 3341 ,
530 3313 561 3335 ut
578 3303 847 3334 Commendationis
865 3304 971 3335 nostrae
986 3307 1098 3344 pondus
1117 3308 1197 3340 facile

139 3338 176 3367 ab
191 3337 234 3368 his
250 3341 367 3380 perspici
386 3344 419 3373 δε
437 3352 452 3372 a
471 3342 569 3372 Nobis
587 3343 683 3380 quanti
700 3343 801 3380 fuerit,
817 3343 902 3382 poffit
918 3343 1066 3384 declarari,

180 3374 212 3406 Id
226 3379 301 3408 enim
317 3380 399 3417 plane
414 3380 568 3419 intelligent
586 3381 605 3411 fi
621 3382 657 3411 ab
673 3382 705 3411 iis
721 3404 731 3419 ,
749 3383 799 3419 qui
816 3391 916 3412 eorum
937 3381 1036 3414 Causae
1054 3384 1197 3416 adversan-

139 3422 184 3444 tur
236 3415 406 3449 Dominatio
429 3419 519 3450 vestra
541 3429 590 3449 eos
612 3419 812 3457 defensaverit,
838 3430 976 3452 eorumve
999 3423 1196 3460 Negotiorum

140 3437 277 3484 Gestores
301 3456 335 3486 &
359 3456 512 3495 Nuncios,
529 3459 648 3496 votique
664 3457 701 3488 sui
717 3458 878 3496 Compotes
894 3459 974 3490 fecit:

176 3491 252 3522 Non
270 3495 370 3530 parum
385 3497 479 3535 enim,
495 3496 574 3527 sicuti
592 3498 770 3534 accepimus,
787 3497 820 3528 ad
839 3497 951 3536 publica
969 3497 1126 3537 Vefflgalia
1147 3511 1195 3532 au-

136 3530 407 3573 gendahujusmodi
427 3544 468 3564 res
486 3535 639 3574 conducir3
657 3536 772 3566 interest
785 3538 869 3567 etiam
884 3536 1014 3568 Honoris
1028 3539 1195 3577 Principum

137 3570 176 3637 rfie
196 3578 257 3612 quis
274 3570 454 3607 prohibeatur
473 3573 598 3605 Civitate
617 3577 666 3612 qui
684 3575 791 3613 aliquot
809 3575 909 3607 Annos
927 3575 1088 3608 Incolatum
1114 3579 1144 3608 in
1163 3588 1194 3609 ea

151 3615 237 3637 ecent

175 3629 318 3683 Equidem
344 3645 365 3676 fi
388 3657 405 3677 a
421 3646 518 3677 Nobis
534 3648 563 3679 id
578 3649 744 3687 sperandum
763 3649 804 3681 est
818 3660 867 3686 ut,
886 3652 965 3689 quod
981 3653 1147 3686 vestratibus
1165 3665 1194 3685 a—

133 3683 269 3722 liquando
293 3684 360 3715 Nos
377 3685 544 3724 tribuimus,
571 3688 600 3717 id
619 3689 717 3725 pariter
734 3687 952 3719 Illustriffimum
967 3694 1070 3722 Ducem
1088 3693 1194 3731 Nepo-

135 3730 196 3753 tem
211 3721 338 3753 nostrum
357 3722 543 3754 Noſtratibus
558 3725 616 3756 effe
632 3727 805 3757 tributurum
818 3750 828 3762 .,
853 3727 893 3756 nil
911 3728 973 3758 sane
989 3730 1030 3760 est
1045 3732 1125 3770 quod
1143 3742 1193 3762 ve-

132 3769 245 3792 reamur
262 3760 320 3791 Eos
336 3761 369 3790 de
384 3764 494 3791 Arietis
508 3771 524 3791 a
544 3762 750 3795 Dominatione
764 3763 870 3802 vestra,
887 3774 940 3802 pro
957 3768 1017 3805 ejus
1032 3769 1124 3801 innata
1140 3771 1193 3800 bo—

133 3800 218 3830 nitate
234 3822 244 3838 ‚
267 3800 383 3838 contegi
401 3801 434 3830 &
451 3799 544 3829 foveri
560 3812 570 3837 ;
598 3801 690 3839 Qod
709 3812 739 3833 ut
756 3803 842 3832 facias
860 3803 893 3832 &
912 3807 1034 3840 petimus
1051 3809 1085 3838 δε
1105 3805 1197 3848 ριῃηξ

133 3837 217 3879 mum
232 3847 386 3906 ¹rogamus,
404 3838 438 3868 ad
456 3847 517 3868 non
535 3838 597 3868 leve
614 3839 750 3870 indicium
766 3840 905 3879 singularis
922 3841 1126 3877 Benivolentiae
1143 3870 1153 3884 ,
1170 3847 1191 3877 fi

134 3881 182 3904 net
215 3879 281 3907 acri
303 3877 366 3907 turi.

172 3887 327 3953 lieuquffm
350 3914 390 3945 est
416 3923 446 3945 ut
460 3937 469 3951 ,
498 3913 517 3944 fi
536 3913 602 3951 quid
620 3914 677 3945 hoc
696 3916 724 3944 in
741 3915 840 3946 nostro
858 3916 963 3956 Regno
981 3919 1037 3950 esse
1054 3922 1189 3960 intelliga-

133 3951 188 3988 tis,
206 3961 265 3989 quo
280 3954 362 3984 vobis
395 3953 518 3984 ratificari
531 3954 688 3992 valeamus,
706 3955 789 3983 nobis
805 3954 984 3994 fignificen‘s,
1003 3961 1141 3995 quoniam
1160 3962 1188 3992 id

131 3989 313 4021 libentissime
340 3992 367 4021 fa
399 4002 463 4023 uros
488 3991 682 4031 pollicemur,
709 3991 743 4022 &
775 3992 865 4023 valeat
897 3993 1068 4027 Dominatio
1097 3999 1189 4030 vestra

131 4027 220 4067 quarn
237 4027 402 4061 feliciffime.

188 2107 292 2139 Nichil
306 2107 407 2139 Nobis
424 2108 562 2152 antiquius
576 2117 704 2146 unquam
718 2107 785 2152 fuit'
797 2109 883 2147 quam
903 2119 952 2139 eos
969 2119 1087 2150 omnes,
1105 2114 1154 2151 qui
1177 2112 1213 2144 de

71 4089 77 4095 ⁸
113 4134 118 4139 ,
160 4102 211 4135 -Ex
227 4107 349 4135 Cic-itate
365 4105 454 4145 nost-ra
473 4106 676 4137 Londonarium
691 4128 699 4144 ,
725 4105 841 4138 decimo
857 4106 916 4138 Die
935 4108 1072 4140 Februarii
1089 4136 1097 4148 ,
1126 4112 1189 4143 An-

1308 185 1796 236 PUBLICA.
2254 216 2330 256 141

1273 284 1313 304 no
1333 275 1476 319 Domini,
1495 278 1648 321 secundum
1667 280 1925 319 Computationem
1940 283 2330 328 Anglicanam,Millefimo,
2348 285 2476 319 Ami-D·

1274 313 1579 357 Qadrmgentelimo,
1599 318 1789 359 OCtogesimo
1805 323 1898 352 tertio.
2368 327 2462 370 ⁴1484..

1883 397 2223 435 thARDusRex.
2344 368 2394 393 Rsc.
2417 385 2441 400 δ’

1694 474 1698 475 ⁷
1720 472 1737 479 ο

1591 514 1619 540 'ff‘
1643 520 1703 550 Pro
1727 521 1840 552 comite
1862 523 2007 569 Donglm.

1263 596 1379 653 REX
1400 598 1563 638 Omnibus,
1582 599 1617 630 ad
1632 610 1721 640 quos,
1739 604 1800 634 &c.
1819 604 1950 636 Salutem.
2342 597 2420 628 Am‘·
2431 600 2472 631 D·

1355 636 1454 668 Sciatis
1470 638 1550 678 quod
1568 639 1654 677 Nos,
2369 638 2453 676 1484-

1283 672 1410 714 ·Bonum
1423 679 1574 716 gratuitum
1589 679 1623 709 ὃς
1638 679 1812 715 acceptabile
1827 679 1978 713 Servitium
1988 707 1997 721 ,
2015 694 2064 722 per
2078 685 2226 720 Dilec'tum
2251 690 2323 721 No-
2337 679 2391 702 ²¹⁷³*
2412 686 2437 704 ¹·

1259 707 1302 740 bls
1323 712 1460 751 Jacobum
1480 719 1610 745 Comitem
1632 716 1666 746 de
1689 716 1825 754 Douglas,
1845 719 1878 748 ad
1902 720 1963 751 sios
1985 723 2109 754 Labores
2136 726 2168 756 &
2184 727 2324 767 Expensas
2339 717 2367 740 R‘
2393 722 2420 750 3'

1260 756 1320 780 non
1345 753 1488 791 modicas,
1502 755 1603 792 absque
1618 754 1751 794 Regardo
1765 760 1953 795 competenti,
1971 759 2069 792 Nobis
2087 772 2151 794 ante
2168 765 2229 796 haec
2249 776 2324 798 tern-
2339 755 2358 778 1¹
2359 760 2397 779 ³¹·
2419 762 2443 780 ¹·

1258 795 1327 823 pora
1347 792 1539 829 multipliciter
1552 794 1694 832 impensa,
1711 795 1813 825 intime
1827 796 2082 837 confiderantes,&
2098 810 2129 832 ut
2140 802 2196 839 ipse
2212 804 2321 837 Statum
2337 793 2367 816 R.
2395 800 2420 826 3·
2446 799 2473 828 Ρ·

1255 826 1336 859 suum
1356 829 1502 862 decentius
1513 841 1694 863 manutenere
1708 833 1815 871 valeat,
2338 837 2366 863 5·
2376 837 2412 857 '⁷¹-
2427 839 2455 863 9-

1297 865 1346 897 De
1365 868 1464 899 Gratia
1478 869 1572 900 nostra
1590 871 1699 908 speciali
1716 871 1936 912 Conceffimus,
1954 873 1987 904 δε
2005 885 2055 913 per
2069 875 2221 909 praesentes
2241 880 2323 913 Con-
2339 875 2368 894 '¹'
2386 875 2403 902 5
2405 878 2431 902 4-

1259 903 1387 936 cedimus
1407 908 1490 938 eidem
1513 912 1608 938 Comiti
1631 913 1770 940 Ducentur
1798 911 1920 951 Libras,
1939 911 2094 944 Habendas
2115 917 2149 946 &
2162 916 2324 957 Percipien-

1257 942 1306 973 das
1324 948 1471 977 annuatim
1491 957 1506 977 a
1530 948 1616 978 Festo
1639 949 1735 979 Sansti
1758 948 1907 981 Michaelis
1929 951 2097 991 Archangeli
2125 956 2226 987 ultimo
2249 968 2322 995 prae-

1256 990 1340 1049 literito
1357 994 1410 1024 pro
1433 985 1578 1017 Termino
1594 985 1671 1018 Vitae
1685 988 1760 1026 ffiae,
1784 989 1876 1019 modo
1899 989 1934 1020 ὅ(
1955 990 2051 1022 forma
2072 993 2220 1033 sequenti,
2245 997 2320 1028 vide·

1277 1030 1339 1057 cer,

1296 1059 1507 1102 Qinqaaginta
1529 1065 1608 1093 Duas
1629 1064 1732 1094 Libras
1754 1065 1820 1096 inde
1843 1068 1988 1097 annuatim
2004 1068 2038 1098 de
2060 1069 2157 1101 Firma
2171 1071 2255 1102 Villae
2268 1082 2322 1103 no-

1258 1095 1323 1140 strae
1340 1098 1484 1143 Bristolliae
1495 1111 1563 1132 cum
1579 1103 1726 1133 Suburbiis
1741 1104 1773 1134 δε
1788 1104 1840 1134 suis
1854 1104 2042 1145 pertinentiis,
2057 1118 2108 1146 per
2123 1109 2230 1140 Manus
2253 1110 2321 1143 Ma-

1253 1144 1322 1173 Jons
1344 1137 1425 1167 Villae
1445 1141 1587 1175 praediffle
1606 1152 1639 1172 ac
1661 1141 1854 1173 Comunitatis
1877 1144 1999 1181 ejusdem
2017 1146 2100 1176 Villae
2115 1148 2148 1177 &
2169 1148 2319 1181 Successo-

1258 1182 1325 1204 rum
1347 1176 1476 1221 suorum,
1493 1188 1527 1208 ac
1548 1179 1730 1219 Burgenfium
1747 1203 1756 1218 ,
1775 1181 1932 1212 Haeredum
1946 1206 1956 1221 ,
1975 1184 2009 1214 δε
2031 1184 2232 1217 Succefforum
2255 1188 2319 1219 suo-

1258 1220 1341 1249 rum,
1356 1224 1402 1244 aut
1415 1225 1464 1252 per
1488 1216 1593 1248 Manus
1614 1219 1832 1250 Vicecomirum
1851 1221 1934 1251 Villae
1953 1221 2113 1259 praediCiae,
2134 1226 2178 1254 vel
2199 1226 2320 1258 aliorum

1258 1249 1456 1296 Receptorum
1478 1255 1584 1285 ibidem
1608 1267 1660 1294 pro
1679 1268 1807 1295 tempore
1827 1259 2024 1299 existentium,
2042 1262 2076 1292 ad
2098 1262 2179 1294 Festa
2203 1264 2319 1297 Paschae

1259 1289 1293 1320 δε
1308 1289 1403 1320 Sama
1416 1292 1566 1324 Michaelis
1580 1305 1626 1332 per
1641 1297 1761 1334 (equales
1777 1297 1941 1336 Portiones,
2166 1335 2170 1337 ,

1297 1331 1404 1371 Viginti
1418 1330 1519 1361 Libras
1534 1333 1601 1363 inde
1616 1336 1760 1365 annuatim
1775 1335 1811 1366 de
1825 1336 1914 1367 Feodi
1930 1337 2026 1367 Firma
2049 1337 2133 1369 Villae
2155 1339 2210 1371 suae
2235 1341 2319 1373 Civi-

1258 1374 1320 1410 tatis
1334 1368 1364 1397 N
1371 1370 1469 1399 orwici
1487 1380 1536 1410 per
1552 1371 1658 1402 Manus
1674 1373 1906 1414 vicecomitum,
1925 1375 2057 1414 Civium,
2074 1377 2319 1419 Ballivorum,vel

1258 1405 1388 1450 altorum-
1401 1406 1601 1446 Receptorum
1624 1411 1788 1442 earumdem
1809 1412 1890 1443 Villae
1912 1414 1966 1445 five
1980 1414 2108 1447 Civitatis
2121 1427 2172 1455 pro
2186 1427 2318 1457 ternpore

1260 1444 1458 1483 existentium,
1477 1448 1510 1477 ad
1526 1449 1624 1479 eadem
1640 1450 1721 1480 Festa
1735 1460 1784 1487 per
1799 1452 1918 1489 aequales
1932 1452 2098 1492 Portiones,

1299 1482 1498 1522 Quadraginta
1512 1486 1613 1517 Libras
1631 1489 1696 1518 inde
1709 1491 1853 1519 annuatim
1868 1490 1903 1520 de
1916 1490 2054 1522 Custodia
2068 1493 2200 1525 Abbatiae
2221 1495 2318 1527 sancii

1261 1520 1426 1560 Edmuudi,
1442 1525 1506 1553 alias
1522 1526 1618 1555 Sanffi
1634 1526 1777 1557 Edmundi
1791 1528 1825 1557 de
1839 1528 1930 1566 Bury,
1948 1539 2063 1561 necnon
2075 1534 2208 1563 omnium
2223 1534 2318 1565 Tem-

1260 1560 1399 1597 poralium
1415 1562 1540 1599 ejusdem
1555 1573 1604 1602 per
1619 1564 1725 1595 iwanus
1742 1566 1875 1604 Abisaris,
1894 1567 2013 1605 Prioris,
2029 1569 2063 1599 &
2079 1570 2252 1602 Conventus
2261 1574 2317 1604 ibi-

1260 1597 1327 1628 dem
1342 1608 1389 1630 aut
1401 1601 1520 1631 aliorum
1533 1601 1730 1640 Receptorum
1744 1604 1851 1633 ibidem
1866 1614 1919 1642 pro
1937 1614 2066 1644 tempore
2079 1608 2318 1650 existentium,ad

1258 1637 1355 1667 eadem
1370 1638 1451 1669 Festa
1465 1649 1514 1677 pet
1526 1642 1646 1678 aequales
1661 1642 1824 1680 Portiones,

1294 1679 1420 1714 Triginta
1433 1682 1546 1718 quinque
1559 1680 1662 1709 Libras
1674 1681 1740 1710 inde
1754 1682 1897 1711 annuatim
1912 1681 1948 1711 de
1965 1682 2059 1713 Firma
2073 1683 2155 1714 Villae
2176 1685 2318 1726 Oxoniae,

1256 1723 1306 1751 per
1331 1715 1437 1746 Manus
1460 1716 1663 1757 Burgenfium,
1683 1719 1875 1757 Ballivorum,
1891 1719 2087 1758 Receptorum
2103 1747 2112 1760 ‚
2131 1724 2176 1754 vel
2197 1725 2317 1757 aliorum

1257 1751 1477 1792 Occupatorum
1494 1756 1615 1794 ejusdem
1631 1757 1711 1787 Villae
1726 1768 1779 1795 pro
1794 1768 1924 1796 tempore
1941 1759 2141 1800 existentium,
2160 1763 2195 1793 ad
2217 1764 2315 1795 eadem

1254 1790 1336 1822 Festa
1349 1803 1400 1830 per
1411 1793 1530 1831 aequales
1544 1795 1709 1835 Portiones,

1291 1833 1417 1868 Triginta
1431 1833 1533 1862 Libras
1547 1834 1614 1863 inde
1629 1836 1771 1865 annuatim
1795 1835 1830 1865 de
1852 1834 1947 1865 Firma
1963 1836 2047 1867 Villae
2073 1837 2208 1878 Derbiae‚
2228 1842 2263 1873 δε
2277 1843 2314 1873 de

1253 1868 1415 1900 cremento
1430 1871 1486 1902 five
1499 1871 1683 1903 Incremento
1699 1874 1820 1911 ejusdem
1839 1873 1939 1912 Villae,
1957 1884 2007 1912 per
2021 1875 2126 1907 Manus
2147 1878 2314 1912 Hominum

1254 1907 1311 1938 five
1327 1908 1500 1941 Ballivorum
1517 1911 1563 1941 vel
1572 1912 1692 1942 aliorum
1708 1912 1909 1951 Receptorum
1924 1913 2033 1944 ibidem
2051 1925 2104 1952 pro
2119 1924 2250 1955 tempore
2265 1928 2313 1950 ex-

1253 1946 1397 1977 istentium
1407 1970 1417 1985 ,
1433 1949 1467 1980 ad
1481 1949 1582 1980 eadem
1597 1949 1677 1981 Festa
1693 1961 1742 1989 per
1756 1951 1877 1989 aequales
1892 1951 2062 1991 Portiones,

1292 1985 1331 2016 Et
1346 1989 1451 2024 Viginti
1468 1987 1572 2017 Libras
1585 1989 1652 2020 inde
1671 1989 1787 2020 residuas
1801 1990 1947 2020 annuatim
1962 1991 1997 2021 de
2013 1991 2169 2025 Vaoetione
2181 1994 2315 2027 Abbatiae

1253 2023 1290 2055 de
1303 2024 1410 2056 saneto
1426 2026 1540 2057 Albano
1555 2028 1588 2057 &
1601 2029 1737 2058 omnium
1757 2029 1977 2065 Temporalium
1994 2031 2116 2067 ejusdem
2139 2043 2187 2070 per
2208 2033 2314 2066 Manus

1253 2062 1386 2102 Abbatis,
1405 2063 1528 2104 Prioris,
1546 2067 1581 2097 ὃς
1595 2065 1767 2097 Conventus
1787 2067 1896 2097 ibidem
1917 2077 1964 2099 aut
1979 2069 2097 2100 aliorum
2112 2069 2313 2109 Receptorum

1251 2101 1359 2132 ibidem
1373 2112 1427 2141 pro
1440 2111 1570 2142 tempore
1583 2104 1820 2143 existentium,ad
1833 2105 1935 2136 eadem
1950 2106 2030 2137 Festa
2040 2117 2090 2146 per
2105 2111 2225 2147 aequales
2241 2110 2313 2142 Por-

1251 2142 1358 2210 Ξοηῗ,
1377 2142 1479 2182 absque
1498 2143 1592 2182 aliquo
1614 2143 1767 2183 Compoto
1787 2144 1835 2174 seu
1854 2144 1950 2183 aliquo
1973 2146 2029 2176 alio
2051 2147 2120 2178 inde
2134 2148 2234 2179 Nobis
2251 2150 2316 2181 red-

1273 2189 1309 2210 en
1330 2190 1350 2210 o

1289 2203 1492 2251 Con'ceffimus
1507 2221 1590 2251 etiam
1603 2221 1687 2251 eidem
1704 2224 1818 2259 comiti,
1835 2221 1917 2260 quod
1931 2222 1952 2252 fi
1967 2223 2114 2260 praesentes
2130 2224 2235 2256 Literae
2255 2237 2310 2258 no-

1250 2256 1314 2287 strae
1327 2258 1420 2296 quoad
1437 2258 1580 2290 Praemifla
1595 2260 1640 2291 seu
1653 2260 1766 2300 aliquod
1775 2260 1989 2291 Praemifforum
2001 2262 2086 2291 eidem
2098 2266 2196 2293 Comzti
2213 2267 2311 2304 impo-

1249 2295 1355 2326 sterum
1368 2297 1497 2328 invalidae
1512 2298 1626 2329 existere
1643 2302 1856 2338 contingerent,
1877 2299 1956 2338 quod
1970 2309 2039 2331 tunc
2055 2299 2245 2333 Canceilarius
2254 2316 2308 2335 no-

1249 2334 1306 2364 ster
1320 2334 1431 2374 Angliae
1446 2347 1500 2375 pro
1512 2346 1644 2374 tempore
1658 2338 1773 2368 existens
1787 2337 1824 2368 de
1838 2348 1971 2376 ternpore
1988 2341 2015 2368 in
2032 2349 2143 2377 tempus
2157 2340 2217 2372 fieri
2227 2343 2310 2375 saciat

1250 2373 1285 2404 &
1298 2373 1443 2405 deliberari
1455 2383 1498 2406 tot
1516 2376 1550 2406 &
1561 2376 1626 2406 tales
1641 2377 1746 2407 Literas
1764 2376 1893 2408 Parentes
1907 2378 1940 2408 &
1957 2377 2055 2408 Brevia
2073 2387 2144 2415 quot
2157 2380 2191 2410 &
2213 2382 2309 2419 quales

1247 2411 1332 2442 eidem
1354 2416 1452 2443 Comiti
1472 2415 1502 2444 in
1523 2415 1575 2444 hac
1596 2424 1673 2452 parte
1693 2414 1842 2445 necessaria
1865 2415 1967 2445 fuerint
1981 2417 2014 2446 &
2027 2425 2186 2455 oportuna,
2205 2420 2309 2457 absque

1247 2451 1337 2488 aliqua
1352 2451 1554 2483 Prosecutione
1565 2462 1650 2492 penes
1664 2453 1732 2484 Nos
1745 2455 1775 2483 in
1789 2454 1842 2483 hac
1856 2463 1933 2491 parte
1947 2454 2090 2492 faciend23
2108 2454 2154 2486 Eo
2164 2458 2241 2495 quod
2257 2468 2308 2488 ex-

1246 2489 1335 2527 prefla
1345 2491 1459 2521 mentio
1474 2490 1509 2520 de
1520 2492 1578 2521 aliis
1593 2492 1686 2522 Donis
1698 2493 1754 2522 five
1768 2490 2025 2530 Conceffionibus,
2043 2503 2091 2532 per
2106 2494 2176 2524 Nos
2187 2505 2234 2526 aut
2258 2506 2307 2534 per

1246 2528 1421 2558 Edwardum
1436 2537 1518 2565 nuper
1531 2534 1628 2568 Regem
1641 2529 1753 2568 Angliae
1769 2531 1912 2570 Qartum
1929 2531 2054 2561 Fratrem
2082 2532 2210 2562 nostrum
2233 2545 2306 2572 prae-

1246 2566 1305 2597 fato
1320 2571 1418 2597 Comiti
1432 2577 1495 2598 ante
1508 2569 1570 2599 haec
1584 2579 1713 2607 tempora
1729 2568 1827 2606 factis,
1847 2570 1875 2598 in
1892 2568 2078 2600 Praesentibus
2093 2572 2213 2602 minime
2234 2574 2306 2605 sac'ia

1247 2605 1352 2642 existit,
1368 2616 1414 2637 aut
1435 2606 1530 2645 aliquo
1555 2607 1683 2646 Statuto,
1705 2607 1799 2642 Aeta,
1817 2606 2005 2639 Ordinatione
2019 2632 2029 2644 ,
2046 2608 2228 2649 Provilione,
2244 2611 2306 2641 Re-

1245 2643 1409 2682 strictione,
1424 2646 1452 2674 in
1468 2647 1640 2677 contrarium
1655 2645 1723 2676 inde
1745 2645 1840 2684 faetis,
1856 2646 1952 2685 editis,
1967 2646 2120 2686 ordinatis,
2136 2648 2193 2679 five
2207 2652 2306 2688 provi-

1246 2682 1296 2720 fis,
1315 2693 1373 2713 non
1390 2684 1572 2714 obstantibus.

1282 2721 1316 2751 In
1332 2723 1424 2760 cujus,
1442 2724 1504 2752 ὅτε.

1282 2759 1371 2790 Teste
1385 2760 1469 2800 Rege
1484 2761 1559 2799 apud
1574 2759 1852 2802 Wstmonasterium,

1742 2849 1795 2876 Per
1809 2849 1901 2876 Breve
1913 2846 1946 2876 de
1962 2848 2082 2876 Privato
2097 2847 2197 2885 Sigill0.

1643 2986 1693 3018 De
1710 2982 1893 3027 Conceffione.

1242 3075 1361 3133 REX
1379 3078 1530 3115 omnibus,
1547 3076 1580 3107 ad
1599 3086 1688 3115 quOS,
1703 3069 1764 3107 ὅτε.
1782 3075 1918 3108 Salutem.
2312 3070 2388 3102 Ann.
2404 3073 2448 3105 D.

1337 3116 1435 3147 Sciatis
1453 3117 1534 3155 quem
1553 3115 1637 3153 Nos,
2339 3112 2430 3150 1484·

1277 3152 1511 3185 C<>nfideratione
1523 3155 1582 3184 tam
1600 3155 1730 3192 gravium
1750 3153 1939 3191 paupertatis,
1958 3153 2082 3193 Ruin'e,
2100 3156 2133 3187 δε
2152 3155 2297 3195 Decassis,
2312 3154 2366 3178 ²¹¹¹·
2386 3161 2409 3180 ¹·

1238 3190 1268 3221 in
1288 3193 1390 3230 quibus
1412 3192 1484 3223 Villa
1505 3192 1601 3223 nostra
1622 3192 1658 3222 de
1684 3191 1855 3231 Kyngeston
1876 3192 1954 3232 super
1969 3193 2040 3223 Hull
2065 3194 2178 3224 diverfis
2194 3195 2291 3225 mediis
2309 3192 2338 3215 R·
2361 3199 2390 3226 3·

1233 3230 1292 3267 jam
1310 3241 1400 3268 nuper
1412 3231 1527 3270 incidit,
1545 3233 1631 3268 quam
1648 3231 1717 3261 boni
1732 3232 1765 3260 δε
1779 3230 2035 3270 diligentisServitii
2050 3232 2109 3262 tarn
2123 3242 2192 3262 cum
2207 3242 2291 3272 gran·
2310 3230 2366 3254 ΡΜ·
2386 3237 2411 3256 ¹·

1236 3269 1318 3298 dibus
1340 3270 1464 3307 Sumptu
1483 3271 1516 3301 &
1539 3269 1637 3300 Onere
1648 3279 1714 3307 quae
1730 3268 1844 3307 Ma'or,
1863 3269 2032 3306 Burgensoe,
2051 3269 2292 3313 &¹1nhabitantes
2308 3269 2336 3292 R.
2349 3270 2449 3302 3-p-50'

1235 3308 1378 3344 praedic‘fae
1393 3307 1474 3338 Villae
1489 3308 1701 3347 quampluribus
1715 3308 1748 3338 &
1764 3279 1874 3351 diversis
1889 3307 1982 3338 modis
2004 3308 2065 3351 tam
2083 3318 2111 3337 1n
2135 3308 2240 3347 Viagio
2261 3313 2292 3342 in
2307 3313 2343 3330 m·
2364 3304 2406 3333 ¹⁶·

1237 3345 1363 3376 Scotiam
1385 3347 1473 3384 quam
1495 3349 1524 3377 in
1539 3347 1594 3377 aliis
1614 3346 1703 3376 Locis
1721 3346 1756 3376 ad
1775 3346 1865 3376 nostri
1879 3346 2086 3383 beneplacitum
2098 3357 2227 3384 perantes
2243 3349 2292 3379 ha·
2309 3350 2337 3369 '¹-
2356 3342 2404 3375 9⁶·

1236 3384 1357 3415 buerunt
1372 3386 1405 3415 &
1417 3385 1616 3423 sustinuerunt,
1635 3384 1747 3424 aliisque
1764 3383 1861 3414 Caufis
1879 3385 1911 3415 &
1930 3384 2210 3417 Confiderationibus
2224 3387 2294 3418 Nos

1236 3424 1419 3454 moventibus

1272 3460 1322 3492 De
1338 3447 1442 3493 Gratia,
1449 3461 1543 3492 nostra
1556 3461 1686 3500 speciali,
1700 3471 1784 3499 penes
1796 3470 1905 3504 eorum·
1915 3460 2092 3504 Relevamen
2113 3464 2148 3495 ὃς
2167 3464 2293 3496 Succur-

1234 3499 1296 3530 sum
1310 3501 1340 3530 in
1356 3501 1409 3531 hac
1427 3510 1502 3538 parte
1516 3501 1549 3531 &
1563 3510 1614 3538 pro
1628 3501 1744 3532 Auxilio
1761 3498 1865 3529 Portus
1878 3498 1964 3529 dustae
1978 3498 2079 3544 Villae,
2098 3502 2116 3521 ¹⁵
2137 3501 2289 3534 Conceffi-
2313 3522 2328 3537 e
2348 3521 2418 3548 ΧΠ,

1234 3547 1297 3569 mus
1318 3539 1438 3576 praefatis
1458 3538 1564 3577 Majori
1582 3540 1615 3569 &
1636 3537 1818 3577 Burgenfibus
1833 3538 1867 3567 &
1881 3537 2101 3581 ,Succeffonbus
2120 3540 2192 3579 suis,
2209 3543 2288 3580 quod
2310 3568 2374 3593 2¹4·
2407 3538 2417 3552 ⁸

1234 3577 1284 3613 ipfi
1305 3577 1338 3608 δε
1357 3577 1537 3607 Successor&
1558 3577 1598 3607 sui
1622 3576 1667 3606 vel
1688 3585 1788 3606 eorum
1805 3575 1901 3612 aliquis
1921 3576 1955 3606 ad
1980 3577 2061 3607 usum
2079 3579 2151 3610 infra
2166 3580 2288 3611 Portum

1233 3614 1318 3645 Villae
1331 3615 1475 3654 praediCtae
1488 3616 1632 3645 annuatim
1641 3616 1773 3652 ,durante
1791 3613 1876 3651 spatio
1890 3614 1925 3644 V·
1949 3615 1998 3645 ‘nti
2011 3616 2164 3647 Annorum
2180 3618 2287 3649 Datam

1232 3652 1416 3684 Praesentium
1440 3655 1573 3689 proxime>
1596 3652 1769 3689 sequentium
1789 3674 1798 3689 ‚
1829 3659 1903 3681 tanta
1972 3662 2007 3683 na
2034 3655 2068 3685 ὃ(
2100 3655 2293 3687 Mercandisas

1233 3691 1332 3728 (Lanis
1348 3693 1381 3723 ὃς
1398 3691 1520 3721 Pellibus
1543 3691 1641 3720 lanutis
1662 3691 1794 3729 exceptis)
1817 3690 1980 3730 eskippare,
1997 3701 2121 3730 quorum
2140 3693 2288 3726 Bonorum

1230 3731 1265 3760 &
1281 3729 1521 3761 Mercandisarum
1537 3727 1686 3757 Custumae
1701 3729 1733 3757 δε
1748 3727 1873 3770 Subsidia
1894 3730 1924 3759 in
1946 3729 2034 3761 Portu
2052 3732 2190 3768 praedfflo
2209 3742 2289 3764 exte-

1231 3769 1285 3798 rius
1300 3769 1336 3799 fic
1353 3768 1518 3805 Eskippata,
1534 3767 1567 3796 &
1584 3767 1668 3796 etiam
1683 3765 1809 3796 Sublidia
1825 3766 1948 3798 Retorni
1960 3771 2128 3800 eorumdem
2137 3770 2287 3803 Bonorum

1231 3807 1265 3836 &
1281 3806 1522 3836 Mercandilanim
1539 3813 1602 3841 quae
1620 3805 1648 3833 in
1671 3805 1794 3835 eundem
1814 3803 1934 3836 Portum
1956 3808 2086 3845 interius,
2106 3808 2138 3837 ad
2161 3819 2286 3841 annuam

1229 3844 1378 3874 Summam
1394 3846 1543 3881 Sexaginta
1557 3841 1706 3871 Librarum
1728 3843 1880 3874 devenient
1901 3845 1934 3876 &
1954 3846 2106 3884 attingent,
2122 3847 2155 3877 &
2177 3848 2287 3880 oesdem

1230 3886 1378 3920 Sexaginta
1392 3882 1495 3911 Libras
1509 3890 1613 3910 annuas
1622 3903 1632 3918 ,
1649 3880 1766 3912 durante
1779 3881 1925 3912 Termino
1939 3882 2046 3921 Viginti
2067 3884 2216 3915 Annorum
2235 3897 2286 3918 an-

1230 3921 1418 3958 tedictorum,
1437 3922 1467 3949 in
1490 3919 1628 3949 Manibus
1648 3919 1699 3950 suis
1722 3921 1755 3952 &
1778 3920 1980 3952 Succefforum
1996 3921 2109 3952 suorum
2131 3925 2286 3961 praedisto-

1228 3969 1310 3997 rum,
1328 3961 1356 3990 in
1373 3957 1610 3988 Sustentationem
1623 3956 1728 3988 Portus
1742 3959 1870 3997 praedicsti
1885 3960 1918 3988 &
1941 3958 2116 3990 Relevamen
2137 3962 2284 3995 diciorum

1229 3996 1348 4035 Majoris
1362 3998 1395 4027 &
1411 3995 1592 4034 Burgenfium
1607 4005 1765 4034 eorumque
1779 3996 1981 4027 Successorum
1996 3999 2197 4034 praedidiotum
2222 4002 2285 4034 Re-

1227 4037 1316 4066 tinere
1330 4035 1437 4065 valeant
1450 4035 1494 4064 vel
1508 4034 1619 4072 valeat,
1634 4034 1735 4072 absque
1750 4035 1887 4073 aliquibus
1901 4033 2041 4066 Custuma
2055 4037 2089 4067 &
2106 4038 2236 4071 Subfidio
2253 4042 2287 4072 fi-

1227 4084 1265 4104 ve
1280 4073 1454 4110 Compoto‚
1470 4080 1515 4102 aut
1531 4071 1586 4102 alio
1601 4072 1702 4104 Nobis
1715 4073 1781 4103 inde
1801 4082 1848 4104 aut
1868 4083 1921 4112 pro
1941 4073 2044 4106 eisdem
2060 4076 2213 4118 habendo,
2231 4080 2285 4111 sol-

1228 4112 1343 4150 vendo,
1359 4111 1402 4142 seu
1418 4109 1570 4142 reddendo.
1733 4148 1753 4180 S
2256 4121 2277 4183 Ι·

1772 4158 1785 4187 3
2272 4164 2289 4184 r*
