2555 4266
80 230 156 260 Ann.
167 230 210 261 D.

98 270 185 313 r483.

76 312 129 335 Rae.
147 319 172 346 3.

73 1526 150 1558 Ann.
166 1525 209 1557 D.

95 1566 181 1606 1483.

73 1609 127 1633 An.
151 1615 174 1632 i.

71 1686 160 1710 franc.
183 1691 207 1709 1.

72 1725 103 1748 R.
114 1728 187 1758 3·m.

75 1958 91 1973 ⁴
113 1958 183 1985 xn.

78 2005 138 2032 ¹94·

14 2940 31 2963 ,x
75 2913 208 2945 Ann.·D.'

97 2954 182 2991 1483.

75 2996 127 3020 Ac„
149 3004 171 3020 ι.

173 3129 178 3134 '
231 3147 303 3166 mam
319 3136 475 3166 Oratorem
486 3157 495 3172 ‚
508 3134 748 3172 Procuratorem,
763 3134 1016 3173 Commissarium,
1034 3135 1068 3166 δε

221 156 302 199 ¹34

222 228 409 268 Episcopatfts
428 228 498 258 illius
516 226 664 259 decentius
682 228 716 260 &
735 228 980 261 honorificencius
997 227 1149 260 sustentare
1159 228 1251 260 val-t
1264 229 1298 260 &

222 277 422 305 manutenere,
444 266 645 297 Conceffimus
663 268 697 298 &
718 268 880 299 Licentiam
899 268 1045 305 dedimus,
1071 277 1125 305 pro
1143 267 1243 299 Nobis
1258 269 1291 299 &

224 307 398 338 Haeredibus
423 304 525 335 nostris
540 328 550 343 ‚
575 305 656 343 quod
682 305 759 336 idem
778 316 855 337 nunc
874 305 985 336 EleHus
1004 306 1227 338 Procuratorem
1246 306 1292 336 seu

225 345 428 376 Procuratores
446 343 508 374 suos
526 344 615 382 usque
634 343 753 375 Curiam
774 345 937 376 Romanam
957 345 1139 377 transmittere
1154 345 1243 376 valeat
1258 345 1292 375 &

224 385 362 414 destinare
379 405 389 420 ,
411 382 443 413 &
463 383 544 421 quod
563 383 613 420 ipsi
632 383 777 421 quandam
792 383 1009 421 provisionem,
1036 384 1119 422 quod
1136 384 1206 413 idem
1225 382 1292 413 Ele-

225 424 301 460 cJus,
322 420 474 460 postquam
491 422 520 452 in
539 420 715 462 Episcopum
735 422 811 453 Loci
828 423 900 454 illius
918 423 949 454 fit
967 422 1171 460 Consecmrus,
1189 422 1292 453 Eccle-

227 461 293 491 fiam
315 459 512 491 Parochialem
530 459 567 490 de
586 460 758 500 Pembrigge
776 461 921 492 Dioecefis
938 461 1154 492 Herefordenfis
1167 483 1176 497 ,
1203 460 1295 490 nostri

225 497 414 536 Patronatfis,
433 508 522 537 quam
540 499 633 530 didius
649 499 763 530 Thomas
775 500 836 538 jam
855 509 954 539 tenet,
971 501 1027 531 una
1045 509 1117 530 cum
1131 498 1211 529 dieto
1225 497 1294 534 Epi-

225 538 340 576 scopatu
363 537 468 567 habere
494 538 527 568 ὅ(
554 547 671 577 tenere,
693 540 729 570 ὃς
755 539 791 568 ad
806 538 982 569 Terminum
1003 537 1079 568 Vitae
1096 537 1152 567 suae
1170 538 1199 566 in
1219 540 1296 565 Com—

224 576 350 605 mendam
364 575 504 613 posfidere
522 576 626 615 poffit,
643 578 675 606 in
694 577 785 608 Curia
804 576 938 609 Romana
956 576 1029 614 apud
1046 575 1150 606 Sedem
1169 574 1295 612 Aposto-

224 615 310 645 licam
324 637 334 653 ,
360 614 496 645 Nomine
513 614 597 652 ipsius
617 615 710 645 Eleas
726 639 735 654 ‚
758 615 912 654 Prosequi‚
937 625 971 645 ac
992 615 1098 644 Literas
1117 613 1296 651 Apostolicas

225 653 276 683 fibi
288 653 367 690 super
386 653 445 684 hoc
459 653 518 684 fieri
533 654 694 692 impetrari,
707 656 742 687 &
756 664 801 685 eas
818 656 848 684 in
862 655 920 684 hoc
936 653 1074 691 Regnum
1089 651 1220 682 nostrum
1234 651 1297 682 An-

225 692 290 731 gliae
303 691 486 730 transportare
506 693 540 725 &
553 693 735 732 conducere,
752 703 785 723 ac
801 692 977 730 transportari
991 692 1023 722 &
1040 690 1166 733 conduci
1187 691 1297 728 facere,

225 741 259 762 ac
273 730 370 761 debite
386 729 556 761 Executioni
571 730 734 762 demandari
749 731 857 761 valeant
873 732 906 762 &
921 730 1026 768 valeat,
1045 730 1125 759 licite
1145 731 1180 760 &
1201 731 1298 767 impu-

225 771 283 807 ne,
302 769 406 807 absque
428 768 660 808 ImpedimentO,
680 770 915 806 Perturbatione,
934 768 1134 805 Arestatione,
1151 767 1196 797 seu
1220 767 1296 796 Gra-

224 808 339 839 vamine
353 817 541 846 quocumque
556 807 644 838 nostri
659 817 705 838 aut
721 806 938 838 Officiariorum
953 806 999 837 seu
1015 805 1220 836 Ministrorum
1243 815 1296 835 no-

224 846 348 878 strorum
363 855 632 884 quorumcumque3

263 885 309 916 Eo
324 886 406 923 quod
423 885 545 923 expressa
566 884 674 914 mentio
686 883 722 914 de
736 893 806 914 vero
821 878 926 915 Valore
945 882 1054 914 Annuo
1068 890 1116 926 aut
1129 882 1296 912 certitudine

226 922 457 960 Praemifforum‚
475 922 522 953 seu
543 922 656 960 alicujus
677 932 797 960 eorum,
815 931 862 953 aut
881 922 920 953 de
943 923 1000 953 aliis
1025 921 1120 952 Donis
1138 920 1193 951 five
1210 921 1294 951 Gon-

226 962 414 1000 cessionibus,
437 961 521 990 eidem
540 960 647 990 Thomae
669 971 720 998 per
741 960 810 991 Nos
830 968 895 992 ante
914 961 978 991 haec
998 969 1056 990 tem
1098 969 1125 990 ra
1145 958 1241 996 factis,
1265 960 1295 990 in

225 1001 408 1039 praesentibus
421 1000 543 1029 minime
559 999 632 1030 sadra
648 999 756 1037 existit,
774 1000 819 1030 vel
835 999 946 1030 Statuto
962 999 1048 1037 praedi
1081 1008 1101 1028 o
1111 1022 1121 1037 ,
1136 1006 1183 1029 aut
1196 998 1294 1036 aliquo

224 1041 280 1070 alio
298 1039 426 1075 Statum,
445 1038 540 1075 Actu,
556 1037 615 1068 five
633 1037 844 1076 Ordinatione‚
863 1038 932 1068 inde
953 1038 982 1068 in
1004 1038 1177 1068 contrarium
1199 1036 1295 1076 faCtis,

226 1078 322 1116 editis,
340 1077 396 1109 sive
411 1076 562 1115 ordinatis,
580 1086 640 1107 non
654 1076 839 1108 obstantibus.

264 1154 299 1185 In
315 1155 413 1193 cujus,
432 1156 493 1187 &c.

261 1231 351 1263 Teste
364 1231 446 1271 Rege
460 1231 535 1271 apud
552 1231 827 1271 Wllmonasterium,
845 1231 923 1264 seXto
937 1231 983 1264 die
992 1231 1070 1271 Julii.

869 1312 923 1340 Per
934 1309 1016 1350 ipfitm
1030 1312 1134 1348 Regem.

361 1445 409 1476 De
433 1442 605 1476 Tranando
627 1455 695 1476 cum
719 1446 796 1490 Rege
819 1446 855 1481 εὑ*
884 1445 998 1490 Regina
1024 1439 1158 1485 Castellae.

226 1526 341 1584 REX
358 1527 525 1566 Omnibus,
544 1527 577 1558 ad
593 1537 684 1568 quos,
702 1529 763 1560 &c.
781 1528 918 1560 Salutem.

319 1567 418 1597 Sciatis
433 1566 514 1604 quod
528 1566 610 1604 Nos,

265 1605 314 1636 De
330 1606 490 1638 Fidelitate,
508 1605 704 1642 Discretione,
725 1606 757 1636 &
778 1604 932 1642 Industria,
949 1605 1045 1635 dilec'ti
1068 1605 1101 1636 &
1121 1604 1208 1635 fidelis
1233 1603 1297 1635 Ser-

228 1643 329 1675 vientis
345 1644 451 1682 nostri,
470 1646 609 1673 Bernardt
620 1644 652 1672 de
667 1643 695 1672 la
710 1643 801 1682 Forffiz
820 1644 929 1679 plenius
944 1643 1135 1678 confidentes,

267 1684 416 1720 Fecimus,
432 1683 649 1719 Ordinavirnus,
664 1684 696 1712 ὃς
714 1681 923 1712 Constituimus
937 1681 1019 1720 ipst‘m·
1037 1681 1209 1712 Bernardum
1223 1681 1296 1712 Ora-

226 1732 338 1760 torem,
356 1722 594 1759 Procuratorem,
611 1720 866 1759 Commifflrium,
879 1721 911 1751 ὃς
928 1720 1082 1751 Nuncium
1096 1720 1228 1751 nostrum
1240 1721 1299 1759 spe·

225 1762 328 1795 cialetn

269 1784 379 1831 Dan'tes
395 1801 428 1832 &
444 1799 648 1831 Concedentes
664 1801 760 1831 eidem
777 1799 952 1831 Potestatem
967 1800 1129 1840 generalem
1154 1799 1187 1829 &
1207 1796 1293 1828 Man-

229 1838 327 1869 datum
342 1838 475 1877 speciale,
495 1849 548 1877 pro
563 1839 662 1870 Nobis
676 1841 708 1870 &
723 1838 862 1869 Nomine
876 1839 974 1869 nostro
993 1863 1001 1876 ,
1021 1847 1091 1869 cum
1107 1836 1296 1867 Sereniffimis

228 1878 410 1915 Principibus
435 1881 504 1915 Rege
527 1875 566 1912 (ἓν
588 1881 691 1915 Regina
713 1877 835 1917 Castellae
850 1901 859 1916 ,
883 1878 993 1908 Amicis
1013 1879 1046 1909 &c
1061 1874 1294 1944 *Consarguineis

226 1916 329 1947 nostris
344 1915 508 1955 carissimis,
526 1926 650 1955 cumque
665 1915 915 1953 Gubernatoribus
929 1915 1148 1946 Provinciarum
1202 1914 1296 1952 uipus-

225 1965 289 1987 coae
313 1957 346 1987 ὃς
364 1954 495 1993 Biscaiae,
512 1965 546 1986 ac
566 1956 585 1974 ¹³
611 1961 780 1986 caeterorum
802 1955 952 1986 Locorum
975 1954 1193 1985 Maritimorum
1213 1953 1296 1983 dietis

223 1993 407 2031 Principibus
429 1993 649 2032 Subjectorum,
666 1994 701 2024 de
719 1995 754 2026 &
772 1994 850 2031 super
871 1993 1070 2024 observatione
1092 1992 1294 2022 Amicitiamm

226 2034 260 2065 δε
275 2032 570 2063 Confoederationum
586 2034 657 2063 inter
671 2032 817 2063 dictorum
835 2033 1003 2070 Principum
1018 2039 1053 2063 ex
1074 2041 1130 2062 una
1150 2038 1244 2069 parte,
1260 2041 1294 2062 ac

225 2070 339 2102 nostros
354 2071 553 2102 Antecefforoe
567 2080 602 2101 ex
615 2071 696 2102 altera
709 2080 785 2109 parte
799 2071 1022 2108 quomodolibet
1036 2070 1167 2100 initarum
1177 2093 1186 2107 ‚
1205 2080 1238 2099 ac
1253 2069 1295 2100 su-

227 2121 277 2149 per
298 2109 518 2141 Reformatione
541 2110 789 2148 Attemptatorum
805 2110 941 2140 hincinde
956 2108 1130 2146 Tractandi,
1148 2107 1295 2139 Commu-

221 2148 339 2180 nicandi
350 2171 359 2187 ,
379 2147 582 2180 Conveniendi
597 2151 715 2187 pariter,
733 2150 767 2180 &
780 2147 1004 2187 Concluuendi,

263 2187 436 2225 Dietamque
456 2198 510 2226 pro
527 2186 647 2218 firmiori
666 2187 846 2219 Executione
859 2186 1072 2218 Praetnissorum
1090 2186 1297 2226 Appunstuan-

225 2226 273 2264 di,
290 2225 454 2264 Statuendi,
474 2228 508 2259 &
523 2225 713 2265 Praefigendi,

264 2263 437 2302 Caeteraque
452 2264 602 2304 Faciendi,
619 2265 816 2303 Excercendi,
836 2266 870 2297 &
885 2264 1062 2305 Expediendi
1082 2275 1147 2304 quae
1168 2266 1199 2295 in
1219 2264 1297 2295 Prae-

228 2302 313 2333 miffis
328 2303 479 2334 necessaria
491 2303 596 2334 fuerint
608 2303 653 2335 seu
676 2304 896 2342 quomodolibet
915 2315 1073 2342 oportuna,
1088 2306 1173 2336 etiam
1196 2303 1216 2334 sl
1235 2304 1298 2335 talia

225 2342 330 2373 fuerint
349 2352 414 2380 quae
431 2342 466 2372 de
479 2342 505 2373 se
520 2341 693 2373 Mandatum
710 2345 799 2383 magis
813 2344 923 2382 exigant
936 2344 1071 2382 speciale,

265 2380 483 2419 promittentes,
500 2381 581 2411 bona
593 2381 662 2412 Fide
679 2383 713 2413 &
728 2383 757 2411 in
775 2381 874 2413 Verbo
899 2381 1016 2421 Regio,
1035 2381 1105 2412 Nos
1127 2381 1238 2412 Rarum
1261 2382 1295 2412 &

230 2417 354 2449 Gratum
371 2429 424 2456 pro
440 2428 576 2458 perpetuo
588 2419 731 2451 habituros
747 2421 883 2458 quicquid
899 2421 991 2451 dictus
1006 2421 1166 2450 Ber-nardus
1175 2420 1298 2451 nomine

230 2456 328 2487 nostro
350 2457 449 2489 fecerit
464 2460 492 2488 in
507 2457 679 2498 Praemiffis,
697 2458 743 2490 seu
757 2460 853 2498 aliquo
866 2459 1090 2491 Praemissbrum.

268 2533 302 2564 1n
319 2535 414 2572 qu'uS,
433 2535 494 2566 &c.

267 2610 357 2642 Teste
371 2611 454 2651 Rege
467 2611 540 2650 apud
556 2612 831 2653 Wstmonasterium‚
845 2612 1020 2645 duodecimo
1032 2614 1078 2644 die
1089 2613 1166 2653 Julii.

872 2695 925 2723 Per
938 2692 1021 2732 ipfitm
1033 2696 1138 2730 Regem.

457 2820 507 2851 De
521 2818 692 2851 Traffando
710 2830 779 2851 cum
798 2820 883 2851 Duce
905 2819 1076 2851 Britannia.

229 2903 344 2964 REX
363 2904 526 2941 Omnibus,
543 2903 579 2934 ad
600 2913 671 2942 quos
682 2926 692 2941 ,
708 2904 769 2935 &c.
789 2903 921 2935 Salutem.

324 2943 422 2973 Sciatis
443 2942 523 2980 quod
540 2942 623 2980 Nos,

271 2982 320 3012 De
334 2981 482 3018 fidelitate,
500 2980 689 3019 discretione,
704 2981 738 3011 &
755 2979 906 3017 industria,
922 2979 1021 3010 dilecti
1045 2979 1079 3010 &
1098 2978 1186 3009 fidelis
1205 2978 1300 3009 Servi-

232 3022 299 3050 toris
317 3021 350 3052 ὅ(
364 3018 509 3056 Capeliani
523 3019 612 3049 nostri
627 3019 756 3058 Magistri
769 3019 876 3050 Thomae
891 3021 1002 3049 Hutton
1017 3018 1209 3049 Decretorum
1232 3016 1299 3048 Do-

234 3060 338 3096 Ctoris,
357 3058 466 3095 plenius
480 3057 655 3089 confidentes
665 3080 675 3095 ,

273 3096 650 3134 Fecimus,Otdinavimu5,
669 3098 701 3127 ὃς
717 3094 928 3126 Constituimus
939 3094 1031 3133 ipsum
1049 3094 1099 3125 Ma
1122 3094 1220 3125 istrum
1230 3093 1299 3124 Tho-

233 3174 321 3204 strum
338 3174 486 3211 specialem
496 3195 506 3211 ,

270 3213 379 3243 Dantes
393 3214 426 3244 &
442 3210 644 3242 Concedentes
661 3210 755 3241 eidem
770 3209 946 3242 Potestatem
969 3211 1129 3249 generalem
1153 3212 1186 3243 &
1213 3210 1301 3241 Man-

232 3250 329 3281 datum
350 3251 482 3290 speciale,
507 3259 560 3288 pro
580 3250 680 3280 Nobis
701 3250 734 3278 &
757 3248 893 3280 Nomine
917 3249 1033 3287 nostro,
1059 3259 1128 3280 cum
1149 3248 1298 3279 Illustriffi-

232 3299 284 3319 mo
315 3289 443 3326 Principe
465 3288 605 3328 Francisio
626 3291 700 3318 Duce
721 3290 878 3317 Britanniae
903 3289 1011 3318 Amico
1033 3288 1067 3318 ὃ(
1080 3287 1300 3327 Consanguineo

233 3326 333 3357 nostro
349 3327 508 3366 carissimo,
527 3327 563 3358 de
578 3329 611 3359 δε
629 3326 709 3365 super
720 3325 916 3356 observatione
936 3327 1137 3357 Amicitiarum
1159 3328 1192 3358 &
1217 3325 1300 3356 Con—

233 3365 472 3404 foederationum,
488 3367 726 3405 Treugarumque
740 3366 774 3397 &
789 3363 961 3395 Intercursfis
979 3363 1240 3402 Mercandisarum,
1257 3366 1301 3395 in-

234 3411 294 3440 ter,
314 3403 482 3434 Clariffimae
504 3404 676 3442 Memoriae,
702 3403 870 3434 Dominum
894 3402 1068 3432 Edwardum
1091 3412 1180 3439 nuper
1203 3405 1300 3440 Regem

236 3440 350 3479 Augltae
368 3442 492 3472 Fratrem
513 3443 643 3473 nostrum
657 3452 692 3473 ex
707 3441 763 3472 una
781 3441 881 3479 Parte,
895 3440 1024 3480 &ipsum
1047 3443 1149 3470 Ducem
1169 3449 1203 3470 ex
1217 3442 1300 3471 altera

235 3480 320 3511 Parte
338 3481 485 3517 initarum,
504 3492 537 3512 ac
558 3481 637 3519 super
660 3480 885 3511 Reformatione
909 3480 1152 3516 Attemptatorum
1168 3478 1301 3510 hincinde

234 3518 410 3587 Facundi,
426 3518 686 3558 communicandi,
705 3517 907 3549 Conveniendi
922 3519 1042 3557 pariter,
1060 3518 1094 3549 &
1111 3516 1301 3549 Concluden-

260 3568 267 3587 ι

276 3580 453 3632 'Dieeamque
469 3605 520 3631 pro
533 3595 650 3626 firmiori
664 3597 834 3628 executione
847 3594 1063 3626 Praemifforum
1072 3593 1304 3634 Appunc'tuandi,

240 3634 404 3671 Statuendi,
420 3635 453 3665 &
466 3633 649 3672 Praefigendi,

278 3673 448 3709 Caeteraque
471 3671 621 3713 Faciendi,
644 3673 817 3711 Exercendi,
836 3673 869 3704 &
893 3671 1069 3710 Expediendi
1092 3681 1157 3709 quae
1174 3672 1203 3701 in
1224 3671 1302 3702 Prae-

242 3711 328 3741 missis
347 3710 464 3741 necessa·
472 3710 496 3739 ia
518 3717 620 3741 ruerint
641 3711 686 3741 seu
706 3711 926 3749 quomodolibet
943 3718 1100 3748 oportuna,
1115 3710 1223 3740 etiamsi
1240 3711 1302 3742 talia

243 3749 345 3780 suerint
362 3759 426 3787 quae
441 3751 476 3777 de
489 3747 515 3777 se
531 3747 700 3778 Mandatum
716 3751 803 3788 magis
817 3751 927 3787 exigant
941 3749 1075 3787 speciale,

281 3787 497 3823 promittentes,
516 3786 592 3816 bona
616 3786 684 3816 Fide
701 3788 733 3816 &
758 3790 787 3817 in
812 3787 910 3818 Verbo
933 3787 1045 3826 Regio,
1065 3786 1132 3817 Nos
1148 3785 1255 3816 Rarum
1271 3788 1304 3819 &

245 3824 369 3855 Gratum
394 3836 446 3863 pro
471 3834 608 3862 perpetuo
629 3825 773 3854 habituros
798 3826 933 3863 quicquid
959 3826 1051 3856 dietus
1074 3824 1209 3864 Magister
1234 3825 1304 3854 Tha-

248 3873 319 3898 mar,
337 3863 470 3893 Nomine
485 3862 602 3900 nostro,
620 3862 716 3893 fecerit
732 3863 760 3891 in
776 3863 944 3902 Praemiffis,
962 3863 1008 3895 seu
1027 3864 1122 3901 aliquo
1143 3862 1307 3894 Praemisso·

250 3908 323 3928 lum.

287 3936 320 4002 *11J
320 3940 556 4014 εῗὶὶὲῖἓεῖἓῗξρυἀ
574 3976 847 4016 Wstmonasterium,
863 3976 979 4008 decimo
995 3978 1078 4009 tertio
1093 3976 1139 4008 die
1148 3976 1225 4016 Julii.

939 4059 991 4086 Per
1002 4057 1085 4096 iffiam
1100 4061 1201 4097 Regem.

1114 3135 1230 3165 uncium
1246 3142 1301 3163 no-
1356 3151 1360 3155 -

690 139 1500 189 CONVENTIONES,
1556 139 1946 195 LITERAE,

1640 317 1699 348 Pro
1716 311 1837 357 Custode
1853 316 1977 347 Privati
1990 316 2101 362 Sigilli.

1340 401 1430 459 RE
1441 401 1482 445 X.
1498 401 1650 444 omnibus,
1668 400 1703 431 ad
1717 409 1804 439 quos,
1822 399 1884 431 διε.
1901 397 2037 430 Salutem.

1435 440 1535 470 Sciatis
1549 441 1628 477 qubd
1639 463 1648 477 ‚

2422 255 2500 295 Ann-
2514 252 2555 299 D}

2443 298 2529 338 1483.

2419 338 2472 364 Ric.
2489 347 2514 375 3,

2417 415 2471 440 An.
2489 422 2513 442 1.

2418 454 2447 478 R.
2470 460 2497 488 3.

1373 477 1456 508 Cum
1476 477 1621 509 Vicefimo
1633 479 1751 516 septimo
1766 477 1825 508 Die
1836 475 1914 515 Junii
1927 475 2032 508 ultimo
2046 478 2188 514 praeterito
2197 502 2207 518 ,
2221 481 2399 513 ordinaveri·
2414 492 2474 518 Pas,
2490 499 2513 518 ι,

1337 525 1401 546 mus
1415 518 1449 546 &
1461 517 1691 548 constituerimus
1707 516 1902 554 praedile6mm
1927 516 1960 546 &
1975 514 2089 546 fidelem
2104 515 2251 549 clericum
2265 531 2299 552 ac
2314 520 2398 551 Con-
2419 531 2448 555 R,
2461 537 2485 565 3,
2495 535 2550 566 Μ,

1333 555 1463 594 filiarium
1481 555 1610 585 nostrum
1634 554 1807 595 Magistrum
1822 553 1982 593 Johannem
2002 553 2145 593 Garatom-p
2159 554 2320 589 Custodem
2335 559 2398 590 Pri..

1335 594 1392 622 vati
1406 593 1492 631 sigilli
1509 593 1614 631 nostri,
1627 594 1809 632 habendum,
1826 592 2028 631 occupandum
2037 615 2047 631 ‚
2063 593 2098 624 &
2112 592 2331 627 custodiendum
2339 597 2398 628 Of-

1336 630 1434 660 ficium
1450 631 1518 661 illud
1537 632 1676 669 quamdiu
1690 632 1790 662 Nobis
1822 632 1942 670 laceret,
1960 639 2098 670 praetextu
2120 633 2201 671 cujus
2213 633 2270 671 ipse
2284 633 2398 673 Johan-

1337 680 1382 698 nes
1399 668 1541 700 Officium
1557 669 1627 701 illud
1639 671 1676 700 ab
1690 670 1795 701 eodem
1841 669 1958 702 icefimo
1973 670 2094 711 septimo
2110 670 2171 702 Die
2182 670 2279 710 junii,
2296 672 2399 706 hucus—

1339 717 1395 745 que
1410 707 1539 738 habuerit
1553 709 1587 740 δε
1601 710 1806 747 occupaverit,
1823 716 1908 748 atque
1922 708 2014 740 adhuc
2030 709 2116 741 babet
2129 710 2164 742 &
2179 719 2321 749 occupat,

1377 745 1462 784 Nos,
1482 746 1519 776 de
1543 746 1644 778 Gratia
1669 747 1767 779 nostra
1785 748 1802 777 s
1850 748 1919 786 iali,
1939 757 1972 779 ac
1988 757 2025 779 ex
2039 748 2117 780 certa
2133 748 2258 780 Scientia
2270 750 2304 780 &
2319 759 2402 782 mero

1340 780 1430 814 Motu
1449 785 1551 831 nostris
1566 784 1712 830 Dedimus
1725 787 1759 817 &
1774 757 1990 831 effice-fimus,
2009 787 2044 818 δε
2057 797 2107 831 per
2123 785 2277 819 Praesente
2292 787 2403 821 Damus

1338 822 1371 851 &
1380 822 1587 865 ¹Concemmus
1607 825 1701 855 eidem
1716 823 1864 863 Johanni‚
1887 834 1917 855 in
1930 825 1965 856 δε
1979 835 2032 863 pro
2046 826 2127 858 meto
2141 825 2254 858 Officio
2265 825 2404 859 Custodis

1338 856 1446 905 anati
1469 862 1558 900 Sigilli
1579 861 1668 893 nostri
1683 862 1798 900 Viginti
1813 863 1925 894 Solidos
2013 863 2104 895 Diem
2125 875 2180 903 pro
2198 865 2327 904 quolibet
2341 864 2402 898 Die

1338 909 1397 936 quo
1414 900 1470 937 ipse
1486 900 1630 931 Officium
1646 901 1714 932 illud
1736 911 1751 931 a
1774 901 1914 940 praedidio
1958 902 2077 933 icefimo
2093 902 2153 935 Die
2185 905 2244 935 unii
2257 904 2403 944 hucusque

1338 939 1371 969 &
1393 947 1506 970 exnunc
1524 964 1532 977 ,
1561 940 1697 977 quamdiu
1719 939 1797 969 idem
1820 939 1965 979 Johannes
1984 939 2128 972 Officium
2259 944 2264 949 '
2294 943 2403 976 Privati

1337 977 1426 1020 Sigilli
1451 978 1539 1008 nostri
1560 978 1712 1016 supradicti
1735 979 1911 1010 excercuerit
1925 978 1959 1010 &
1974 981 2179 1020 occupaverit,
2193 983 2227 1014 ὃς
2242 982 2272 1013 in
2288 981 2402 1015 Officio

1336 1015 1386 1046 illo
1400 1016 1504 1048 steterit
1521 1017 1554 1047 &
1569 1016 1670 1056 stabit,

1375 1053 1414 1098 lit
1430 1066 1482 1093 pro
1496 1056 1635 1087 solutione
1653 1057 1687 1088 &
1699 1056 1912 1099 contentatione
1928 1065 2031 1087 eorum
2045 1055 2156 1116 Viffiinti
2171 1058 2335 1092 solidorum
2348 1070 2400 1100 per

1337 1091 1447 1132 Diem,
1467 1094 1614 1133 videlicet,
1631 1105 1685 1133 pro
1701 1094 1831 1135 quolibet
1846 1094 2007 1132 hujufinodi
2015 1094 2074 1126 Die
2123 1107 2182 1136 quo
2196 1098 2272 1129 idem
2285 1099 2399 1139 Johan-

1336 1143 1382 1162 nes
1400 1132 1544 1164 Officium
1560 1133 1627 1164 illud
1646 1135 1683 1164 {ic
1703 1133 1859 1165 exercuerit
1879 1134 1913 1166 &
1926 1143 2001 1164 occu
2040 1135 2130 1173 verit,
2144 1137 2287 1169 exercebit
2298 1139 2333 1171 δε
2346 1149 2401 1172 oc-

1336 1172 1470 1210 cupabit,
1495 1174 1543 1210 qui
1559 1173 1584 1204 se
1602 1174 1743 1212 attingunt
1757 1173 1792 1202 ad
1808 1171 1977 1203 Trescentas
2001 1174 2130 1213 exaginta
2148 1174 2183 1206 δε
2207 1176 2333 1216 quinque
2347 1177 2401 1209 Li.

1336 1209 1397 1240 bra}
1415 1211 1442 1240 in
1458 1221 1522 1242 toto
1537 1221 1585 1248 per
1602 1222 1692 1242 unum
1709 1212 1827 1241 Annum
1844 1211 2004 1250 integrum,
2313 1211 2319 1217 '

1373 1248 1575 1281 Concesfimus
1593 1252 1626 1281 ὅ(
1642 1260 1691 1288 per
1707 1250 1862 1281 Praesentes
1876 1248 2078 1281 Concedimus
2091 1250 2175 1281 eidem
2187 1250 2317 1290 Joham·
2332 1253 2402 1287 Sex-

1335 1288 1429 1325 aginta
1451 1289 1495 1319 ser
1520 1288 1634 1327 Libras,
1661 1289 1831 1319 Tresdecim
1847 1288 1980 1327 Solidos,
1998 1289 2032 1319 &
2050 1289 2185 1328 Quatuor
2202 1290 2343 1323 Denarios
2357 1295 2402 1325 in-

1335 1326 1373 1369 de
1397 1327 1541 1358 habendos
1558 1329 1589 1359 δε
1604 1328 1802 1366 percipiendos
1817 1329 1962 1358 annuatim
1977 1328 2061 1357 eidem
2082 1328 2213 1367 Johanm‘
2226 1339 2242 1360 a
2258 1330 2400 1368 praedidzo

1337 1363 1485 1408 vicesimo
1507 1367 1626 1404 septimo
1644 1366 1703 1397 Die
1716 1366 1796 1406 Junii
1806 1390 1815 1405 ,
1841 1365 1877 1397 de
1891 1366 2070 1397 omnimodis
2092 1366 2241 1398 Custumis
2257 1371 2291 1401 &
2305 1369 2402 1402 Subfi-

1335 1403 1388 1435 diis
1404 1404 1523 1442 nostris,
1543 1408 1575 1435 ἃ
1591 1405 1626 1437 de
1638 1415 1739 1436 eorum
1756 1405 1904 1444 quolibet,
1922 1407 1956 1437 δε
1972 1406 2097 1444 qualibet
2111 1406 2179 1437 inde
2192 1405 2276 1438 Parte
2290 1409 2319 1439 in
2328 1408 2402 1440 Por-

1335 1449 1367 1473 tu
1392 1443 1474 1474 Villae
1495 1445 1600 1475 nostrae
1616 1445 1798 1483 Sandewici‚
1821 1445 1856 1476 &
1871 1445 1900 1474 in
1921 1443 2034 1483 fingulis
2049 1443 2195 1476 Portubus
2209 1447 2244 1479 ὅτ
2258 1446 2348 1479 Locis
2359 1449 2402 1479 ei-

1334 1481 1403 1512 dem
1424 1482 1524 1513 Portuz
1547 1483 1738 1521 adjacentibus
1752 1506 1761 1521 ,
1787 1484 2019 1522 provenientibus
2032 1484 2092 1521 ,δε
2106 1484 2315 1524 crescentibus,
2332 1497 2401 1525 pro-

1334 1522 1459 1552 venturis
1481 1523 1513 1553 ὅ(
1536 1524 1690 1553 creiciruris
1706 1545 1716 1560 ,
1734 1532 1783 1560 per
1797 1531 1896 1552 manus
1911 1520 2161 1553 Custumariorum
2178 1523 2237 1554 five
2250 1523 2402 1558 0011er-

1335 1568 1401 1589 rum
1424 1561 1594 1591 eorumdem
1619 1560 1824 1591 Custumarum
1842 1562 1876 1591 &
1892 1559 2087 1591 Subsidiorum
2104 1560 2231 1600 ibidem,
2249 1563 2283 1594 &
2298 1573 2401 1596 eorum

1335 1598 1499 1638 cu'ussibet,
1519 1600 1575 1630 sive
1590 1610 1692 1631 eorum
1706 1600 1837 1637 alicujus,
1853 1608 1906 1636 pro
1924 1608 2054 1637 tempore
2070 1599 2269 1640 existentium,

1401 1647 1412 1668 t
1431 1639 1515 1668 etiam
1537 1638 1685 1677 Sexaginta
1706 1638 1805 1668 Libras
1818 1638 1886 1667 inde
1901 1637 2041 1668 habendas
2057 1639 2091 1669 &
2106 1640 2299 1676 percipiendas
2314 1641 2399 1672 eidem

1335 1673 1466 1713 Johamn'
1478 1680 1622 1706 annuatim
1638 1678 1674 1707 ab
1689 1676 1792 1707 eodem
1808 1675 1954 1706 Vicefimo
1968 1675 2088 1714 septimo
2099 1677 2158 1708 Die
2170 1677 2267 1717 Junii,
2284 1679 2320 1710 de
2333 1690 2399 1711 om-

1336 1715 1462 1745 nimodis
1486 1714 1631 1745 Costumis
1655 1717 1687 1746 ὃς
1710 1713 1843 1744 Subfidiis
1863 1713 1965 1744 nostris
2001 1716 2034 1745 δε
2056 1714 2092 1745 de
2105 1726 2207 1746 eorum
2220 1718 2398 1756 quolibet&

1337 1754 1462 1791 quanm
1475 1754 1540 1783 inde
1557 1754 1638 1784 Parte
1650 1755 1679 1783 in
1698 1752 1788 1783 Portu
1807 1751 1891 1794 viuae
1907 1752 1942 1782 de
1959 1737 2055 1789 1301e‚
2074 1753 2107 1784 se
2125 1755 2154 1784 in
2169 1754 2187 1784 s
2229 1756 2279 1786 uus
2293 1753 2399 1788 Portu-

1334 1792 1388 1822 bus
1402 1793 1435 1823 &
1451 1792 1540 1822 Locis
1562 1792 1654 1822 eidem
1676 1791 1778 1821 Portui
1800 1790 1989 1828 adjacentibus
2002 1813 2012 1828 ,
2031 1793 2210 1827 provenienti
2233 1803 2264 1824 us
2277 1796 2311 1826 ἃ
2325 1805 2402 1826 ωδε

1336 1832 1464 1862 centibus
1482 1855 1491 1867 ,
1518 1832 1696 1869 proventuris
1719 1831 1752 1861 &
1769 1829 1943 1867 crescituris,
1959 1838 2009 1866 per
2025 1828 2132 1860 Manus
2148 1830 2400 1865 Custumariorum

1335 1869 1394 1900 five
1425 1868 1626 1900 Collectorum
1651 1868 1820 1899 eorumdem
1845 1865 2112 1911 Custumarum'&
2129 1868 2328 1902 Subfidiorum
2345 1872 2400 1902 ibi-

1334 1908 1426 1977 1dcem,
1451 1909 1484 1939 δε
1504 1918 1606 1939 esrum
1624 1907 1771 1946 cujussibet
1789 1906 1848 1939 five
1865 1915 1967 1938 eorum
1985 1906 2100 1946 alicujus
2122 1916 2176 1945 pro
2193 1916 2324 1948 tempore
2341 1912 2401 1942 exi-

1359 1958 1467 1979 entium
1478 1973 1485 1985 ,

1373 1986 1411 2018 Et
1426 1987 1555 2018 Centum
1570 1998 1603 2019 ac
1627 1987 1729 2026 viginti
1746 1986 1845 2018 Libras
1860 1985 1927 2017 inde
1941 1984 2082 2018 habendas
2096 1986 2130 2018 &
2144 1987 2339 2026 percipiendas
2350 1992 2402 2021 an*

1337 2026 1444 2063 nuatim
1467 2026 1559 2056 eidem
1581 2026 1709 2066 Johanm‘
1731 2036 1747 2057 a
1769 2025 1851 2056 dieto
1870 2024 2007 2056 vicefimo
2032 2024 2154 2062 septimo
2177 2025 2238 2057 Die
2249 2026 2330 2066 Junii
2365 2028 2402 2061 de

1337 2065 1514 2100 omnimodis
1531 2064 1681 2097 Custumis
1699 2066 1734 2098 &
1757 2063 1894 2107 Subfidiis
1908 2063 2010 2094 nostris
2025 2086 2035 2102 ,
2052 2063 2138 2108 &de
2152 2073 2254 2096 eorum
2271 2051 2404 2105 quolibet

1337 2104 1371 2135 &
1386 2104 1511 2142 qualibet
1525 2103 1592 2135 inde
1606 2103 1690 2136 Parte
1704 2105 1734 2134 in
1750 2103 1842 2134 Portu
1857 2101 1941 2133 Villae
1956 2101 2061 2145 nostrae
2077 2101 2231 2143 Bnstoliae,
2253 2105 2288 2138 δι
2302 2106 2331 2136 in
2346 2105 2403 2137 fin-

1337 2142 1408 2181 gulis
1432 2143 1575 2174 Portubus
1595 2143 1629 2175 &
1654 2143 1742 2174 Locis
1761 2141 1854 2173 eidem
1867 2140 1968 2173 Portui
1984 2140 2175 2179 adjacentibus
2209 2144 2404 2180 provmimtis

1336 2182 1390 2212 bus
1403 2182 1436 2213 &
1452 2182 1659 2220 crescentibus,
1678 2181 1857 2220 proventuris
1873 2180 1908 2211 &
1923 2179 2095 2217 crescituris,
2109 2189 2160 2218 per
2174 2166 2282 2212 Manus
2387 2199 2403 2208 .

1338 2222 1495 2251 mariorum
1520 2221 1578 2251 five
1605 2220 1811 2252 Coneetorum
1834 2217 2004 2249 eorumdem
2028 2217 2234 2250 Custumarum
2251 2220 2287 2251 δε
2305 2220 2345 2252 Su
2387 2239 2402 2246 -

1338 2259 1453 2290 diorum
1468 2259 1579 2305 ‘ibidem
1587 2283 1597 2298 ,
1615 2260 1650 2290 δε
1663 2268 1767 2290 eorum
1784 2257 1935 2297 cujussibet
1947 2257 2004 2289 five
2017 2266 2121 2289 eorum
2131 2258 2247 2298 alicujus
2261 2269 2318 2298 pro
2330 2268 2408 2292 tem-³

1338 2308 1416 2369 Ροῖῗι
1429 2298 1694 2382 egffrftffi'mtibras
1713 2336 1780 2382 rade
1799 2335 1938 2381 habendas
1951 2336 1985 2368 ει
2029 2335 2192 2382 ,κίρῑερᾱεε
2205 2338 2352 2383 annuatim
2365 2322 2406 2383 enf-

1340 2377 1399 2407 dem
1421 2376 1547 2415 Johanui
1566 2387 1581 2407 a
1599 2376 1680 2408 dioto
1703 2376 1841 2419 vrcefimo
1858 2375 1979 2413 septimo
2027 2374 2160 2414 ieJunu‚
2177 2376 2213 2407 de
2228 2377 2407 2408 omnimodis

1340 2415 1491 2446 Custurnis
1511 2418 1544 2447 δε
1565 2415 1700 2446 Subfidiis
1722 2414 1822 2445 nostris
1834 2436 1844 2452 ,
1870 2415 1904 2446 &
1917 2415 1953 2445 de
1968 2423 2071 2445 eorum
2086 2415 2215 2453 quolibet
2231 2416 2265 2447 &
2303 2415 2406 2446 ualibet

1340 2455 1407 2485 inde
1433 2455 1515 2487 Parte
1540 2458 1568 2486 in
1590 2454 1681 2485 Portu
1701 2453 1784 2485 Villae
1807 2452 1912 2483 nostrae
1930 2452 2175 2492 Sutharnptoniae‚
2193 2453 2228 2483 &
2242 2455 2273 2483 in
2312 2453 2405 2492 ngulis

1341 2494 1485 2525 Portubus
1505 2494 1539 2525 δι
1564 2493 1652 2523 Locis
1669 2492 1762 2523 eidem
1779 2491 1879 2522 Portui
1897 2491 2107 2530 adjacenu'bus,
2125 2492 2355 2529 provenientibus
2366 2493 2403 2524 &

1340 2533 1528 2564 crescentibus
1542 2555 1551 2570 ,
1577 2532 1757 2569 proventuris
1772 2530 1805 2560 &
1827 2529 1999 2567 crescitur-is,
2014 2539 2062 2567 per
2080 2527 2188 2560 Manus
2202 2529 2406 2561 Custumario-

1340 2581 1404 2601 rum
1426 2571 1483 2601 five
1508 2569 1708 2600 Cossedffirum
1735 2567 1905 2599 eorumdem
1923 2566 2129 2598 Custumarum
2150 2568 2185 2600 &
2205 2568 2405 2600 Subfidiorum

1340 2610 1466 2678 andern,
1485 2611 1518 2641 ὅ(
1532 2618 1636 2640 eorum
1652 2607 1799 2646 cujussibet
1813 2606 1870 2637 five
1885 2615 1987 2637 eorum
1999 2606 2114 2644 alicujus
2125 2616 2178 2645 pro
2193 2615 2325 2646 ternpore
2341 2610 2402 2639 exi*-

1366 2657 1475 2678 entium

1379 2686 1424 2716 Ac
1439 2671 1523 2716 etia’m
1542 2685 1656 2716 Decem
1670 2685 1703 2716 ἃ
1721 2683 1792 2715 odio
1807 2682 1923 2721 Libras,
1941 2682 1997 2713 Sex
2008 2682 2138 2721 Solidos,
2155 2684 2189 2715 &
2205 2683 2288 2716 ocio
2302 2683 2404 2717 Dena-

1339 2725 1396 2755 rios
1414 2747 1423 2762 ,
1446 2724 1588 2755 reliduum
1611 2724 1647 2754 de
1669 2723 1755 2754 dictis
1777 2722 1937 2765 Trescentis
1958 2723 2097 2761 sexaginta
2116 2723 2150 2754 &
2164 2724 2292 2762 quinque
2309 2723 2406 2755 Libris

1341 2773 1392 2801 per
1415 2763 1532 2792 Annum
1558 2761 1700 2792 habendas
1722 2762 1755 2793 &
1781 2760 1973 2798 percipiendas
1987 2762 2131 2792 annuatim
2145 2762 2228 2792 eidem
2240 2760 2372 2803 Johamu'
2385 2772 2403 2793 a

1341 2801 1479 2839 praedicto
1492 2801 1629 2832 vicesimo
1644 2801 1764 2838 septimo
1777 2799 1836 2829 Die
1847 2799 1946 2841 Junii,
1962 2800 1998 2830 de
2013 2799 2191 2831 omnimodis
2207 2800 2356 2832 custumis
2368 2801 2404 2833 &

1342 2840 1476 2870 Sublidiis
1496 2839 1597 2870 nostris
1611 2862 1620 2877 ,
1645 2840 1678 2869 &
1693 2839 1729 2869 de
1745 2847 1845 2869 eorum
1861 2837 1989 2875 quolibet
2004 2838 2037 2868 δε
2051 2838 2176 2876 qualibet
2190 2839 2259 2870 inde
2271 2838 2355 2870 Parte
2369 2840 2401 2869 in

1343 2879 1434 2909 Portu
1459 2877 1544 2908 Villae
1569 2877 1673 2908 nostrae
1694 2877 1729 2907 de
1751 2876 1940 2916 Briggewater
1954 2899 1963 2914 ‚
1987 2877 2020 2907 &
2035 2877 2065 2907 in
2084 2877 2196 2916 fingulis
2209 2878 2402 2909 Portubus&

1344 2917 1432 2948 Locis
1455 2917 1548 2948 eidem
1570 2916 1671 2947 Portui
1688 2916 1880 2955 adjacentibus
1895 2938 1905 2954 ,
1931 2915 2182 2953 provenientibus,
2200 2915 2235 2946 &
2249 2915 2403 2947 crescenti-

1341 2956 1394 2986 bus
1410 2979 1419 2994 ,
1445 2956 1620 2995 proventuris
1642 2956 1676 2986 &
1700 2953 1854 2986 crescituris
1868 2976 1878 2992 ,
1903 2962 1953 2992 per
1971 2963 2069 2984 manus
2082 2952 2333 2997 Custumariorum
2347 2954 2405 2986 five

1341 2994 1541 3026 collectorum
1557 2993 1728 3024 eorumdem
1744 2991 1951 3023 Custumarum
1964 2993 1998 3024 &
2012 2991 2206 3023 Subfidiorum
2227 2992 2350 3030 ibidem,
2369 2993 2405 3024 δε

1341 3043 1442 3064 eorum
1462 3032 1610 3070 cujussibet
1635 3032 1692 3063 five
1713 3040 1814 3062 eorum
1838 3031 1951 3068 alicujus
1975 3039 2028 3068 pro
2043 3037 2175 3066 tempore
2195 3030 2375 3062 existentium
2390 3054 2402 3070 ,

1365 3071 1480 3103 uamdiu
1503 3071 1537 3102 &
1557 3080 1610 3108 pro
1636 3080 1700 3101 toto
1725 3079 1854 3107 tempore
1876 3078 1936 3106 quo
1958 3067 2049 3111 ipsum
2065 3066 2226 3105 Johannem
2242 3069 2272 3099 in
2286 3068 2402 3101 Officio

1342 3083 1478 3142 {ustodis
1498 3109 1603 3140 Privati
1627 3109 1719 3147 Sigilli
1742 3108 1831 3139 nostri
1844 3130 1854 3146 ‚
1882 3114 1914 3137 ut
1926 3105 2098 3144 praedu‘hm
2114 3105 2172 3144 est,
2189 3105 2259 3138 stare
2273 3109 2403 3148 contige-

1339 3160 1362 3180 Π
1385 3162 1391 3167 .

1364 3160 1394 3186 [a

1380 3187 1427 3218 Eo
1443 3186 1521 3224 quod
1533 3185 1656 3224 expressa
1674 3186 1783 3217 mentio
1796 3184 1832 3216 de
1843 3180 2008 3214 aliisDonis
2025 3181 2083 3226 five
2091 3181 2334 3226 Oonceffionibus
2351 3193 2403 3222 per

1342 3236 1395 3257 nos
1417 3226 1510 3257 eidem
1532 3224 1663 3263 Johanni
1684 3233 1749 3256 ante
1761 3224 1824 3254 haec
1840 3229 1970 3259 tempora
1984 3220 2084 3260 factis,
2102 3231 2132 3252 in
2147 3221 2328 3260 praesentibus
2343 3224 2402 3253 rni-

1341 3266 1421 3296 nime
1443 3264 1515 3294 faeta
1537 3263 1649 3301 existit,
1674 3272 1722 3294 aut
1739 3262 1832 3301 aliquo
1852 3259 1981 3298 Statuto,
1999 3258 2095 3298 Actu,
2112 3258 2304 3292 Ordinatione
2315 3284 2325 3300 ,
2344 3261 2402 3292 five

1339 3303 1535 3334 Restriffione
1557 3310 1738 3339 quacumque
1751 3323 1761 3339 ‚
1785 3308 1849 3330 ante
1870 3298 1934 3329 haec
1954 3306 2084 3336 tempora
2104 3297 2178 3330 fasta
2194 3321 2206 3337 ,
2232 3298 2328 3339 edita,
2342 3299 2401 3332 five

1337 3341 1466 3380 provisa,
1486 3342 1515 3369 in
1532 3340 1628 3377 aliquo
1641 3349 1701 3370 non
1717 3338 1856 3370 obfflnte.

1370 3379 1411 3409 rIn
1429 3380 1523 3417 cujus,
1543 3379 1605 3410 &a

1379 3454 1469 3486 Teste
1486 3454 1568 3493 Rege
1579 3453 1654 3491 apud
1667 3452 1942 3494 Wstmonasterium,
1959 3451 2078 3483 decimo
2094 3452 2171 3484 sexto
2184 3451 2231 3484 die
2239 3452 2316 3492 Julii

1845 3532 1899 3560 Per
1912 3532 2005 3560 Breve
2021 3529 2053 3560 de
2066 3531 2186 3560 Privato
2199 3528 2299 3568 Sigilla.

1515 3666 1563 3697 De
1577 3664 1747 3698 Trafbando
1766 3676 1836 3700 cum
1854 3664 2225 3711 commissurus-Francia.

1441 3747 1471 3778 X
1499 3749 1632 3780 omnibus
1667 3750 1701 3780 ad
1715 3760 1804 3789 quos,
1819 3750 1882 3781 &c.
1903 3749 2039 3781 Salutem.

1346 3748 1430 3806 RE

2416 575 2453 593 m.
2473 570 2500 602 7.

2415 614 2441 633 n.
2458 614 2505 641 47-.

2417 1097 2434 1113 ⁰
2453 1096 2522 1128 th

2421 1144 2483 1172 ¹95·

1448 3788 1526 3825 Qiia
1542 3787 1620 3825 super
1633 3775 1852 3820 Reforrnatione
1867 3799 1986 3826 eorum,
2003 3798 2069 3827 quae
2081 3795 2182 3818 contra
2197 3785 2259 3815 vim
2277 3785 2311 3816 &
2328 3785 2400 3817 effe-
2416 3749 2555 3833 Αιηςῖἱὸἐ).Λ

1344 3826 1424 3856 &um
1443 3827 1606 3855 instantium
1628 3827 1807 3866 Treugarum
1832 3837 1880 3871 per
1901 3827 2037 3858 Subditos
2055 3822 2351 3866 RegnorumAngliae
2363 3826 2399 3857 &
2412 3836 2466 3860 An.
2488 3841 2512 3859 r.

1345 3864 1471 3894 Franciae
1492 3873 1656 3901 attemptata
1672 3866 1738 3896 hinc
1762 3865 1828 3895 inde
1848 3866 2030 3897 dinoscuntur

2078 3861 2334 3893 communicatum
2364 3865 2400 3896 δε
2418 3875 2447 3900 ι.
2470 3879 2498 3907 3.

1346 3903 1515 3932 Tractatum
1533 3904 1622 3932 extitit
1640 3903 1676 3933 de
1695 3904 1816 3934 Quadam
1838 3903 1925 3935 Dieta
1942 3905 2014 3935 inter
2027 3887 2246 3931 dommiffarios
2260 3900 2403 3941 utriusque
2419 3912 2507 3936 Franc.
2518 3914 2543 3934 x.

1346 3941 1486 3990 Principis
1503 3940 1622 3970 tenenda
1636 3941 1668 3971 δε
1683 3937 1870 3980 obrervanda‚

1386 3979 1523 4047 5312&oe
1538 4039 1546 4054 ,
1571 4026 1708 4055 quantum
1726 4019 1758 4048 in
1781 4017 1881 4049 Nobis
1899 4015 1941 4047 est
1953 4038 1964 4053 ‚
1982 4013 2232 4047 Reformationem
2245 4014 2405 4055 hujusmodi

1348 4055 1474 4087 debitum
1488 4055 1577 4086 sortiri
1594 4055 1739 4088 effectum.
2358 4090 2408 4122 De

2419 3951 2450 3975 R.
2465 3955 2490 3983 3.
2503 3952 2553 3974 m.-

2420 3984 2466 4012 28.
