2555 4266
724 165 1150 210 ETACTA
1230 138 1706 211 PussticA.
2216 177 2268 229 87

3 257 89 292 m.D.
113 255 165 288 <sto
178 255 316 288 Domino
331 255 431 288 nostro
443 256 511 293 Regi
526 253 638 292 Angliae
652 252 690 289 &
706 257 827 285 Franciae
839 255 951 287 subdito
960 255 1016 285 five
1029 252 1169 296 subjeeto,
1219 249 1362 293 celentur,
1380 250 1555 294 set-integra,
1575 252 1634 295 sine
1645 252 1847 298 Dim?nuti0ne
1861 259 2261 297 quacumfflea.(gaam-„³304
2278 257 2343 290 Arg
2366 258 2410 292 De

0 305 67 340 459.
115 296 209 340 vesin
224 296 319 334 aliquo
334 296 417 338 Loco
430 295 505 331 juxta
525 293 629 337 Portus
648 293 691 323 vel
715 294 795 338 Loca
818 295 949 331 praedieta
976 294 1173 340 Naufragiprn
1215 289 1286 318 illius
1301 287 1434 318 Dominii
1449 289 1493 318 seu
1513 290 1608 327 Loci,
1627 300 1656 320 in
1673 292 1752 327 quod
1768 293 1808 323 vel
1827 304 1852 322 in
1872 305 1960 335 <querc
2177 300 2259 330 de-e-
2298 307 2384 337 1459,

2 339 61 367 τιό.
116 333 369 372 patiidummodo
383 333 474 370 aliqua
490 331 651 362 Personam
678 331 779 370 Navi,
806 333 844 364 sic
865 332 1061 367 Naufragium
1082 338 1170 366 paisa,

1983 300 2055 328 «iilia
2074 302 2151 330 &3212

9 2028 65 2057 XI.

0 2076 42 2103 ις.

117 373 260 411 Superstes
277 371 392 406 existat)
413 381 472 402 non
487 371 584 401 licebit
598 370 677 401 dieto
691 370 932 401 Excellentis'simo
957 368 1082 407 Principi
1104 369 1171 408 Arq—

112 410 177 449 gliae
191 410 229 446 ὠ,
242 413 364 439 Franciae
380 412 460 449 Regi,
477 418 524 440 aut
542 409 623 439 alicui
638 408 682 438 vel
698 410 835 450 aliquibus
849 408 1037 450 Subditorum
1060 405 1104 434 vel
1120 403 1172 432 Li-

116 459 238 488 georum
253 448 367 479 suorum
377 471 386 485 ,
402 457 450 487 per
464 447 491 478 se
501 470 509 485 ,
523 448 567 478 vel
582 448 665 484 alios,
683 447 755 487 ipsos
771 452 807 477 lic
828 446 956 485 appulsos
977 445 1024 474 seu
1046 441 1170 484 Naufra-

116 488 199 526 gium
214 485 321 526 passos,
338 496 440 517 eorum
456 486 572 524 Naves,
600 485 694 522 Bona,
719 484 907 515 Mercandisas
919 506 928 520 ,
947 483 1003 512 sive
1028 481 1088 511 R&
1108 480 1173 509 allas

115 525 254 563 quascum
275 535 328 563 ue,
342 526 372 554 in
391 525 550 564 hujusmodi
573 524 706 554 Navibus
725 522 863 559 adducta,
888 520 1015 558 Capere,
1042 518 1172 557 Rapere,

116 564 164 594 vel
176 563 212 593 ab
225 564 252 593 ei
262 564 331 594 dem
345 563 383 593 iic
396 564 512 602 appulsis
525 571 572 593 aut
589 561 780 598 Naufragium
802 559 882 598 passis
901 560 958 604 vel·
970 558 1054 601 palso
1066 558 1173 587 auferre

116 602 220 639 quovis
236 601 328 632 modo
343 602 388 632 vel
401 605 484 634 etiarn
500 602 634 632 Detinere
644 621 654 636 ,
672 607 720 629 aut
735 599 842 640 ratione
860 597 960 627 Debiti
975 596 1089 640 alicujus
1104 595 1173 626 Per-

115 641 192 670 sonae
206 640 315 672 easdem
330 640 407 678 Res,
425 640 517 676 Bona,
536 638 583 668 vel
598 636 785 666 Mercandisas
798 636 964 674 integraliter
984 635 1030 666 vel
1055 645 1083 664 in
1098 642 1173 671 parte

117 678 246 710 arrestare
262 679 307 710 vel
321 679 443 710 arrestari
459 679 568 713 facere3
585 675 623 706 set
638 675 734 704 licebit
748 674 810 712 ipsis
826 675 861 704 sic
878 675 997 712 appulsis
1018 682 1063 703 aut
1087 673 1170 715 Nau-

116 716 142 747 fr
179 717 241 747 ium
256 716 351 755 pallis,
369 727 440 748 cum
455 715 588 746 Navibus
601 736 611 752 ,
630 712 830 751 Mercandisis,
847 712 944 751 Bonis,
960 715 992 744 &
1008 711 1107 755 Rebus
1122 716 1176 741 iuis

119 756 131 793 (
169 755 232 786 ausa
248 755 410 795 hujusmodi
425 752 564 789 cessante)
584 759 670 790 prout
681 751 719 781 fic
733 752 837 789 appulsi
850 760 898 782 aut
913 752 1109 787 Naufragium
1116 749 1175 788 pas-

117 794 138 823 ii
176 803 279 825 eorum
293 793 374 824 Navi
389 791 527 828 Refetfta,
545 791 733 827 tenebuntur,
753 791 926 828 quamcitius
940 789 1102 822 commode
1125 798 1173 818 va-

117 816 209 871 lez'mt,
225 833 367 869 recedere,
386 830 489 867 absque
502 829 729 872 quibuscumque
745 828 932 868 impetitione,
950 827 1175 871 ImpedimentO,

119 869 339 907 Moles-atione,
358 868 490 905 Arresto,
507 870 562 898 {ive
576 867 628 897 alia
649 866 812 897 Occasione
831 878 1010 907 quacumque
1026 890 1036 905 ,
1060 867 1111 896 sibi
1129 875 1177 910 per

120 908 235 940 dicrum
249 906 465 938 sslustrissimum
479 906 646 944 Principem
663 905 775 943 Angliae
789 904 827 940 ὠ·
842 909 964 936 Franciae
985 910 1085 947 Regem⁴
1098 927 1107 942 ,
1125 906 1176 934 ali-

119 947 268 1016 quemfafieu
282 947 389 1014 αὲἰῃυοε
400 945 460 982 ejus
474 944 631 975 Subditum
649 944 705 975 five
719 944 869 984 Subditos,
891 946 1048 976 obiciendis
1068 945 1124 973 live
1146 953 1176 973 ev

118 993 187 1017 tiam
227 992 291 1015 cieri
314 994 335 1014 is

159 1023 174 1054 Ι
180 1032 229 1053 τε
240 1029 267 1052 Μ
301 1005 525 1053 Ct’mcordatum
539 1020 580 1051 est
596 1022 629 1053 ὅτ
645 1019 844 1060 Conclusum,
872 1022 944 1052 inter
967 1021 1035 1052 Nos
1048 1019 1178 1063 praefatos

120 1063 262 1099 utriusque
276 1045 362 1092 Partis
375 1059 612 1097 Commissarios,
631 1060 711 1097 quod
745 1061 763 1089 si
779 1061 875 1098 aliquis
898 1062 942 1092 seu
965 1060 1049 1097 aliqui
1072 1057 1176 1104 Subdi-

119 1109 220 1130 torum
233 1099 279 1130 vel
292 1100 451 1138 Ligeorum
464 1098 691 1129 Metuendiffimi
706 1083 846 1136 Principis
857 1098 970 1136 Angliae
992 1098 1032 1133 ό·
1048 1101 1176 1141 'Francus

117 1138 299 1176 Regis,fic‚ut
314 1138 504 1178 praemittitur,
519 1136 646 1177 appulsus
659 1139 705 1167 seu
718 1138 832 1175 appulsi,
851 1146 900 1167 aut
914 1136 1108 1174 Naufragium
1118 1134 1177 1179 pas·

118 1177 162 1208 sus
178 1177 222 1206 vel
239 1176 306 1220 paffi
317 1199 327 1215 ,
345 1176 402 1206 sive
415 1177 445 1205 in
461 1176 595 1214 Regnum
608 1176 715 1206 Scotiae
728 1176 779 1206 sub
794 1176 870 1206 salvo
883 1175 1042 1205 Conduetu
1061 1182 1177 1205 veniens

120 1216 166 1245 vel
180 1224 342 1253 venientes,
361 1223 426 1245 ante
439 1214 530 1245 Diem
544 1215 719 1254 expirationis
729 1214 793 1244 salvi
813 1212 986 1256 Conduc'ffis
1002 1213 1040 1243 sui
1050 1234 1060 1250 ,
1077 1213 1175 1243 adver-

117 1257 148 1284 sa
167 1253 328 1284 Valitudine
345 1254 418 1284 adeo
434 1261 548 1283 vexetur
562 1253 607 1283 vel
624 1261 775 1290 vexentur,
790 1253 870 1290 quod
882 1255 919 1283 sic
931 1252 1056 1291 appulsus
1071 1251 1115 1282 vel
1128 1259 1176 1289 ap·

118 1292 205 1331 pulfi,
219 1302 267 1324 aut
281 1292 473 1331 Naufragium
488 1290 578 1329 passus
593 1291 639 1320 vel
661 1290 746 1329 paffi,
771 1299 818 1321 aut
838 1291 888 1321 sub
909 1290 995 1321 Salvo
1018 1289 1176 1332 Condu&u

118 1333 235 1362 veniens
250 1331 294 1361 vel
309 1331 471 1367 venientes,
489 1339 561 1360 cum
579 1329 660 1360 Navi
675 1330 720 1359 vel
748 1328 882 1361 Navibus
899 1351 908 1367 ,
926 1329 983 1366 qua
1007 1329 1053 1359 vel
1074 1328 1177 1370 quibus

119 1367 696 1440 {Fgssiifl'iiavseiffi‘issffissssffi’vsssslessssssse
717 1367 1077 1445 {izffffiffxfeiiar‘lss'gfeafff
1090 1366 1176 1436 3323}

702 1429 712 1445 2

120 1447 210 1478 mode
227 1446 374 1483 recedere,
391 1446 424 1476 &
439 1446 469 1476 in
483 1446 603 1483 proprias
619 1444 713 1475 Partes
726 1445 753 1474 se
764 1445 905 1482 recipere,
920 1453 990 1475 tunc
1006 1445 1082 1474 bene
1108 1443 1176 1473 lice-

120 1487 163 1517 bit
175 1486 214 1516 sic
228 1485 344 1525 appulso
357 1485 391 1515 Sc
406 1483 537 1521 appulsis,
554 1483 746 1522 Naufragium
761 1483 840 1520 passo
855 1485 899 1514 vel
913 1482 1002 1521 paffis,
1016 1492 1050 1512 ac
1062 1483 1178 1525 venien-

119 1526 143 1555 ti
158 1525 192 1555 &
207 1524 404 1560 venientibus,
422 1521 539 1552 infirmo
555 1521 599 1551 vel
612 1522 731 1552 infirmis
743 1522 916 1561 cuicumque
930 1522 977 1551 vel
992 1522 1178 1563 quibuscum-

118 1572 192 1602 que,
210 1563 288 1593 fiilvo
306 1562 341 1592 sc
353 1561 465 1597 secure,
482 1561 511 1589 in
527 1559 629 1597 Loco,
647 1570 707 1599 quo
720 1559 757 1590 fic
772 1561 898 1605 appulsus
910 1561 954 1590 vel
969 1560 1084 1603 appulsi,
1092 1559 1125 1589 N
1129 1569 1178 1589 au-

117 1602 239 1640 fragium
251 1599 341 1639 passus
355 1599 399 1628 vel
414 1597 480 1636 paffi
494 1598 662 1640 applicuerit
676 1599 721 1629 vel
743 1599 930 1636 applicuerint
952 1598 1086 1629 infirmari
1105 1608 1178 1628 con—

119 1640 229 1678 tigerit,
254 1638 401 1676 expastare
424 1641 571 1675 quousque
592 1637 794 1668 reconvaluerit
817 1638 861 1667 vel
886 1638 1123 1668 reconvaluerint:
1143 1637 1176 1667 &

117 1686 242 1716 extunc,
261 1686 332 1708 cum
350 1675 452 1705 Literis
465 1674 719 1706 Testimonialibus
733 1675 901 1714 Majorum,
918 1675 1034 1713 Ballivi,
1052 1674 1178 1707 &Con-

119 1715 276 1755 stabularii,
289 1723 339 1746 aut
359 1715 474 1751 alicuius
495 1713 603 1743 alterius
623 1713 765 1745 Officiarii
786 1714 912 1745 Domini
934 1714 1039 1754 Regis,
1055 1716 1084 1744 in
1107 1714 1175 1744 loco

117 1764 178 1792 quo
190 1755 228 1785 fic
243 1764 314 1786 eum
329 1753 373 1784 vel
387 1762 436 1782 eos
457 1751 592 1784 infirmari
616 1753 771 1793 contigerit
784 1776 794 1791 ,
812 1754 906 1784 eidem
930 1754 974 1784 vel
999 1753 1103 1784 eisdem
1126 1753 1176 1783 sub

119 1791 272 1823 moderatis
286 1793 330 1825 Ex
369 1791 421 1823 risis
439 1791 632 1822 concedendis
655 1792 686 1823 &
708 1792 846 1823 tradendis
861 1817 871 1830 ‚
888 1791 982 1823 Causa
1004 1791 1177 1823 infirmitatis

118 1831 280 1869 hujusmodi
295 1835 341 1862 cei
353 1838 435 1868 ante,
452 1830 482 1860 in
497 1828 596 1872 Partes
610 1832 737 1869 proprias
751 1831 883 1861 recedere
905 1832 1003 1861 licebit
1016 1843 1026 1870 3
1043 1832 1176 1869 idemque

118 1869 252 1900 infirmus
264 1869 312 1900 seu
327 1868 438 1901 infirmi
454 1867 619 1905 hujusmodi
632 1868 670 1898 fic
697 1870 827 1900 recedere
844 1870 960 1901 debebit
978 1870 1012 1900 &
1031 1869 1177 1900 debebunt

116 1909 217 1948 absque
233 1908 449 1947 Impedimento
464 1907 510 1936 vel
524 1905 683 1937 Obstaculo
696 1917 900 1947 quocumque,
915 1909 965 1938 sibi
983 1918 1031 1947 per
1051 1908 1176 1946 aliquem

117 1947 309 1978 Subditorum
327 1947 370 1977 vel
388 1946 546 1985 Ligeorum
562 1944 690 1976 Domini
702 1950 781 1984 Regis
793 1950 886 1976 Scotiae
902 1947 1126 1985 quomodolibet
1136 1947 1177 1976 fa-

120 1985 244 2025 ciendis,
262 1987 301 2016 ita
314 1994 412 2016 tamen
426 1983 506 2022 quod
521 1984 632 2014 interim
641 1985 727 2015 nichil
736 1985 922 2026 praejudiciale
938 1995 1037 2017 contra
1052 1985 1178 2024 Regem,

120 2023 281 2062 Regnum,
298 2025 342 2054 seu
361 2023 465 2062 Ligeos
477 2022 601 2060 ejusdem
617 2031 768 2063 attemptet
788 2024 832 2056 vel
853 2025 873 2044 *
896 2032 1065 2065 attemptent
1081 2024 1178 2056 fierive

120 2071 254 2101 procuret
266 2063 312 2093 seu
328 2069 503 2102 procurent,

160 2101 238 2138 Quae
253 2102 350 2131 omnia
362 2123 372 2139 ,
390 2100 472 2131 fimili
492 2098 585 2130 modo
613 2100 647 2131 &
668 2099 780 2139 forma,
805 2100 941 2140 fideliter,
966 2101 1126 2140 aequaliter,
1143 2102 1177 2134 &

119 2139 274 2171 efficaciter
296 2140 518 2169 observabuntur
539 2146 574 2168 ex
598 2137 679 2170 Parte
702 2138 929 2171 Metuendiffimi
952 2140 1078 2171 Domini
1100 2144 1179 2178 Regis

119 2178 252 2217 Angliae,
269 2179 302 2209 &
317 2178 400 2208 etiam
417 2176 603 2208 Subditorurn
621 2178 655 2209 &
670 2177 826 2216 Ligeorum
841 2179 955 2209 suorum
970 2189 1179 2217 quorumcum—

115 2227 184 2256 que,
200 2217 229 2246 in
246 2217 308 2247 casu
323 2225 381 2254 quo
395 2215 528 2253 aliquem,
536 2214 631 2253 Regni
647 2216 751 2246 Scotiae
762 2216 928 2255 Subditum,
942 2219 969 2247 in
983 2218 1106 2256 aliquem
1119 2218 1179 2248 Lo-

116 2266 187 2288 cum
201 2258 265 2294 Regi
280 2253 393 2293 Angliae
408 2253 562 2285 Subditum
577 2255 611 2284 &
629 2254 808 2294 Subjeilum,
827 2257 865 2286 fic
878 2256 1024 2293 appulsum
1038 2266 1084 2287 aut
1093 2256 1178 2287 Nau-

117 2295 237 2333 fragium
255 2292 384 2333 passum,
408 2293 452 2323 vel
473 2293 655 2337 venientem,
679 2294 829 2332 contigerit
848 2294 998 2332 infirmari,
1025 2295 1179 2334 infirmari,

115 2333 197 2402 jhm}
208 2333 332 2365 formam
349 2332 382 2362 &
393 2331 515 2362 modum
529 2331 558 2361 in
572 2339 705 2370 proxrmo
720 2332 892 2370 praecedenti
902 2332 1033 2366 Articulo
1044 2343 1178 2374 compre-

145 2381 178 2401 en
191 2381 233 2401 os.

158 2409 182 2440 P
192 2417 214 2440 Κ
224 2416 288 2440 AET
298 2414 348 2440 ER
359 2417 415 2446 ΕΑ,
434 2409 508 2438 inrer
522 2407 591 2438 Nos
606 2407 825 2440 Commiffiirios
841 2409 982 2450 utriusque
997 2409 1087 2441 Partis
1105 2421 1178 2450 prae—

119 2447 227 2485 dictos,
247 2447 500 2487 Appunstuatum,
518 2445 738 2478 Concordatum
752 2470 761 2485 ,
779 2447 952 2479 ordinatum
967 2471 976 2486 ,
992 2449 1025 2479 ὃ(
1047 2448 1180 2480 Conclu-

119 2486 181 2517 sum
201 2486 244 2517 est
256 2486 352 2524 quod,
371 2486 390 2517 fi
408 2487 573 2524 contingat,
591 2485 693 2515 eisdem
706 2486 827 2525 Treugis
852 2487 1033 2526 durantibus,
1056 2488 1179 2526 aliquem

118 2535 181 2556 non
196 2525 364 2561 Subditum,
384 2525 428 2554 vel
442 2525 548 2562 aliquos
564 2534 624 2553 non
641 2523 788 2563 Subditos,
807 2525 877 2556 dieti
898 2525 1076 2556 lllustrissimi
1100 2527 1180 2557 Prin-

119 2565 188 2603 cipis
200 2566 445 2630 Scotorudeqgir,
462 2563 596 2631 Nali3vem,
614 2563 660 2592 vel
673 2562 788 2601 Naves,
807 2564 963 2608 Personam
975 2564 1019 2594 vel
1034 2564 1179 2609 Personas,

119 2601 500 2684 &exterruerat
517 2610 798 2685 {aereaere
811 2603 1181 2686 astiterimus

124 2689 167 2720 pis
181 2677 297 2715 Angliae
312 2677 350 2712 ὠ
365 2681 486 2709 Frantiae
499 2682 576 2714 Regu
590 2677 702 2717 Cape-re
711 2702 720 2716 ,
737 2680 770 2709 &
783 2689 827 2710 eas
840 2681 884 2710 vel
897 2690 928 2710 ea
944 2682 971 2710 in
986 2682 1107 2718 aliquem
1117 2681 1180 2711 Lo-

125 2727 194 2748 cum
208 2718 252 2747 vel
266 2716 386 2747 Portum
403 2717 495 2748 eidem
511 2720 647 2746 Scotorum
660 2720 725 2755 Regi
739 2717 928 2750 Illustrisfimo
952 2719 1111 2758 subjeetum
1131 2720 1178 2750 ad·-

123 2757 246 2794 ducere,
264 2764 325 2785 non
339 2756 433 2786 licebit
449 2754 634 2786 Illustrisiimo
648 2759 787 2786 Scotorum
797 2761 880 2795 Regi,
899 2767 945 2789 aut
960 2758 1043 2789 alicui
1057 2758 1178 2789 Subdito

123 2795 181 2826 sive
199 2795 289 2833 Ligeo
301 2793 444 2835 samem,
462 2794 508 2825 vel
519 2803 551 2824 ea
562 2816 571 2830 ,
586 2794 631 2824 seu
645 2795 766 2834 aliquam
789 2795 903 2827 Partem
927 2797 1091 2827 earumdem
1141 2797 1178 2826 Ε·

123 2842 203 2864 mere
217 2833 260 2863 seu
273 2833 463 2872 quovismodo
474 2834 509 2862 ad
523 2831 689 2863 Utilitatem
705 2834 782 2864 suam
797 2834 966 2874 Receptare,
984 2835 1087 2873 absque
1097 2821 1180 2866 don-

123 2872 204 2904 sensu
220 2872 279 2910 ejus
291 2871 335 2901 vel
350 2881 451 2902 eorum
465 2871 499 2900 ad
515 2879 601 2908 quem
614 2872 659 2901 vel
675 2871 707 2901 ad
723 2882 794 2911 quos
806 2872 883 2904 Bona
895 2873 940 2904 seu
955 2873 1014 2905 Res
1039 2874 1182 2913 hujusmo-

127 2911 157 2940 di
170 2919 235 2940 ante
249 2918 350 2941 eorum
367 2909 542 2947 captionem
557 2912 623 2939 vere
639 2911 834 2950 pertinebant,
1178 2912 1181 2916 '

163 2947 254 2987 Quod
270 2948 290 2978 si
309 2957 358 2988 per
373 2948 496 2986 aliquem
509 2957 608 2978 eorum
623 2949 788 2987 quicquam,
804 2951 831 2980 in
847 2951 1022 2980 contrarium
1036 2949 1182 2988 hujusmo-

125 2986 154 3017 di
170 2986 386 3025 Ordinationis,
401 2987 510 3018 fastum
526 2987 572 3016 vel
595 2995 792 3024 attemptatum
813 2988 915 3026 fuerit,
939 2998 1009 3019 tunc
1032 2988 1182 3027 Personae,

124 3024 220 3063 Bona,
237 3024 441 3063 Mercandisae,
460 3025 493 3056 &
508 3025 568 3055 Res
582 3034 771 3064 quaecumque
783 3026 960 3065 hujusmodi,
978 3027 1017 3057 sic
1032 3028 1181 3064 emptaseu

125 3072 255 3103 recepta,
269 3063 309 3094 illi
323 3064 366 3095 vel
384 3064 454 3102 illis,
470 3064 504 3094 ad
521 3074 607 3102 quem
621 3064 663 3094 vel
684 3064 718 3094 ad
745 3075 817 3103 quos
839 3064 916 3095 Bona
934 3065 1096 3103 hujusmodi
1115 3067 1183 3096 vere

123 3103 298 3140 pertinebant
313 3102 417 3142 (dolo,
436 3102 548 3141 fraude,
567 3102 688 3145 malove-
694 3103 810 3142 ingenio
821 3103 986 3134 ceffamibus
998 3104 1183 3142 quibuscum-

123 3141 196 3180 que)
214 3142 380 3180 integraliter
395 3140 589 3178 restituenrur,
608 3151 658 3180 per
672 3143 709 3171 sic
731 3151 856 3172 ementes
877 3142 922 3173 seu
949 3144 1129 3182 recipientes,
1146 3153 1182 3174 eo

127 3179 218 3210 modo
231 3190 289 3218 quo
300 3179 406 3211 restitui
425 3180 530 3211 debent
544 3180 563 3210 fi
579 3190 594 3210 a
607 3179 733 3210 Subditis
746 3180 815 3210 disti
840 3180 1018 3212 lllustrisfimi
1044 3181 1182 3221 Principis

125 3220 260 3247 Scotorum
274 3221 350 3255 Regis
363 3228 444 3257 capta
460 3219 589 3258 fuissent3
607 3218 641 3249 ὃς
653 3218 855 3250 nichilominus
867 3219 905 3249 sic
928 3228 1106 3258 attemptans,
1122 3229 1183 3250 tan-

125 3265 210 3299 quam
224 3255 353 3286 Violator
367 3257 466 3287 harum
481 3256 679 3297 Treugarum,
697 3258 820 3295 graviter
835 3259 867 3288 ὅ(
880 3266 934 3297 pro
949 3259 1040 3289 modo
1058 3259 1091 3289 &
1114 3268 1182 3297 qua-

126 3293 204 3324 litate
216 3293 354 3329 Criminis
366 3296 513 3334 punietur,

165 3332 243 3370 Qiae
256 3335 352 3374 omnia
370 3335 404 3364 &
418 3334 537 3372 finguia,
554 3333 645 3364 modo
660 3333 694 3364 ὅ(
706 3332 803 3365 foi-mi
818 3334 980 3374 praemisfis,
999 3334 1184 3366 Excellentis-

130 3370 215 3400 fimus
226 3371 259 3401 &
268 3370 524 3402 christianissimus
536 3372 673 3411 Princeps
684 3372 798 3411 Angliae
812 3372 850 3408 &
863 3376 984 3403 Franciae
1008 3377 1068 3404 Rex
1090 3374 1187 3404 obser-

128 3410 226 3445 vabit,
245 3409 278 3439 &
321 3419 340 3444 ,r
353 3410 415 3441 suos
425 3410 562 3441 Subditos
580 3410 612 3442 ὃς
624 3410 732 3448 Ligeos
745 3411 885 3449 similiter,
907 3412 1073 3451 aequaliter,
1091 3414 1124 3444 ὅ(
1142 3413 1184 3443 ef-

129 3447 255 3478 ficaciter
272 3457 291 3478 o
323 3450 410 3478 ervari
424 3449 520 3487 faciet,
539 3450 568 3479 in
583 3449 646 3479 casu
660 3457 720 3486 quo
737 3450 828 3490 aliqua
844 3451 984 3488 Persona,
1000 3451 1100 3488 Navis,
1108 3450 1188 3483 Mer-

126 3484 265 3522 candisae,
284 3484 360 3523 Res,
376 3487 422 3521 vel
445 3486 523 3518 Bona
542 3497 730 3527 quaecumque
753 3488 824 3520 dieti
844 3489 1021 3520 Illustriffimi
1045 3490 1186 3528 Principis

124 3527 262 3568 Scotorum
275 3524 368 3562 Regis,
379 3533 431 3567 ‚aut
443 3525 560 3570 alicujus
575 3525 621 3557 seu
636 3526 797 3566 aliquorum
814 3527 927 3558 Subditi
943 3529 985 3558 vel
998 3529 1187 3559 Subditorum

128 3561 1055 3644 snemfflrmaeilssqffmpffl'
1072 3567 1187 3644 22¹3:

188 3641 308 3669 Franciae
323 3638 351 3670 su
373 3637 490 3669 radieto.

131 3639 214 3708 &iv
227 3685 300 3717 EM,
315 3648 395 3707 {inilli
409 3676 517 3720 modo,
535 3676 757 3710 Concordatum
771 3679 813 3710 est
828 3679 909 3718 quod
925 3703 936 3718 ,
951 3681 971 3711 fi
989 3703 999 3719 ,
1023 3681 1190 3713 durantibus

129 3716 253 3755 Treugis
266 3715 447 3757 supradistis,
473 3717 620 3755 contingat
642 3717 765 3757 aliquam
789 3717 910 3749 Navem
929 3719 1037 3749 alterius
1060 3720 1187 3751 Partiurn

127 3755 328 3794 praedictarum
344 3754 535 3796 quiragium
550 3755 604 3790 pati
622 3763 669 3785 aut
681 3755 797 3795 rumpi,
815 3756 849 3786 &
869 3757 961 3794 aliqua
980 3756 1189 3797 Personarum,

129 3792 310 3824 existentium
319 3793 348 3823 in
366 3792 446 3836 Navi
460 3791 498 3835 sic
513 3790 705 3831 Naufragium
719 3794 794 3830 passa
814 3793 859 3825 vel
880 3794 963 3833 rupta
982 3795 1126 3834 Superstes
1145 3806 1189 3826 re—

133 3831 263 3861 manserit
283 3830 474 3868 (cessanribus
488 3840 517 3860 in
531 3838 561 3873 ea
580 3829 663 3860 Parte
677 3830 764 3867 doio,
783 3831 879 3863 fraude
893 3855 902 3871 ,
921 3833 955 3863 &
980 3835 1057 3864 malo
1071 3836 1189 3872 ingenio

153 3869 374 3908 uibuscumque)
400 3867 605 3906 Mercandisae,
621 3867 718 3907 Bona,
736 3869 768 3898 δε
783 3868 842 3899 Res
857 3880 990 3909 quaecum
1013 3881 1067 3912 ue,
1084 3873 1190 3912 quaede

154 3909 160 3914 '
193 3918 209 3938 a
224 3906 304 3937 Navi
338 3907 443 3947 rojecta
459 3907 520 3938 sunt
530 3930 539 3944 ,
555 3914 590 3936 ex
604 3905 703 3936 eadem
719 3907 857 3945 eittraffita,
884 3909 928 3938 vel
948 3911 979 3939 in
1077 3911 1082 3916 ’

132 3947 179 3978 fla
187 3970 198 3987 ,
215 3944 262 3976 vel
274 3945 308 3975 ad
318 3917 352 3975 Pl*

351 3956 440 3978 erram
461 3945 598 3976 venientia
608 3967 616 3981 ,
633 3944 677 3974 seu
692 3944 754 3974 alias
769 3946 959 3982 quovismodo
976 3911 1190 3979 Salvtimssccgitl·

131 3995 212 4022 vata,
228 3993 277 4022 per
291 3993 356 4021 eos,
375 3985 408 4013 ad
421 3993 543 4024 quorum
568 3982 673 4013 Manus
692 3982 750 4011 Res
770 3984 803 4013 &
828 3982 1030 4024 Mercandisae,
1055 3987 1090 4018 &
1112 3986 1190 4018 Bona

130 4021 292 4062 hujusmodi
304 4021 498 4061 devenerunt,
513 4022 667 4052 nullatenus
682 4019 876 4059 Diffipentur,
895 4021 1098 4055 Diminuantui·
1149 4025 1191 4056 A«

129 4063 287 4098 limentur,
306 4059 495 4101 Dividantur,
513 4070 569 4093 nec
578 4060 683 4101 quovis
696 4059 789 4092 modo
802 4059 1007 4094 Subtrahaatur
1015 4084 1027 4101 2
1042 4072 1090 4096 aut
1105 4049 1193 4103 (⁷20u3

1213 334 1332 363 nerunt,
1351 325 1397 355 seu
1412 327 1471 363 ejus
1489 327 1653 366 Deputato,
1672 329 1787 361 fideliter
1809 332 1840 361 δι
1861 338 1915 362 ime
1935 333 2043 372 fratres,
2070 337 2257 368 dehbiflmrut
2269 340 2370 365 ΗΜΛ.

1213 373 1299 401 arque
1309 363 1467 401 tradantur,
1488 365 1523 395 ad
1550 366 1651 407 Usum·
1668 368 1712 397 vel
1732 367 1893 399 Utilitatem
1914 370 1984 400 iliius
2011 375 2051 403 xe}
2072 375 2199 406 illorum.
2224 376 2259 406 ad

1213 411 1301 440 quem
1317 401 1361 432 vel
1375 402 1409 431 ad
1422 412 1500 443 ³quos
1514 403 1592 434 Bona
1608 406 1661 441 ipsa
1677 407 1716 436 rei
1742 407 1855 437 veritate
1875 408 2015 447 inspecia,
2040 413 2173 448 pertinere
2191 408 2261 445 ‘nos-

1213 447 1333 476 cuntur,
1353 442 1563 483 conservanda,
1578 444 1625 472 cui
1640 444 1682 473 vel
1697 445 1814 484 quibus,
1829 445 1901 475 infra
1916 446 2041 483 Spatium
2065 451 2142 480 unius
2162 453 2260 490 Anni,

1213 487 1229 506 a
1245 486 1376 520 tempore
1393 478 1516 508 Notitiae
1534 479 1685 518 Naufragii
1703 489 1745 511 vei
1761 483 1896 521 Rupturae
1914 485 2004 514 Navis
2019 486 2037 515 h
2052 488 2112 524 rjusu
2126 490 2263 520 adicem-

1215 516 1350 559 putandi,
1368 516 1465 546 licebit
1479 526 1533 554 pro
1550 516 1778 560 Recuperatione
1792 521 1824 550 ὃς
1837 521 2026 554 Ηε.ἶίω[ἰοι,ε
2041 524 2163 563 Rerum,
2182 527 2264 558 Mn-

1214 554 1392 585 candisarum
1406 555 1438 585 &
1454 554 1600 585 Bonorum
1625 556 1787 594 hujusmodi
1809 560 1935 597 proiequi
1954 571 2052 592 coram
2070 561 2170 598 Judice
2189 566 2217 595 iii
2232 577 2264 597 ea

1215 601 1292 630 parte
1305 602 1507 632 competente,
1523 595 1569 624 cui
1585 595 1630 624 vel
1647 595 1766 633 quibus,
1785 596 1821 625 sic
1835 598 2009 636 prosequenti
2023 601 2056 630 ὅτ.
2080 605 2263 638 proleque-nti-

1215 632 1284 669 bus,
1303 632 1451 663 realiter&
1465 632 1647 663 affeetualiter
1663 633 1749 671 tradi,
1768 633 1889 673 liberari,
1908 637 1940 667 ὃς
1959 638 2199 677 restituidebe1st3
2223 641 2266 671 so⁴

1214 669 1276 700 lutis
1291 679 1387 701 tamen
1403 670 1436 701 &
1452 671 1546 701 retusis
1560 671 1694 709 Expenfis
1707 672 1740 703 &
1753 671 1916 710 Sumptibus
1938 676 2141 707 rationabilibus
2161 699 2170 714 ,
2191 678 2267 709 neus

1215 709 1291 739 circa
1309 707 1524 739 Collefflonem
1536 711 1570 741 ὃ(
1587 709 1778 740 Salvationem
1790 709 1937 741 Bonorum
1952 715 2132 744 eorumdem:

1255 746 1375 778 Proviso
1389 746 1496 784 semper
1509 748 1589 786 quud
1606 747 1726 779 Persona
1742 749 1786 779 vel
1800 749 1930 780 Personae
1945 751 2084 789 Superstes
2103 752 2148 784 vel
2168 751 2268 791 Super-

1219 784 1294 815 stites
1307 795 1342 816 ex
1356 785 1456 817 eadem
1473 785 1574 823 Navi,
1588 786 1623 817 ad
1634 787 1755 818 Terram
1769 790 1928 826 venientes,
1946 790 1978 820 ad
1997 790 2106 821 Statum
2118 814 2126 829 ,
2143 792 2214 828 juxta
2222 791 2274 822 Ef-

1217 823 1327 854 feetum
1341 824 1374 854 &
1387 823 1537 854 Tenorem
1555 825 1730 862 praesentium
1745 825 1934 866 Treugarum,
1958 829 2046 859 libere
2071 830 2259 860 dimittetur.

1256 861 1270 892 Ι
1280 870 1303 892 Τ
1314 872 1334 893 Ε
1346 870 1393 900 Μ,
1411 862 1492 892 firnili
1510 863 1618 901 modo,
1636 863 1852 895 Concordatum
1870 865 1912 896 est
1926 868 2024 905 quod,
2042 867 2073 905 fi,
2084 867 2164 898 dietis
2181 868 2274 898 Treu-

1218 901 1259 967 {is
1269 901 1450 939 durantibus,
1464 901 1555 939 aliqua
1577 901 1691 940 Navis,
1712 903 1792 933 unius
1814 903 1900 935 Partis
1923 906 1968 936 vel
1989 907 2110 942 alterius,
2134 906 2274 943 personis,

1251 939 1334 977 ebus,
1351 938 1554 978 Mercandisis,
1571 950 1617 970 aut
1637 940 1721 971 Bonis
1737 940 1864 981 Onusta,
1885 943 1940 973 sive
1958 944 2071 983 Rupta,
2090 955 2144 975 uve
2159 955 2211 984 pro
2221 944 2273 975 Vi·-

1215 976 1355 1008 {tualibus
1371 978 1408 1008 de
1423 978 1583 1009 necessitate
1598 981 1636 1009 eis
1649 981 1678 1009 in
1694 979 1770 1009 Mari
1783 980 1994 1019 superveniente
2016 983 2168 1022 Emendis,
2186 984 2274 1021 appli-

1218 1017 1307 1046 cuerit
1320 1017 1352 1047 in
1367 1016 1488 1055 aliquem
1503 1016 1626 1048 Portum
1639 1018 1685 1048 vel
1702 1017 1816 1048 Locum
1832 1020 1916 1050 alium
1934 1021 2048 1059 alicujus
2063 1021 2188 1053 Partiuiu
2204 1032 2276 1059 prae-

1219 1053 1376 1092 didiarum,
1395 1065 1445 1092 pro
1459 1066 1513 1094 qua
1528 1055 1677 1087 reficienda
1699 1056 1817 1087 Navem
1839 1058 1945 1097 ipsam,
1965 1060 2096 1091 Personas
2112 1085 2121 1099 ,
2147 1060 2274 1098 Merces,

1219 1090 1296 1129 ReS,
1315 1094 1348 1124 &
1363 1093 1442 1125 Bona
1455 1103 1591 1125 contenta
1612 1096 1641 1124 in
1662 1093 1778 1133 eadem,
1801 1106 1929 1134 oporteat
1953 1099 1986 1128 ad
2009 1099 2125 1130 Terram
2147 1099 2273 1138 deponi,

1219 1130 1318 1173 quod,
1333 1132 1363 1161 in
1377 1131 1434 1162 hoc
1452 1131 1544 1170 Casu,
1562 1131 1692 1164 Personae
1702 1155 1712 1171 ‚
1729 1133 1862 1173 Merces,
1881 1136 1955 1174 Res,
1970 1137 2003 1168 &
2019 1137 2095 1167 Bona
2110 1138 2164 1176 ipsa
2179 1140 2215 1169 iic
2224 1140 2274 1175 de-

1217 1172 1325 1206 polita,
1343 1169 1675 1215 absqueNImpedimento
1685 1195 1694 1210 ,
1704 1173 1745 1213 -&
1760 1172 1818 1204 sine
1832 1173 1982 1206 Solutione
2002 1175 2169 1214 Custumae,
2186 1178 2214 1207 in
2229 1187 2273 1208 ea-

1220 1207 1288 1237 dem
1305 1207 1386 1238 Navi
1404 1210 1495 1245 (cum
1512 1210 1531 1228 ²*
1554 1209 1676 1242 Refesta
1697 1212 1799 1248 tuerit)
1819 1212 1863 1242 vel
1883 1214 1913 1243 in
1934 1215 2016 1245 aliam
2037 1224 2223 1253 reponantur,
2240 1218 2272 1247 &
2291 1208 2311 1227 ²*

2330 1208 2384 1238 xl.

1216 1245 1307 1276 libere
1319 1246 1512 1284 abducantur,
1538 1246 1656 1279 Proviso
1674 1258 1768 1279 tamen
1794 1251 1874 1288 quod
1893 1262 1946 1291 pro
1969 1251 2134 1292 Mercibus,
2163 1253 2277 1294 Rebus,
2293 1255 2361 1285 430·

1219 1283 1322 1328 Bonis,
1340 1285 1374 1315 &
1390 1284 1574 1316 Mercandisis
1617 1288 1725 1317 ibidem
1747 1297 1800 1327 pro
1823 1292 1949 1321 emendis
1969 1290 2146 1323 victualibus
2170 1293 2207 1322 eis
2227 1303 2277 1323 ne—

1216 1323 1335 1366 ceflariis
1351 1333 1404 1366 pro
1422 1324 1558 1354 Numero
1573 1308 1757 1356 Personarum
1776 1327 1909 1367 venditis,
1943 1329 2096 1361 Custuinae
2119 1332 2153 1361 &
2173 1340 2275 1363 caetera

1218 1360 1359 1399 Deveria,
1376 1371 1406 1391 in
1421 1372 1452 1392 ea
1469 1371 1547 1398 parte
1559 1362 1670 1400 debita,
1686 1363 1801 1395 fideliter
1815 1366 2012 1403 persolvantur.

1258 1398 1485 1443 Iramiimili
1499 1401 1604 1439 modo,
1623 1401 1842 1434 Concordatum
1855 1405 1914 1443 est,
1929 1407 2027 1445 quod,
2045 1408 2063 1437 si
2085 1409 2145 1447 quis
2163 1408 2199 1439 de
2221 1418 2275 1441 una

1219 1437 1304 1468 Parte
1319 1438 1445 1482 Paruum
1461 1439 1661 1484 praedi'Ctarurn
1678 1442 1786 1479 capiat,
1803 1442 1886 1474 diens
1900 1443 2020 1484 Treugis
2033 1446 2206 1484 durantibus,
2225 1448 2274 1477 ali-

1220 1476 1299 1513 quod
1315 1476 1495 1520 Fortalitium
1510 1480 1589 1515 super
1602 1480 1723 1517 aliquam
1744 1478 1875 1519 Partem,
1897 1484 1966 1522 ipse,
1991 1486 2072 1522 super
2092 1486 2124 1516 δε
2146 1485 2276 1517 adversus

1219 1524 1308 1552 quern
1325 1515 1486 1558 huiusmodi
1499 1515 1677 1559 Fortalitium
1694 1516 1819 1556 Captum
1836 1519 1936 1559 fuerit,
1952 1524 2053 1559 poterit
2066 1523 2134 1554 illud
2155 1533 2273 1563 recupe7

1220 1563 1279 1582 rare
1295 1563 1344 1592 per
1357 1553 1443 1585 Viam
1461 1554 1542 1585 Fasti
1553 1578 1564 1593 ,
1582 1556 1625 1586 vel
1639 1557 1715 1586 aliter
1730 1565 1815 1593 prout
1831 1559 1929 1589 melius
1943 1563 2066 1598 porerit,
2083 1563 2114 1591 ὃς
2129 1564 2211 1593 etiam
2271 1575 2274 1577 ·

1220 1593 1283 1623 terit
1300 1593 1400 1630 punire
1412 1592 1614 1624 Malefa&ores
1627 1594 1656 1624 in
1671 1604 1702 1627 ea
1717 1603 1794 1631 parte
1807 1596 1964 1628 secundum
1978 1601 2146 1636 exigentiam
2163 1600 2272 1632 Casus·

1220 1631 1254 1674 St
1270 1631 1439 1662 tenebuntur
1455 1629 1674 1663 Conservatores
1687 1632 1759 1663 illius
1775 1633 1878 1673 Partis,
1902 1639 1979 1673 cujus
1999 1638 2134 1670 Subditus
2157 1625 2277 1671 Fortali3

1220 1678 1292 1699 tium
1311 1669 1479 1713 hujusmodi
1487 1672 1595 1708 ceperit
1605 1694 1614 1709 ,
1631 1672 1793 1715 succurrere
1809 1673 1842 1703 &
1853 1675 1949 1712 juvare
1961 1676 2070 1714 ipsum,
2086 1676 2166 1714 super
2181 1680 2211 1707 ὃ(
2227 1679 2278 1708 ad-

1218 1708 1313 1740 versus
1329 1719 1416 1747 quem
1431 1708 1592 1747 hujusmodi
1609 1709 1787 1741 Fortalitium
1800 1721 1914 1750 captum
1938 1714 2039 1752 fuerit,
2058 1718 2092 1746 ad
2112 1716 2199 1753 ipsum
2217 1715 2280 1747 Re-

1219 1747 1430 1790 cuperandum,
1448 1750 1534 1791 quam
1553 1748 1636 1779 citius
1652 1750 1686 1780 &
1708 1750 1791 1786 quam
1811 1751 1968 1789 diligentius
1986 1775 1997 1790 ,
2021 1753 2186 1793 Sumptibus
2207 1754 2279 1787 illius

1219 1784 1308 1829 Partis
1320 1785 1505 1830 offendentis:
1526 1787 1589 1824 vel,
1608 1787 1628 1818 fi
1646 1788 1732 1826 magis
1748 1787 1897 1828 placuerit,
1916 1791 1986 1829 ipse,
2014 1793 2093 1829 super
2116 1803 2202 1830 quem
2223 1793 2279 1824 hu-

1218 1823 1340 1860 iusmodi
1354 1824 1534 1856 Fortalitium
1553 1834 1668 1863 captum
1683 1827 1784 1864 fuerit,
1802 1830 1938 1867 requirere
1954 1831 2054 1868 poterit
2080 1833 2111 1863 &
2136 1832 2277 1865 summare

1220 1862 1334 1902 Regem
1351 1864 1385 1895 &
1402 1862 1621 1895 Conservatores
1643 1864 1752 1895 alterius
1776 1865 1863 1897 Partis
1875 1889 1885 1906 ,
1903 1870 1946 1899 seu
1968 1878 2068 1900 eorum
2090 1870 2249 1909 Deputatos
2263 1894 2277 1909 ,,

1219 1902 1300 1939 quod
1316 1901 1366 1932 sibi
1381 1902 1456 1944 reddi
1467 1902 1571 1944 faciant
1585 1903 1619 1933 δε
1635 1903 1740 1934 restitui
1755 1903 1864 1936 dietum
1880 1906 1960 1937 suum
1975 1907 2201 1947 Fortalitiurn,&
2212 1909 2280 1940 Ma-

1220 1940 1387 1983 lefaetores,
1404 1950 1453 1979 qui
1469 1940 1631 1984 hujusmodi
1655 1941 1830 1974 Fortalitium
1851 1954 2012 1984 ceperunt,
2040 1945 2116 1984 quod
2137 1947 2203 1985 ipsi,
2227 1958 2280 1985 pro

1219 1978 1324 2048 ἒεὲιίίε,
1342 1979 1433 2024 facere
1447 1979 1480 2011 &
1495 1979 1662 2018 perimplere
1676 1982 1863 2021 tenebuntur,
1881 1985 1983 2023 absque
1998 1985 2068 2015 dolo
2078 2007 2088 2023 ,
2113 1985 2227 2024 fraude,
2245 1987 2278 2018 δε

1278 2028 1298 2048 ο
1311 2027 1338 2048 in
1359 2028 1434 2049 emo.

1257 2026 1381 2095 Ιτεξι,
1399 2057 1480 2088 simili
1498 2055 1589 2088 modo
1599 2080 1609 2095 ,
1627 2054 1848 2089 Concordatum
1864 2060 1904 2090 est
1920 2061 2018 2099 quod,
2037 2062 2072 2099 si,
2090 2062 2212 2103 Treugis
2226 2063 2280 2094 du,-

1220 2095 1366 2133 rantibus,
1383 2095 1418 2126 ali
1438 2097 1479 2126 uis
1492 2096 1536 2126 vel
1553 2097 1587 2126 ali
1608 2097 1651 2134 ui,
1666 2106 1701 2127 ex
1719 2096 1859 2134 Vaffallis,
1881 2098 1973 2137 Ligeis
1987 2100 2033 2132 vel
2055 2101 2177 2132 Subditis
2201 2103 2282 2133 unius

1221 2133 1347 2165 Partium
1361 2144 1420 2171 prae
1444 2135 1580 2173 Rarum,
1630 2136 1758 2175 eliquerit
1770 2137 1814 2167 seu
1836 2136 2012 2176 Deliquerint
2028 2141 2055 2169 in
2069 2139 2228 2170 Territorio
2241 2142 2281 2171 al-

1221 2174 1304 2203 terius
1323 2173 1430 2210 Partis,
1445 2174 1526 2203 liceat
1542 2173 1618 2204 Parti
1644 2175 1672 2205 in
1691 2175 1790 2213 cujus,
1807 2174 1971 2207 Terrltorio
1996 2178 2032 2208 iic
2056 2177 2214 2216 Deliquerit
2233 2179 2279 2210 seu

1218 2209 1423 2249 'Deliquerinu
1440 2213 1530 2254 ipsum
1549 2213 1582 2242 &
1596 2212 1668 2249 ipsos
1680 2222 1779 2252 capere
1795 2214 1828 2244 ὅς
1845 2215 1944 2253 punire
1959 2216 2114 2247 secundum
2129 2218 2220 2255 Leges
2227 2216 2281 2248 Pa,-

1220 2251 1283 2280 triae
1294 2272 1304 2288 ,
1322 2252 1352 2280 in
1371 2260 1425 2287 qua
1440 2253 1477 2281 sic
1494 2250 1653 2289 Deliquerit
1668 2251 1715 2282 seu
1729 2250 1926 2291 Deliquerint,
1944 2253 2099 2286 secundum
2111 2257 2281 2294 exigentiam

1221 2287 1333 2319 Delicti·
1350 2298 1399 2326 per
1413 2289 1503 2325 ipsum
1520 2290 1564 2319 vel
1578 2291 1651 2327 ipsos
1671 2291 1817 2321 commissi
1839 2291 1884 2322 vel
1905 2294 2069 2330 perpetrati:
2095 2293 2124 2324 Si
2147 2297 2218 2325 vero
2241 2295 2280 2326 sic

1222 2325 1403 2365 Delinquens
1417 2328 1460 2357 vel
1478 2326 1679 2365 Delinquenres
1694 2327 1801 2366 Captus
1815 2329 1859 2359 vel
1874 2329 1961 2367 Capti
1975 2341 2034 2363 non
2050 2331 2134 2362 fuerit
2149 2342 2195 2363 aut
2219 2332 2280 2364 fue-

1219 2366 1278 2396 rint
1293 2375 1320 2396 ut
1338 2366 1532 2403 praemittitur,
1549 2366 1588 2396 set
1601 2366 1627 2397 se
1642 2369 1782 2398 retraxerit
1804 2368 1850 2398 vel
1870 2371 2029 2401 retraxerint
2050 2371 2079 2399 in
2107 2369 2283 2402 Doniinium

1222 2404 1306 2441 ipfius
1321 2403 1409 2443 Regis
1422 2405 1502 2442 cujus
1516 2404 1629 2435 Subditi
1644 2405 1764 2443 fuerint,
1792 2404 2013 2439 Conservatores
2037 2408 2110 2439 illius
2131 2409 2218 2440 Partis
2238 2420 2282 2440 re-

1222 2443 1314 2480 quisiti
1330 2444 1499 2474 tenebuntur
1514 2442 1648 2474 Liberare
1665 2442 1818 2475 Personam
1832 2445 1878 2474 vel
1892 2444 2025 2477 Personas
2039 2446 2195 2485 hujusmodi
2215 2448 2281 2479 Ma-

1221 2480 1389 2512 lefadorum
1400 2504 1410 2520 ,
1426 2482 1581 2519 puniendas
1596 2490 1625 2513 ut
1641 2483 1803 2521 praefertur,
1823 2482 2078 2516 Conservatoribus
2093 2487 2202 2517 alterius
2212 2487 2280 2518 Par-

1223 2521 1257 2549 tis
1271 2520 1330 2551 hoc
1345 2521 1566 2557 requirentibus,
1586 2530 1747 2552 aureorum
1760 2521 1949 2561 Deputatisin
1972 2522 2103 2555 Marchia
2125 2526 2174 2555 ubi
2200 2525 2282 2557 Deli-

1223 2561 1313 2596 querit
1327 2560 1373 2589 vel
1386 2558 1582 2596 Deliquerint:

1261 2597 1291 2627 Si
1306 2600 1375 2628 vero
1390 2598 1475 2628 iidem
1490 2597 1691 2629 malefactores
1712 2597 1738 2629 se
1762 2598 1971 2630 occultaverint
1987 2620 1997 2638 ,
2022 2600 2189 2632 latitaverint
2207 2622 2216 2640 ‚
2234 2602 2281 2634 seu

1218 2635 1395 2673 effugerint,
1413 2638 1450 2667 ita
1468 2644 1498 2667 ut
1513 2637 1577 2675 capi
1588 2646 1648 2667 non
1664 2637 1783 2676 possint,
1802 2641 1883 2674 Rex,
1899 2640 1978 2677 cujus
1995 2638 2107 2670 Subditi
2135 2643 2286 2680 extiterint,

1222 2673 1307 2705 debet
1322 2685 1371 2705 eos
1386 2684 1455 2705 mox
1471 2677 1610 2715 perpetuo
1625 2675 1801 2707 Forbannire
1813 2677 1850 2706 ab
1864 2678 2000 2708 omnibus
2016 2677 2102 2708 Locis
2116 2678 2170 2709 suae
2186 2679 2284 2710 Ditio—

1222 2714 1253 2743 ni
1269 2713 1414 2753 iubjeetis,
1440 2723 1512 2752 quos
1534 2722 1639 2745 extunc
1659 2714 1739 2745 nullo
1762 2725 1888 2754 unquam
1910 2724 2040 2755 ternpore
2063 2715 2205 2756 restituet,
2230 2726 2284 2749 nec

1223 2753 1366 2788 permittet
1378 2752 1487 2791 ingredi
1507 2752 1552 2783 vel
1567 2752 1714 2783 inhabitari
1730 2753 1828 2791 Loca,
1845 2762 1875 2784 ut
1897 2755 2041 2791 praefertur
2054 2778 2063 2792 ‚
2088 2755 2144 2785 suae
2171 2756 2284 2788 Ditioni

1223 2790 1365 2829 subjeera,
1383 2792 1435 2821 nili
1452 2790 1654 2822 Malefatstores
1666 2792 1715 2830 ipsi
1728 2793 1804 2830 prius
1818 2792 1951 2824 subierint
1965 2792 2126 2832 justitiam,
2150 2795 2182 2824 ὅ(
2203 2797 2285 2833 plene

1221 2829 1399 2860 satisfecerint
1413 2830 1489 2860 alteri
1506 2829 1600 2867 Parti,
1617 2840 1719 2861 contra
1735 2840 1819 2869 quam
1836 2831 1875 2862 sic
1897 2833 2125 2871 attemptaverint
2139 2854 2149 2870 ‚
2175 2833 2209 2864 de
2234 2834 2285 2864 At-

1223 2870 1364 2912 temptatis
1375 2868 1551 2907 hujusmodi,
1570 2869 1627 2899 five
1640 2869 1762 2900 Deliciis
1776 2879 1826 2908 per
1843 2869 1934 2908 ipsos,
1951 2879 1981 2901 ut
1996 2870 2142 2908 praefertur
2153 2893 2162 2909 ,
2183 2881 2284 2911 perpe·

1225 2915 1313 2937 tratis:

1260 2945 1316 2982 Et,
1333 2945 1403 2975 licet
1416 2945 1513 2983 aliquis
1529 2945 1588 2976 talis
1601 2944 1793 2984 Malefassor,
1811 2945 1850 2976 sic
1866 2945 1997 2978 Bannitus
2016 2945 2118 2984 flierit,
2143 2946 2207 2986 seu,
2224 2947 2286 2979 abs-

1222 2992 1280 3021 que
1297 2984 1482 3022 Bannitione,
1501 2984 1557 3021 fic,
1575 2992 1605 3014 ut
1621 2985 1785 3023 praeferiur,
1803 2993 1900 3022 captus
1923 2986 2059 3022 extiterit,
2084 2986 2285 3017 nichilominus

1225 3023 1397 3053 tenebuntur
1411 3021 1630 3053 Conservatores
1647 3021 1737 3053 Partis
1749 3023 1828 3060 illius,
1847 3023 1926 3062 cujus
1940 3023 2016 3054 idem
2033 3022 2204 3054 Malefaeror
2212 3024 2285 3054 Sub-

1225 3060 1298 3092 ditus
1311 3062 1443 3098 extiterit,
1458 3071 1581 3098 reparare
1597 3061 1773 3099 Attetnptata
1787 3061 1823 3091 de
1837 3061 1922 3091 Bonis
1934 3061 2095 3098 huiusmodi
2113 3062 2281 3092 Milefatsto-

1227 3109 1291 3129 rum
1306 3100 1436 3137 quatinus
1457 3099 1583 3130 sufficere
1608 3108 1768 3137 poterunt,
1795 3099 1816 3129 fi
1840 3101 1911 3131 vero
1933 3099 2012 3130 idem
2035 3100 2220 3137 Malefac‘lor,
2244 3100 2282 3130 fic

1226 3147 1322 3175 eaptus
1333 3139 1388 3168 five
1401 3136 1602 3177 deprehensus,
1619 3147 1678 3168 non
1693 3138 1792 3168 habeat
1809 3139 1838 3168 in
1852 3137 1939 3168 Bonis
1953 3138 2028 3170 unde
2040 3138 2189 3169 satisfacere
2205 3147 2283 3176 pote·

1228 3177 1281 3213 rit,
1300 3178 1329 3206 in
1344 3177 1400 3206 hoc
1414 3176 1477 3207 casu
1488 3186 1525 3206 eo
1539 3177 1648 3214 gravius
1663 3178 1792 3214 punietur
1807 3176 1841 3207 &
1855 3176 1911 3208 luet
1927 3178 1956 3207 in
1973 3177 2119 3214 Corpore:

1263 3215 1319 3261 Et,
1336 3215 1461 3252 insuper,
1481 3216 1528 3252 qui
1546 3214 1763 3245 Malefac'korem
1788 3214 1947 3252 huiusmodi
1962 3215 2079 3246 scienter
2091 3215 2283 3257 receptaverit‚

1229 3263 1274 3284 aut
1291 3252 1453 3283 Consilium
1468 3254 1494 3283 ei
1516 3253 1625 3284 dederit
1645 3253 1691 3283 seu
1714 3253 1853 3284 Favorem
1869 3275 1878 3291 ,
1903 3253 1938 3284 ad
1957 3253 2075 3283 eandem
2102 3263 2131 3282 in
2149 3253 2283 3282 omnibus

1227 3292 1458 3322 Satisfaerionem
1471 3293 1504 3322 &
1517 3292 1639 3322 Poenam
1653 3293 1810 3330 tenebitur,
1829 3293 1863 3322 ad
1875 3301 1961 3330 quam
1981 3290 2141 3322 faciendam
2161 3290 2194 3320 &
2217 3290 2281 3320 sub-

1228 3330 1351 3362 eundam
1365 3339 1504 3360 teneretur
1518 3330 1682 3369 hujusmodi
1695 3329 1883 3368 MalesaCtor,
1901 3331 1920 3361 si
1936 3329 2024 3367 posset
2035 3328 2219 3371 apprehendi.

1265 3369 1309 3399 [T
1319 3378 1338 3399 E
1350 3377 1392 3407 M,
1414 3368 1496 3398 simili
1514 3370 1622 3406 modo,
1640 3368 1855 3400 Concordatum
1872 3368 1912 3398 est
1925 3368 2059 3406 quod‚11‚
2079 3366 2181 3396 eisdem
2190 3367 2285 3397 Treu-

1223 3408 1268 3446 gis
1283 3407 1462 3445 durantibus,
1479 3408 1582 3446 aliquid
1598 3416 1698 3438 contra
1709 3407 1831 3444 midem,
1848 3407 1893 3437 vel
1909 3407 2027 3443 aliquam
2039 3403 2154 3447 Partem
2170 3414 2280 3449 earum-

1223 3448 1314 3484 dem,
1331 3457 1380 3488 per
1393 3447 1515 3476 Terram
1531 3448 1586 3477 sive
1602 3456 1649 3485 per
1665 3446 1766 3483 Mare,
1789 3445 1850 3475 ficri
1874 3444 1916 3475 vel
1941 3451 2095 3480 attemptari
2116 3451 2286 3482 contigerit,

1229 3496 1280 3526 per
1292 3486 1351 3516 hoc
1364 3494 1457 3516 tamen
1472 3488 1618 3523 praesentes
1629 3483 1754 3523 Treugae
1770 3493 1829 3514 non
1852 3490 1934 3512 erunt
1958 3490 2011 3511 nec
2031 3480 2216 3525 censebuntur
2235 3491 2282 3513 aut

1230 3525 1432 3562 reputabuntur
1447 3523 1572 3561 Ruptae,
1589 3522 1740 3552 infirmatae
1754 3544 1764 3560 ,
1790 3521 1843 3563 vel.
1855 3519 2028 3554 Annullatae;
2053 3518 2098 3550 sed
2120 3520 2283 3564 nichilomi-

1224 3573 1283 3594 nus
1296 3564 1325 3592 in
1338 3562 1388 3592 suo
1403 3561 1525 3591 Robore
1538 3562 1743 3599 permanebunt
1758 3561 1791 3590 ὃ(
1807 3557 1929 3603 nge,
1946 3567 2000 3588 nec
2015 3555 2137 3601 Guerrae
2156 3558 2285 3596 (mirob-

1231 3600 1336 3631 servata
1348 3599 1443 3631 formai
1458 3600 1487 3629 in
1502 3602 1595 3635 primo
1612 3599 1744 3629 Articulo
1758 3597 1880 3635 superius
1900 3604 1972 3626 inter
1994 3594 2142 3634 Principes
2162 3596 2283 3627 declara-

1232 3640 1279 3676 ta)
1301 3649 1354 3678 pro
1369 3647 1404 3668 eo
1419 3637 1477 3667 fieri
1491 3638 1595 3667 debent
1611 3639 1647 3666 ab
1663 3646 1716 3666 una
1732 3635 1812 3665 Parte
1825 3634 1870 3664 vel
1884 3633 1985 3671 altera,
2001 3643 2056 3665 nec
2081 3633 2164 3665 Prisae
2186 3634 2282 3665 Perso'-

1230 3687 1352 3714 narum,
1366 3686 1420 3707 nec
1437 3675 1629 3705 Distritstones
1645 3683 1692 3704 aut
1715 3672 1873 3715 Captiones¹
1884 3671 2053 3711 Bonorum,
2077 3683 2130 3704 nec
2147 3672 2282 3716 Obiidio-

1231 3725 1281 3747 nes
1296 3715 1432 3747 villarum
1448 3722 1495 3744 aut
1516 3712 1681 3742 Castrorum
1703 3711 1758 3741 sive
1771 3710 1981 3742 Fortalitiorum
2019 3721 2072 3741 nec
2094 3710 2280 3747 Homicidia,

1232 3754 1389 3785 Murdrave
1403 3760 1608 3792 quaecumque,
1627 3751 1655 3778 in
1670 3750 1844 3779 contrarium
1861 3731 2091 3787 Praemislbrum,
2105 3760 2122 3780 a
2139 3757 2281 3791 quocum-

1232 3802 1288 3831 que
1303 3792 1460 3828 attemptari
1475 3790 1519 3820 seu
1541 3789 1704 3825 committi,
1727 3786 1764 3818 set
1788 3787 1984 3826 reparabuntur
2008 3789 2041 3820 &
2064 3795 2235 3829 reponentur
2252 3796 2282 3830 iri

1231 3833 1341 3863 Statum
1377 3829 1504 3859 ristinum
1521 3827 1553 3858 ὃ(
1568 3825 1697 3856 debitum
1715 3824 1858 3857 Maleficia
1871 3825 1905 3857 &
1921 3826 2096 3863 Auemptam
2119 3824 2287 3868 hujusmodi,

1232 3879 1346 3901 necnon
1357 3840 1517 3904 firiterprisa’.
1531 3873 1739 3906 quaecumque,
1759 3873 1807 3902 per
1824 3863 2043 3895 Conservatores
2059 3864 2090 3893 ὃς
2109 3861 2285 3906 Commissa·

1232 3910 1289 3939 rios
1302 3908 1374 3938 illius
1390 3906 1479 3936 Partis
1494 3905 1573 3941 cujus
1588 3902 1701 3933 Subditi
1717 3906 1753 3932 lic
1764 3904 2007 3940 attemptaverint,
2023 3899 2194 3931 offenderint
2213 3921 2223 3938 ‚
2239 3902 2286 3932 seu

1234 3946 1446 3981 malefecerint,
1465 3942 1527 3980 Qii
1543 3943 1612 3971 vero
1630 3940 1826 3972 contrafecerit
1840 3940 1999 3982 (videlicet,
2018 3937 2172 3969 Movendo
2189 3937 2287 3969 Guer-

1233 3995 1294 4016 ram
1329 3989 1517 4023 praeterquam
1535 3980 1563 4009 in
1581 3979 1675 4010 forma
1687 3979 1810 4017 superius
1827 3978 1957 4021 recitata)
1975 3980 2029 4008 live
2043 3976 2283 4022 Obsedendo,ln-

1233 4008 1362 4054 vade⁷ndo
1397 4028 1442 4050 aut
1457 4017 1605 4057 Capiendo
1616 4017 1701 4048 Villas
1715 4018 1759 4048 vel
1774 4017 1927 4053 Fortalitia,
1942 4023 1988 4046 aut
2001 4014 2131 4045 faciendo
2146 4015 2288 4046 Homici-

1233 4062 1280 4094 dia
1293 4061 1350 4095 sive
1364 4044 1501 4096 Murdra,
1524 4064 1641 4096 propter
1657 4055 1771 4097 aliquod
1799 4056 2010 4095 Artesnptatiim·
2025 4061 2060 4087 ex
2078 4053 2164 4097 Parte
2185 4053 2289 4092 altera,

2246 4099 2295 4131 2⁸³5
