2555 4266
0 2225 66 2256 hm.
79 2222 123 2253 D.
140 2217 192 2271 R

0 2270 95 2337 117147155:
98 2322 104 2328 .

0 2763 4 2774 ²
23 2761 90 2790 ΧΠ.

0 3839 105 3918 35751)
122 3879 235 3937 REX
250 3880 396 3911 Omnibus
406 3905 415 3918 ‚
433 3879 468 3911 ad
482 3890 552 3919 quos
562 3903 572 3919 ,
588 3881 647 3912 &c.
666 3882 798 3914 Salutem.

0 3929 24 3946 n.
47 3927 89 3954 15.

0 4004 108 4031 'anc.15.

0 4055 3 4060 ,
20 4044 48 4069 4.
70 4044 107 4063 m.
125 4034 207 4063 nibus
221 4035 254 4065 &
266 4033 371 4066 Gratiis
388 4034 577 4074 Apostolicis,
590 4035 625 4065 de
640 4035 741 4066 nostris
757 4035 910 4070 Voluntate
924 4040 958 4071 ὃς
974 4039 1115 4072 Mandato
1130 4052 1180 4080 per

741 170 843 212 ET
926 171 1193 212 ACTA

0 263 115 295 Rnn.D.
131 261 207 293 salvo
231 257 390 291 Condudtu
412 265 462 295 per
485 253 627 293 Regnum
641 255 675 288 &
691 256 830 288 Dominia
843 257 939 289 nostra
952 260 1093 297 requirere
1111 266 1192 288 man-

9 311 92 342 1475.
134 301 229 337 davit,

0 343 56 372 ΞΔΙἯ.
73 357 106 379 4·

173 338 244 369 Nos
256 337 358 372 igitur,
377 333 429 364 suis
439 332 519 372 justis
531 332 712 371 honestisque
726 333 863 365 desideriis
875 334 943 366 Iaeto
957 336 1054 365 animo
1075 342 1198 364 annuere

138 377 282 411 volentes,
298 374 465 409 suscepimus
477 372 567 409 ipsum
593 372 718 403 Fratrem
741 374 774 403 ὃ(
797 373 1045 412 Consanguineum
1066 371 1197 416 nostrum

139 417 168 445 in
184 414 289 444 salvum
302 413 336 443 &
351 411 479 441 securum
497 409 686 441 Conductum
704 411 850 449 nostrum,
867 422 901 442 ac
916 414 943 441 in
962 411 1197 446 Protectionem,

139 452 329 488 Tuitionem,
348 451 382 480 &
401 448 607 480 Defenfionem
631 448 738 479 nostras
759 449 906 487 speciales,
931 450 960 478 in
985 448 1124 492 Regnum
1146 457 1200 477 no—

140 490 230 521 strum
244 489 372 528 Angliae,
389 499 422 519 ac
435 488 486 518 alia
499 488 654 523 Dominia,
669 487 894 525 jurisdictiones,
913 488 946 517 &
966 487 1122 529 Territoria
1142 495 1198 515 no-

139 529 195 559 stra
213 528 331 558 ubilibet
352 527 521 566 constituta,
538 536 606 557 cum
633 526 853 563 Quadringentis
874 524 1003 555 Personis
1021 533 1132 555 armans
1151 523 1196 554 vel

139 577 201 597 non
216 568 340 604 armatis,
358 568 392 598 ὅτ
407 565 527 596 totidem
542 563 646 602 Equis,
664 563 708 593 vel
724 564 812 600 infra,
830 564 887 593 tam
905 572 955 601 per
971 563 1093 607 Terram
1110 564 1198 607 quam

138 616 188 647 per
205 605 290 636 Mare
302 606 334 635 ὃ(
351 605 445 643 Aquas
463 604 576 640 dulces,
595 601 741 639 equestre,
758 604 802 630 vel
818 601 962 645 pedestre,
981 601 1014 631 &
1030 601 1087 633 alus
1109 600 1199 645 lequi-

138 646 257 714 ¹f²=¹¹¹¹i³⁵n²
284 644 390 714 Βὲἑήςό
416 639 1018 715 Rei-³:3⁵ti3⁰2²÷¹133¹30⁵sm¹5155¹⁵<ses¹3²22¹33²
1033 639 1199 709 fflg‘gcffg

136 693 234 752 diaercg.
250 693 293 752 lisi'e
316 689 866 755 noetssnffiorandoffixpeetandoss&
891 703 1146 754 Perheniiinando,
1165 718 1199 748 &

139 761 244 791 abinde
268 761 302 791 ad
322 758 510 796 quascumque
525 756 619 786 Partes
639 753 755 785 Eitteras
768 755 873 786 Eundo
892 757 925 787 &
941 755 1145 793 Transeundo,
1163 756 1198 786 &

142 800 247 830 iterum
270 800 300 828 in
323 798 477 835 Regnum,
494 794 648 830 Dominia,
666 792 892 831 Jurisdifflones,
907 795 940 825 &
962 794 1120 825 Territoria
1144 804 1199 823 no-

144 838 198 869 stra
214 837 345 875 praedic‘ta
355 857 364 872 ‚
381 835 481 864 totiens
494 833 624 869 quotiens
637 832 686 862 fibi
702 833 852 871 placuerit,
868 833 986 864 durante
1000 833 1128 871 praesenti
1150 832 1200 863 sal-

143 887 184 907 vo
205 874 361 906 Conducm
378 870 496 908 nostro,
513 871 542 900 in
568 871 674 901 Forma
697 871 850 910 praedifflt,
868 871 1073 910 Reveniendo,
1091 870 1199 902 ibidem

144 914 307 949 Morando,
325 910 526 947 Expediando,
545 910 577 940 &
592 909 843 948 Perhendinando,
861 910 894 941 &
908 911 945 941 ab
966 910 1073 941 eisdem
1094 910 1201 953 Trans-¹

142 953 237 985 eundo
255 953 288 982 &
311 948 472 979 Redeundo
488 948 576 978 libere
595 949 628 978 &
650 948 752 987 absque
766 948 979 987 impedimento
990 949 1086 987 aliquo
1095 947 1201 978 Nostri

141 1000 189 1022 aut
209 988 425 1019 Officiariorum
445 987 490 1017 seu
515 986 716 1017 Ministrorum
739 987 903 1018 nostrorum
929 996 1203 1031 quorumcumque,

142 1028 233 1066 aliqua
257 1026 403 1064 Marqua,
431 1025 691 1064 Contromarqua,
723 1026 781 1057 five
806 1026 960 1065 Reprisalia
986 1026 1130 1057 Concessa
1155 1025 1202 1057 vel

143 1065 341 1099 Concedenda
357 1067 387 1094 in
401 1064 497 1102 aliquo
512 1074 573 1094 non
587 1064 735 1103 obstante,
1174 1103 1179 1108 1

180 1105 218 1135 Et
234 1105 363 1140 ulterius,
383 1104 417 1134 ad
434 1103 545 1140 majoris
557 1103 716 1133 Securitatis
732 1103 902 1134 evidentiam
920 1102 1154 1141 Praemifforum,
1172 1112 1202 1132 in

141 1143 221 1175 Bona
234 1142 328 1173 nostra
342 1143 376 1173 δε
388 1141 523 1181 Pupplica
536 1140 633 1178 Regni
650 1142 740 1172 nostri
758 1142 828 1172 Fide
846 1143 879 1173 &
893 1142 991 1172 Verbo
1012 1142 1129 1179 Regio,
1148 1150 1202 1178 pro

142 1182 242 1213 Nobis
277 1181 466 1218 Haeredibus,
481 1180 515 1210 &
529 1179 741 1210 Succefforibus
757 1180 874 1217 nostris,
893 1180 1095 1211 Promittimus
1113 1180 1192 1223 quod

141 1206 503 1251 eodem’Exceuentiffimo
519 1218 650 1256 Principe
664 1219 756 1249 Fratre
771 1219 804 1249 &
820 1218 1041 1258 Consanguineo
1061 1218 1160 1248 nostro
1174 1227 1202 1262 ιη

143 1259 250 1298 Regno
262 1259 362 1289 nostro
377 1258 510 1295 Angliae,
528 1258 573 1287 vel
583 1257 678 1295 aliquo
691 1257 833 1287 Dominio
852 1257 898 1287 seu
916 1257 1002 1288 Loco
1019 1257 1123 1287 nostrae
1144 1256 1202 1286 Dt-

140 1300 213 1329 tioni
228 1300 260 1329 &
274 1297 452 1329 Obedientiae
466 1296 594 1334 subjeetis
605 1296 754 1333 existente,
771 1296 894 1326 eundem
915 1296 1042 1326 Fratrem
1061 1296 1094 1327 δε
1111 1295 1202 1339 ¹Con-

139 1338 321 1376 sanguineum
345 1335 492 1373 nostrum,
515 1335 672 1371 omnesque
691 1335 725 1365 &
747 1334 871 1370 singulos
893 1335 922 1364 in
945 1335 994 1365 suo
1015 1334 1138 1364 Servitio
1156 1334 1201 1364 seu

143 1374 294 1406 Comitiva
315 1373 481 1410 existentes,
495 1373 582 1411 usque
602 1373 636 1402 ad
660 1373 769 1404 dietum
788 1373 958 1404 Numerum
976 1373 1204 1411 Quadringenta-

142 1424 205 1444 rum
218 1413 401 1444 Personarum
417 1411 462 1441 vel
477 1412 568 1450 infra,
587 1411 855 1449 Manutenebimus‚
872 1411 1058 1450 Protegemus
1070 1434 1079 1449 ,
1093 1413 1125 1441 &
1142 1411 1203 1441 De-

140 1452 307 1490 fendemus,
324 1452 358 1482 &
373 1452 501 1481 securum
517 1449 725 1481 Commeatum
749 1449 793 1480 seu
813 1449 977 1480 Transitum
1000 1449 1102 1480 eisdem
1124 1450 1203 1481 Prte-

142 1490 293 1529 stabimus,
311 1490 406 1520 donec
420 1489 454 1519 &
468 1489 613 1526 quousque
628 1490 672 1518 vel
685 1490 719 1518 ad
739 1488 880 1524 Regnum
893 1489 974 1518 suum
989 1490 1136 1526 proprium
1160 1498 1203 1518 re-

140 1530 220 1567 deat,
238 1529 284 1559 seu
297 1528 331 1557 ad
345 1529 408 1557 alias
424 1526 520 1558 Partes
537 1528 588 1557 fibi
601 1527 726 1564 securas,
743 1528 792 1557 ubi
810 1525 859 1556 sibi
873 1527 972 1557 melius
998 1527 1135 1558 videbitur
1154 1536 1203 1556 ex-

139 1567 249 1605 pedire,
269 1567 395 1603 eveniat,
412 1566 445 1595 &
464 1565 566 1603 absque
587 1565 742 1603 Molestia,
760 1566 991 1603 Perturbatione,
1009 1565 1054 1595 seu
1075 1565 1202 1605 Impedi-

139 1614 242 1636 rnento
256 1613 459 1643 quocumque,
478 1603 573 1634 secure
586 1603 709 1635 eundem
731 1603 907 1635 Conducere
926 1605 1062 1635 faciemus
1083 1604 1202 1636 durante

138 1643 264 1682 praesenti
278 1643 353 1673 salvo
366 1641 524 1673 Οοηάυᾶυ
538 1642 653 1680 nostro,

176 1681 214 1712 Et
231 1682 298 1712 ideo
313 1681 394 1711 vobis
411 1679 599 1719 Mandamus,
616 1682 676 1712 &c.

174 1720 250 1750 Non
267 1719 431 1756 inferentes,
447 1720 508 1749 &c.

173 1758 212 1790 Et
225 1758 245 1789 fi
259 1758 327 1797 quid
340 1759 378 1788 eis
393 1757 438 1788 seu
453 1767 554 1788 eorum
569 1757 670 1797 alicui,
687 1758 749 1789 &c.

174 1838 208 1870 In
224 1840 320 1878 cujus,
336 1839 398 1871 &c.
416 1849 465 1877 per
483 1839 660 1879 Qindecim
681 1838 795 1870 Menses
810 1841 943 1878 proximo
959 1839 1069 1871 futuros
1088 1839 1202 1872 duratu-

135 1887 263 1948 agreste
277 1916 363 1955 Rege
377 1916 450 1955 apud
466 1915 648 1956 Wstmonast.
666 1916 782 1947 decimo
799 1918 899 1956 quinto
913 1917 959 1948 die
973 1916 1055 1948 Maii.

513 1996 567 2024 Per
579 1993 664 2034 ipfhm
679 1996 792 2032 Regem,
807 1992 848 2030 (ἐν
863 1994 895 2024 de
911 1997 1011 2034 Data,
1028 1993 1090 2031 &a

242 2128 292 2160 De
316 2130 508 2160 Adarinariis
533 2126 717 2171 arestandis,
737 2139 791 2174 pro
815 2131 853 2162 V
850 2131 929 2176 iagio
954 2130 1097 2163 francie.

195 2213 269 2253 EX,
287 2215 395 2246 dile&o
408 2216 457 2246 fibi
473 2216 622 2247 Willielmo
641 2216 792 2256 Philpotte,
810 2217 949 2257 Magistro
970 2217 1113 2258 cujusdam
1135 2217 1202 2250 Na-

213 2254 255 2298 yis
269 2264 380 2301 vocatae
393 2253 422 2283 la
436 2257 519 2296 Petyr
531 2256 564 2285 de
579 2256 745 2294 Londoniis,
764 2257 897 2288 Salutem.

176 2291 258 2362 δεῖξας)
273 2293 415 2370 ξὲἓῐῗᾶῆῐη
430 2332 579 2364 Armatam
594 2332 757 2363 Potentiam
770 2332 805 2364 ad
826 2333 1065 2372 proficiscendum
1085 2333 1201 2365 Nobis-

0 2364 40 2408 ᾧ,
64 2387 105 2413 ¹5·
138 2379 209 2399 cum
223 2371 315 2400 versus
327 2369 466 2409 Regnum
477 2371 607 2402 nostrum
629 2372 775 2410 Franciae,
794 2374 824 2402 in
844 2372 1108 2411 Recuperationem
1128 2374 1202 2413 ejus-

0 2424 46 2454 η,
57 2420 82 2455 Ρ,
95 2426 117 2443 ι,
136 2407 203 2437 dem
219 2408 332 2447 Regni,
352 2409 496 2440 Altiffimo
509 2411 703 2448 concedente,
721 2410 974 2450 ordinaverimus,

173 2446 258 2485 Nos,
275 2448 333 2477 tarn
348 2457 401 2485 pro
416 2447 625 2479 Conduffione
646 2449 771 2480 Armatae
794 2450 952 2487 praedicsstae,
971 2452 1059 2488 quam
1081 2450 1199 2482 Vic'tua-

132 2483 203 2514 lium
219 2486 253 2516 &
276 2486 504 2517 Ordinationum
522 2488 552 2517 in
573 2487 625 2518 hac
645 2497 721 2525 parte
743 2489 981 2526 necessariorum,
999 2489 1130 2519 ordinare
1144 2501 1197 2520 vo-

131 2522 243 2562 lentes,
269 2524 479 2562 Affignavirnus
503 2527 550 2556 Te
568 2527 601 2557 ad
626 2536 668 2556 tot
690 2526 859 2557 Mai-marios
874 2550 884 2564 ,
910 2536 979 2565 quot
999 2537 1052 2565 pro
1076 2527 1199 2559 Condu-

132 2562 230 2592 ctione
252 2562 346 2594 Navis
367 2563 510 2601 praedietae
533 2564 677 2594 necessarii
696 2566 799 2595 fuerint
822 2566 855 2596 &
881 2567 1032 2603 oportuni,
1064 2567 1196 2597 ubicum-

133 2609 190 2636 que
211 2601 331 2632 inveniri
349 2612 482 2639 poterunt
496 2625 506 2641 ,
532 2604 593 2633 t‘arn
613 2603 684 2633 infra
707 2603 866 2633 Libertates
887 2605 973 2641 quam
1000 2614 1094 2642 exua,
1123 2606 1196 2636 Are-

131 2637 263 2669 standum
275 2641 308 2671 &
324 2639 523 2678 capiendum,
540 2643 573 2673 &
589 2652 637 2672 eos
650 2643 679 2672 in
696 2641 776 2672 Navi
793 2642 945 2680 praedicta,
963 2642 1062 2674 Nobis
1081 2643 1115 2674 ad
1138 2644 1196 2675 Va·

131 2676 176 2720 dia
189 2676 284 2745 rgostra
302 2687 336 2708 ex
352 2679 435 2710 causa
448 2679 583 2720 praedie‘ta
595 2680 790 2720 deservituros,
809 2680 982 2712 Ponendum
999 2683 1033 2714 &
1058 2682 1133 2713 Poni
1153 2683 1196 2714 fa-

129 2724 193 2745 cien
214 2725 284 2754 um,

170 2753 190 2773 ³¹²
211 2752 249 2783 Et
261 2754 344 2792 ideo,
363 2757 426 2788 &c-

167 2791 298 2831 Damus,
317 2795 378 2826 &a

166 2868 202 2899 In
215 2870 310 2907 cujum
327 2871 388 2902 &c.

128 2908 263 2976 M‘Ijeste
291 2908 374 2948 Rege
404 2908 478 2948 apud
503 2911 761 2951 Wstmonasterium
776 2934 787 2950 ,
818 2912 955 2943 vicefimo
986 2912 1107 2953 septimo
1131 2913 1189 2946 Die

169 2957 211 2977 au.

181 3022 353 3055 Confimiles
370 3024 475 3056 Literae
489 3025 647 3063 diriguntur
661 3026 788 3056 Personis
802 3026 976 3064 subscriptis,
994 3028 1023 3058 in
1044 3027 1139 3060 forma

353 3064 508 3103 praedicta,
526 3066 576 3096 sub
591 3066 689 3097 eadem
705 3064 798 3103 Data,
814 3065 964 3104 videlieet,

122 3137 310 3213 121⁰}ansserle
323 3141 479 3181 Bowland,
499 3141 639 3182 Magistro
653 3142 795 3181 cujusdam
811 3142 905 3175 Navis
926 3151 1037 3175 vocatae
1058 3144 1085 3174 le
1107 3143 1189 3183 John

159 3252 292 3322 Ricfnardo
308 3256 393 3296 Tood,
412 3256 557 3296 Magistro
572 3257 714 3296 cujusdam
729 3257 824 3290 Navis
844 3268 955 3291 vocatae
976 3257 1006 3288 Ia
1024 3262 1130 3291 Trinite
1154 3262 1187 3291 de

120 3363 264 3436 Lgljooryzae
277 3371 401 3410 Longge,
422 3371 569 3411 Magistro
585 3373 728 3412 cujusdam
746 3374 840 3406 Navis
857 3383 968 3406 vocatae
989 3374 1018 3405 la
1037 3378 1131 3406 Marie
1151 3376 1184 3406 de

153 3478 281 3518 Johanni
297 3485 472 3527 Lokyngton,
491 3488 633 3528 Magistro
655 3490 797 3530 cujusdam
820 3490 915 3523 Navis
937 3499 1050 3523 vocatae
1069 3490 1099 3521 Ia
1123 3490 1184 3521 Cle—

118 3526 192 3548 ment
205 3519 237 3549 de
249 3523 375 3554 London.

144 3598 286 3645 ,Johanm‘
298 3604 417 3642 Monde,
428 3604 568 3645 Magistro
581 3609 721 3647 cujusdam
731 3609 826 3642 Navis
840 3621 951 3643 vocatae
967 3611 992 3641 le
1007 3609 1104 3652 Lytyll
1118 3612 1181 3639 Tri-

119 3646 176 3667 mte
189 3639 222 3668 a'e
239 3641 364 3670 London.

357 3797 417 3827 Pro
443 3796 582 3842 Prospero
609 3799 737 3830 Camillo
759 3798 795 3831 de
816 3799 961 3835 MedIcis.

158 3919 490 3989 Cugicssxtllgsqilrijssbitati
505 3957 598 3988 sumus
617 3957 778 3989 Venerabili
793 3959 867 3991 Patri
886 3961 1012 4002 Prospero
1024 3964 1136 3995 Camilio
1149 3967 1180 3995 de

125 3995 255 4033 Medicis,
273 3996 430 4028 Colica-ori
446 3996 615 4034 Apostolico
629 3998 658 4026 in
677 3997 795 4036 Anglii,
813 4009 866 4035 pro
888 4004 969 4032 certis
990 4002 1181 4040 Dispensatio-

123 4073 213 4110 ipsum
228 4073 382 4111 impetratis
390 4098 400 4112 ,
418 4076 447 4104 in
459 4074 580 4105 Summa
591 4078 706 4105 Centum
719 4077 889 4105 Marcarum.

1264 256 1354 295 Nos,
1372 268 1426 295 pro
1442 259 1669 303 Contentatione
1682 264 1762 301 ipsius
1786 265 1958 299 Collec'toris
1980 271 2008 299 in
2030 272 2083 301 hac
2105 274 2180 309 parte
2203 283 2287 311 prout
2309 271 2382 303 Anu.
2396 274 2440 305 D.

1228 303 1359 341 tenemur
1372 298 1522 341 providere
1538 300 1681 338 volentes,
1700 302 1736 332 de
1751 303 1849 336 Gratia
1863 307 1957 337 nostra
1975 309 2100 348 speciali,
2117 321 2150 340 ac
2173 322 2207 341 ex
2225 323 2286 343 cer-
2327 320 2413 350 1475.

1227 342 1257 376 ta
1272 333 1397 364 Scientia
1411 337 1444 365 &
1459 346 1539 367 mero
1555 347 1635 369 motu
1652 340 1771 379 nostris,
1790 341 1987 375 Conceffimus
2000 357 2031 378 ac
2048 348 2207 379 Licentiam
2223 351 2286 380 De·
2308 355 2374 380 Edv-
2391 362 2417 385 Δ.»

1229 372 1339 409 dlmus,
1354 382 1388 402 ac
1403 383 1452 409 per
1468 374 1618 407 Praesentes
1632 377 1827 410 Concedimus
1842 382 1875 412 &
1899 382 2059 416 Licentiarn
2081 386 2194 418 Damus
2229 391 2286 419 Ni-

1228 409 1320 439 cholao
1336 410 1367 439 de
1383 412 1507 453 Exigua&
1523 413 1679 446 Mercatori
1690 416 1819 454 Januenfi
1834 420 1913 458 quod
1934 422 1989 458 ipse
2010 434 2058 461 per
2078 425 2121 463 se,
2137 412 2285 465 Faei'ores,

1229 448 1411 486 AttornatOS,
1431 452 1488 480 sive
1505 451 1662 483 Servientes
1681 455 1760 493 suos,
1777 457 1836 486 tam
1861 457 2009 495 Indigenas
2032 463 2117 500 quam
2143 464 2286 496 Alienioe-

1229 496 1293 524 nas,
1310 486 1501 533 quascumque
1521 488 1710 522 Mercandisas
1724 493 1858 532 (Stapulae
1874 496 1978 527 nostrae
1991 498 2090 531 Calesii
2117 513 2177 533 non
2200 490 2286 541 pesti-

1228 527 1338 562 nentes)
1365 535 1423 556 tam
1443 526 1484 569 ¹de
1507 526 1592 557 Bonis
1608 529 1659 558 suis
1673 533 1809 570 propriis,
1828 535 1915 570 quarn
1930 535 2038 566 alterius
2052 538 2182 571 Personae
2195 544 2285 580 qu‘us-

1227 573 1368 607 cumque,
1386 563 1530 603 Indigenae
1544 565 1590 596 seu
1610 566 1800 607 Alienigenae,
1819 572 1846 600 in
1862 571 1949 603 Portu
1965 574 2046 604 Villae
2055 576 2288 618 suthamptoniae,

1229 611 1258 631 1n
1275 603 1502 640 quibuscumque
1513 603 1648 635 Navibus
1661 606 1705 636 seu
1720 606 1862 645 Carracis,
1881 621 1935 640 una
1948 611 2022 643 Vice
2039 615 2080 643 vel
2103 616 2213 648 diversis
2235 620 2287 650 Vi-

1231 641 1330 679 cibus,
1348 641 1591 681 quandocumque
1604 644 1654 673 sibi
1668 645 1819 684 placuerit,
1837 646 1989 687 Eskippare
2009 650 2053 681 seu
2074 652 2226 692 Eskippare
2246 658 2287 688 fa-

1232 689 1317 717 cere,

1269 718 1400 756 Quarum
1432 717 1675 751 Mercandisarum
1704 720 1857 752 Custuxnae
1886 725 1919 755 ὃς
1938 724 2063 757 Subsidia
2083 728 2118 758 ad
2139 729 2287 764 Summam

1230 759 1344 786 Centum
1357 759 1518 787 Marcarum
1533 759 1566 789 &
1582 769 1641 789 non
1659 759 1728 790 ultra
1745 760 1771 790 se
1788 762 1959 801 extendunt,

1269 795 1315 825 Ac
1335 794 1524 826 Mercandisas
1543 797 1601 828 illas
1619 798 1657 829 fic
1675 798 1838 837 Eskippatas
1858 801 1891 830 ad
1912 802 2102 841 quascumque
2119 804 2213 836 Partes
2232 808 2290 839 Ex-

1231 841 1301 864 teras
1315 858 1324 871 ,
1348 833 1452 871 absque
1475 834 1614 878 aliquibus
1632 836 1781 868 Custumis
1796 839 1841 869 seu
1861 838 1992 870 Subfidiis
2010 841 2109 872 Nobis
2128 853 2180 881 pro
2196 845 2290 883 hujus-

1230 872 1309 902 modi
1328 871 1513 903 Mercandins
1530 874 1576 905 seu
1595 875 1684 912 aliqua
1702 876 1826 907 Parcella
1843 881 2005 909 earumdem
2029 880 2167 912 solvendis
2180 905 2190 921 ‚
2221 884 2293 915 Tra-

1229 911 1386 959 ducerex&
1405 910 1521 943 Cariare
1533 935 1544 951 ,
1570 924 1604 945 ac
1622 914 1752 946 Traduci
1769 915 1803 946 &
1821 915 1927 947 Cariati
1947 918 2042 949 facere
2056 919 2140 958 poffit
2157 921 2235 952 licite
2260 924 2294 954 ὅτ.

1233 959 1353 987 impune

1272 974 1388 1026 Absque
1410 988 1607 1028 Impetitione,
1631 991 1860 1031 Impedimento,
1878 994 1924 1025 seu
1947 995 2183 1028 Contradiffione
2205 997 2296 1028 nostri

1234 1027 1280 1056 vel
1291 1026 1456 1058 Haeredum
1475 1028 1641 1060 nostrorum
1653 1053 1662 1069 ,
1674 1040 1721 1062 aut
1735 1030 1948 1063 Officiariorum
1961 1035 2006 1065 seu
2022 1035 2225 1067 Ministrorum
2241 1046 2295 1067 no-·

1235 1064 1373 1104 strorum,
1392 1067 1438 1097 vel
1453 1066 1611 1098 Haeredum
1629 1069 1793 1100 nostrorum
1808 1080 2076 1112 quorumcumque⁷

1272 1103 1308 1134 Et
1329 1105 1432 1142 absque
1450 1105 1606 1144 Compoto
1625 1107 1670 1138 seu
1692 1108 1787 1146 aliquo
1811 1110 1866 1140 alio
1881 1110 1979 1142 Nobis
1993 1121 2039 1143 aut
2056 1112 2228 1144 Haeredibus
2242 1123 2297 1143 no-

1233 1140 1294 1172 stris
1308 1144 1466 1182 praedietis,
1484 1155 1537 1182 pro
1554 1146 1715 1183 hujusmodi
1731 1147 1934 1187 Mercandifis,
1951 1159 1997 1181 aut
2011 1160 2064 1188 pro
2081 1151 2228 1183 Custumis
2251 1153 2298 1184 seu

1195 1202 1204 1216 ,
1235 1180 1367 1210 Subfidiis
1386 1183 1570 1222 earumdem,
1596 1184 1641 1229 seu
1664 1186 1780 1224 alicujus
1801 1187 1868 1218 inde
1892 1188 2046 1228 Parcellae,
2067 1189 2229 1221 Reddendo
2247 1190 2295 1222 seu

1234 1218 1380 1250 Solvendo
1392 1223 1492 1258 quovis
1511 1223 1600 1253 modo
1607 1245 1617 1261 ‚

1272 1257 1305 1287 In
1330 1258 1440 1297 plenam
1463 1258 1717 1293 Contentationem
1739 1264 1772 1294 &
1799 1263 2024 1295 Satisfadtionem
2053 1263 2140 1298 didiae
2167 1265 2298 1299 Summae

1236 1301 1351 1340 Centum
1377 1300 1538 1328 Marcarum
1552 1321 1561 1337 ,
1587 1299 1679 1331 eidem
1706 1301 1868 1333 Venerabili
1885 1302 1960 1334 Patri
1984 1304 2110 1344 Prcfiero
2133 1307 2247 1337 Camilia
2266 1316 2298 1338 ut

1237 1334 1405 1372 praedrCtum
1419 1336 1459 1366 est
1471 1337 1592 1376 debitae,

1274 1372 1327 1404 Per
1342 1373 1384 1404 ΙΝ
1396 1384 1416 1404 D
1427 1384 1444 1404 a
1454 1384 1477 1405 N
1487 1384 1539 1406 TU
1551 1386 1573 1407 R
1583 1387 1641 1414 As,
1660 1378 1726 1408 inde
1740 1379 1812 1409 inter
1824 1379 1914 1416 ipsum
1931 1380 2093 1412 Nicholaum
2109 1383 2142 1412 de
2157 1383 2282 1422 Briguali
2290 1407 2301 1423 ‚

1238 1411 1393 1449 Fadiores,
1418 1414 1599 1453 Attornatos,
1627 1417 1672 1446 seu
1693 1417 1851 1447 Servientes
1870 1420 2035 1459 praedidlos,
2059 1421 2104 1452 vel
2127 1431 2226 1453 eorum
2249 1423 2299 1453 ali-

1237 1459 1324 1487 quem
1334 1473 1344 1488 ,
1362 1452 1395 1481 &
1408 1451 1604 1483 Custumarios
1619 1455 1674 1484 sive
1685 1455 1864 1486 Collectores
1877 1457 2080 1489 Custumarum
2098 1461 2131 1491 ὃς
2152 1460 2300 1491 Subfidio·

1237 1498 1300 1518 rum
1319 1490 1347 1518 in
1366 1489 1456 1521 Portu
1479 1492 1616 1528 praedic'to
1637 1503 1691 1531 pro
1711 1502 1841 1532 tempore
1864 1496 2009 1528 existentes
2026 1520 2036 1535 ,
2058 1499 2095 1529 de
2113 1508 2245 1538 tempore
2270 1500 2302 1530 in‘

1238 1535 1348 1564 tempus
1363 1529 1459 1559 debite
1475 1529 1681 1570 conficiendas,

1269 1565 1331 1608 *Per
1347 1577 1464 1605 quarum
1481 1568 1596 1606 quidem
1612 1569 1906 1601 INDENTURARUM
1920 1572 2032 1603 alteram
2045 1574 2179 1613 Partem,
2196 1577 2230 1607 &
2251 1576 2302 1607 has

1239 1602 1346 1634 Literas
1359 1605 1482 1644 nostras,
1501 1617 1533 1637 ac
1550 1607 1648 1639 Brevia
1664 1608 1757 1638 nostra
1774 1609 1935 1647 superinde,
1954 1610 2140 1643 Custumariis
2159 1616 2214 1645 live
2225 1614 2299 1645 Col-

1239 1642 1396 1674 leetori‘bus
1413 1643 1619 1676 Custumarum
1640 1649 1673 1678 &
1694 1647 1908 1686 Subsidiorum,
1927 1650 1955 1678 in
1982 1651 2069 1680 Portu
2092 1653 2229 1690 praedie‘to
2247 1663 2301 1691 pro

1239 1690 1370 1720 tempore
1384 1683 1582 1722 existentibus,
1601 1685 1760 1724 dirigenda,
1781 1687 1912 1716 volumus
1926 1688 1959 1718 &
1974 1698 2022 1725 per
2043 1689 2194 1720 Praeseutes
2217 1691 2300 1721 Con3

1241 1721 1368 1751 cedimus
1379 1723 1458 1759 quod
1476 1725 1533 1754 tam
1549 1724 1636 1754 iidem
1654 1724 1797 1764 Prosperus
1811 1725 1938 1754 Camiliux
1952 1728 1985 1756 ὅς
2008 1727 2157 1756 Nica-olaus
2179 1729 2210 1757 de
2236 1733 2301 1759 Bri-

1235 1758 1329 1797 guali,
1347 1771 1380 1791 ac
1396 1760 1546 1800 Fadia-es,
1565 1762 1725 1800 Attornati‚
1746 1764 1802 1794 five
1816 1764 1973 1794 Servientes
1988 1766 2134 1804 praedffii,
2153 1768 2185 1797 &
2201 1777 2303 1798 eorum

1239 1799 1373 1836 quilibet,
1401 1802 1486 1837 quam
1506 1800 1681 1831 Custumarii
1704 1802 1760 1832 sive
1784 1801 1959 1833 Collec‘tores
1979 1804 2127 1842 praedicti,
2151 1806 2185 1836 ὅ(
2202 1815 2305 1837 eorum

1239 1838 1375 1876 quilibet,
1392 1838 1428 1868 de
1445 1840 1621 1870 omnimodis
1644 1839 1833 1871 Pecuniarurn
1855 1840 1997 1880 Summis,
2021 1841 2185 1883 Custumis,
2208 1843 2305 1875 Subiia

1239 1877 1305 1914 diis,
1336 1876 1480 1915 Deverfis,
1507 1878 1729 1917 ExactionibuS,
1747 1880 1780 1910 ὃς
1807 1879 1982 1918 Demandis,
2009 1891 2074 1918 quae
2097 1883 2133 1913 ab
2154 1883 2234 1921 ipsis,
2257 1883 2304 1914 seu

1240 1925 1342 1945 eorum
1355 1915 1467 1955 aliquo,
1487 1926 1540 1953 pro
1560 1916 1727 1955 Praemiffis,
1750 1918 1794 1948 seu
1815 1918 1910 1955 aliquo
1932 1918 2164 1960 Praemissorum,
2182 1931 2228 1952 aut
2250 1921 2303 1953 alia

1239 1952 1398 1984 Exac‘iione
1413 1954 1458 1985 seu
1478 1955 1630 1986 Demanda
1642 1966 1839 1994 quacumque,
1855 1957 1889 1986 ad
1906 1956 1990 1994 Opus
2015 1959 2143 1990 nostrum
2163 1961 2207 1991 seu
2228 1960 2303 1991 Hae-

1238 1992 1339 2022 redum
1361 1992 1525 2024 nostrorum
1549 1996 1625 2031 exigi
1649 1995 1694 2025 vel
1711 1995 1842 2032 pertineri
1861 1998 1984 2033 poterint
1999 1999 2100 2035 quovis
2114 1999 2224 2037 modo,
2245 1999 2302 2030 sive

1240 2031 1318 2062 unde
1335 2031 1384 2069 ipsi
1401 2041 1446 2062 aut
1459 2042 1559 2063 eorum
1573 2034 1670 2071 aliquis
1684 2043 1747 2073 erga
1765 2033 1832 2064 Nos
1845 2034 1891 2064 vel
1909 2033 2048 2065 Haeredes
2070 2036 2182 2067 nostros
2202 2039 2302 2075 impeti

1238 2078 1286 2100 aut
1303 2071 1413 2100 onerari
1427 2080 1578 2110 poterunt,
1596 2081 1664 2109 erga
1679 2072 1747 2102 Nos
1762 2073 1795 2102 δε
1809 2072 1902 2103 ἀίᾶοε
1920 2073 2057 2104 Haeredes
2071 2074 2184 2105 nostros
2207 2077 2304 2106 omni-

1239 2110 1281 2139 no
1298 2117 1483 2140 exonerentur
1498 2111 1531 2142 ὅ(
1547 2112 1759 2148 acquietentur,
1777 2112 1811 2142 ὅ(
1827 2121 1928 2142 eorum
1943 2113 2059 2150 quilibet
2080 2122 2248 2145 exoneretur
2268 2115 2303 2146 &

1238 2148 1413 2185 acquietetur
1435 2149 1667 2188 imperpetuum,
1695 2150 1832 2188 aliquibus
1851 2150 1978 2187 Statutis,
2006 2152 2152 2190 Acstubus,
2177 2153 2303 2184 Ordina-

1239 2187 1385 2225 tionibus,
1404 2185 1659 2226 Conceffionibus,
1678 2187 1908 2227 Provisionibus,
1930 2189 2166 2227 Affignationibus
2180 2213 2190 2230 ,
2210 2195 2225 2210 ¹*
2243 2191 2304 2224 Re-

1239 2224 1446 2263 stric‘iionibus,
1464 2235 1511 2257 aut
1529 2226 1686 2265 Mandatis,
1701 2229 1730 2257 in
1749 2229 1923 2258 contrarium
1940 2229 2018 2259 factis
2033 2229 2077 2260 vel
2093 2230 2246 2269 Faciendis3
2265 2241 2301 2262 eo

1239 2264 1318 2302 quod
1337 2265 1461 2302 expressa
1477 2266 1590 2296 mentio
1602 2265 1638 2295 de
1660 2276 1729 2296 vero
1748 2266 1849 2296 Valore
1872 2265 2102 2306 Praemifforum,
2119 2269 2165 2299 seu
2188 2269 2302 2307 alicujus

1242 2302 1310 2333 inde
1327 2301 1479 2341 Parcellae,
1497 2313 1543 2334 aut
1557 2304 1614 2334 aliis
1630 2303 1727 2334 Donis
1747 2304 1804 2335 five
1824 2304 2064 2336 Concesfionibus
2084 2307 2201 2345 eisdem,
2219 2311 2301 2338 Pras-

1234 2349 1299 2387 pero
1319 2341 1432 2372 Camilio
1451 2351 1498 2373 aut
1519 2341 1669 2382 Nicholao,
1687 2352 1736 2380 per
1757 2342 1826 2373 Nos
1849 2353 1912 2374 ante
1927 2345 1990 2375 haec
2005 2354 2136 2382 tempora
2153 2346 2247 2385 fac‘iis,
2270 2349 2301 2378 in

1240 2380 1419 2417 praesentibus
1442 2382 1562 2411 minime
1585 2382 1657 2412 faeta
1680 2381 1787 2419 existit,
1806 2390 1853 2412 aut
1871 2382 1963 2421 aliqua
1974 2383 2027 2414 alia
2043 2382 2109 2423 Re,
2128 2383 2239 2425 Causa,
2255 2382 2301 2417 vel

1239 2419 1361 2449 Materia
1377 2429 1554 2458 quacumque
1564 2443 1574 2458 ,
1589 2430 1650 2450 non
1663 2419 1846 2451 obstantibus.

1274 2457 1306 2487 In
1324 2458 1417 2496 cujus,
1434 2460 1494 2489 &c.

1274 2496 1365 2527 Teste
1379 2497 1460 2536 Rege
1473 2496 1547 2536 apud
1561 2496 1835 2538 westmonasterium,
1853 2497 1998 2529 tricesimo
2014 2496 2072 2529 Die
2087 2497 2171 2530 Maii.

2332 2182 2346 2198 ³
2363 2177 2431 2213 XII,

1735 2576 1789 2604 Per
1804 2577 1899 2604 Breve
1913 2574 1945 2604 de
1958 2576 2079 2605 Privato
2093 2574 2195 2614 Sigilla.

1373 2717 1468 2762 Super
1489 2716 1593 2763 Regali
1612 2717 1649 2749 V
1646 2718 1745 2763 largio,
1769 2715 1806 2748 de
1828 2717 2000 2766 Privilcgiis
2016 2717 2153 2762 conceffi's.

1232 2807 1348 2866 REX
1364 2808 1529 2847 Omnibus,
1545 2809 1579 2840 ad
1595 2819 1684 2848 qu08‚
1703 2810 1763 2841 &c.
1780 2809 1913 2841 Salutem.

1326 2848 1423 2878 Sciatis
1440 2849 1537 2887 quod,
2347 2862 2435 2892 1475.

1267 2885 1347 2917 Cdm
1362 2887 1446 2924 Nos,
2090 2920 2092 2922 ,
2313 2893 2365 2921 An.
2387 2904 2430 2930 15.

1268 2924 1324 2956 Per
1340 2926 1480 2964 quendam
1500 2924 1626 2962 Adium,
1644 2926 1674 2954 in
1688 2925 1876 2955 Parliarnento
1890 2925 2004 2964 nostro,
2019 2926 2092 2964 apud
2104 2927 2292 2961 VVestmona-
2313 2935 2341 2958 E.
2359 2942 2388 2968 4.

1230 2962 1475 3003 sterium,·Sexto
1495 2963 1552 2994 Die
1578 2963 1718 2994 Octobris
1741 2964 1829 2995 Anno
1855 2963 1953 3003 Regni
1976 2965 2064 2996 nostri
2085 2966 2293 3008 Duodectmo,
2312 2972 2374 2997 Par.
2397 2972 2441 3005 15⁵.-

1228 3003 1365 3034 inchoato
1379 3004 1412 3034 &
1425 3002 1652 3040 tento,editum,
2312 3011 2342 3034 Ε,
2351 3019 2378 3044 4.
2382 3017 2409 3047 p,
2422 3018 2447 3039 r.-

1267 3040 1315 3071 De
1333 3042 1505 3072 avisamento
1529 3040 1726 3071 Dominorum
1749 3040 1937 3077 Spiritualium
1962 3043 1995 3074 &
2018 3042 2237 3082 Temporalium
2259 3049 2292 3077 ac
2313 3056 2387 3076 nm.

1228 3078 1482 3111 Communitatum
1496 3079 1590 3118 Regni
1608 3078 1696 3109 nostri
1712 3079 1837 3121 Angliae,
1854 3081 1881 3109 in
1896 3081 1974 3112 dieto
1988 3082 2177 3114 Parliamento
2192 3083 2293 3115 nostro

1227 3118 1428 3156 existentium,
1447 3128 1481 3148 ac
1498 3117 1674 3148 Auitoritate
1688 3112 1809 3148 eiusdem
1826 3118 2017 3157 parliamenti,
2266 3156 2275 3159 Ἦ

1263 3156 1341 3187 Inter
1363 3158 1412 3187 alia
1428 3180 1438 3194 ,
1462 3155 1668 3194 Voluerimus,
1692 3155 1921 3189 Concefferimus
1937 3181 1946 3196 ,
1974 3158 2231 3198 ordinaverimus,
2256 3161 2292 3192 δέ

1225 3193 1467 3226 Inaffltaverimus
1483 3194 1563 3232 quod
1579 3204 1680 3225 omnes
1696 3195 1854 3232 hujusmodi
1872 3196 2000 3227 Personae
2020 3199 2052 3227 δε
2075 3208 2168 3228 earum
2191 3199 2291 3236 quaelia

1226 3233 1315 3272 libet,
1333 3244 1396 3271 quae
1418 3232 1518 3263 Gratia
1542 3232 1651 3263 Divina
1673 3232 1838 3264 Nobiscum
1855 3236 1881 3264 in
1899 3235 1994 3275 nostris
2010 3234 2104 3273 Regali
2125 3239 2223 3274 Viagio
2246 3236 2286 3272 &-

1225 3275 1344 3302 Servitia
1364 3272 1617 3309 Transfretabunt,
1638 3272 1672 3302 δε
1694 3274 1721 3302 in
1745 3274 1847 3303 eodem
1875 3273 1997 3304 Servitio
2021 3275 2224 3314 morabuntur,
2250 3277 2287 3307 ὃς

1225 3310 1346 3341 Feoffati
1357 3310 1390 3341 ad
1405 3311 1484 3342 usum
1500 3310 1647 3348 cujissibet
1663 3320 1775 3349 earum,
1793 3312 1895 3341 habere
1911 3313 2017 3343 valcant
2030 3313 2062 3342 &
2079 3312 2216 3352 habeant,
2234 3314 2285 3346 ha-

1224 3349 1291 3380 bere
1305 3350 1439 3380 valeat&
1455 3350 1569 3386 habeat,
1591 3349 1768 3387 Licentiam‚
1787 3351 1836 3380 sub
1851 3350 1961 3388 Magno
1974 3350 2070 3388 Sigillo
2088 3351 2203 3390 nostr0‚
2220 3353 2285 3384 abs-

1222 3398 1278 3426 que
1300 3388 1399 3419 Feodo
1421 3389 1466 3418 vel
1490 3388 1558 3418 Fine
1584 3387 1683 3418 Nobis
1705 3389 1856 3425 solvendis,
1875 3388 1994 3418 faciendi
2011 3388 2223 3429 Feoffamenta,
2243 3392 2286 3422 Aa

1220 3427 1399 3465 lienmiones,
1418 3429 1452 3459 ὃς
1469 3427 1677 3457 Concessiones
1689 3426 1724 3457 de
1738 3427 1787 3456 suis
1800 3427 1984 3464 Honoribus,
1999 3426 2116 3466 Castris,
2136 3428 2282 3460 Maneriis-

1219 3465 1337 3504 Terris,
1359 3467 1392 3497 δι’.
1414 3467 1614 3502 Tenementis‚
1636 3464 1822 3502 Redditibus,
1841 3465 1984 3509 Servitiis,
2000 3464 2216 3507 Annuit-atibus,
2235 3454 2285 3499 ves

1219 3505 1277 3534 aliis
1294 3504 1541 3536 Haereditamentis
1556 3505 1588 3535 ὃς
1605 3503 1841 3539 Poffeffionibus,
1861 3512 1929 3532 curn
1948 3503 1998 3533 suis
2015 3503 2209 3545 Pertinentiis,
2225 3507 2279 3538 hu-

1215 3543 1341 3582 jusmodi
1358 3543 1485 3573 Personis
1501 3553 1585 3581 prout
1599 3544 1637 3573 eis
1652 3543 1788 3580 placeret,
1804 3550 1888 3578 prout
1910 3542 1939 3571 in
1961 3542 2038 3573 Astu
2059 3545 2197 3581 praedicsto
2218 3547 2280 3583 ple*

1217 3583 1283 3612 nisis
1297 3583 1476 3620 continetur,
1812 3617 1817 3622 ¹

1255 3620 1340 3657 Nos,
1361 3619 1469 3650 Adtum
1486 3618 1671 3656 praedidfflm,
1689 3627 1721 3647 ac
1738 3626 1835 3647 omnia
1849 3618 1882 3648 δε
1899 3617 2005 3654 fingula
2028 3619 2056 3649 in
2078 3621 2180 3651 eodem
2201 3631 2276 3652 con-

1216 3668 1309 3696 tenta,
1332 3660 1409 3696 juxta
1428 3658 1505 3694 vim,
1531 3657 1656 3686 formam
1671 3678 1681 3691 ,
1703 3656 1735 3685 S<
1755 3654 1891 3685 effestum
1917 3657 2038 3694 ejusdem
2054 3682 2063 3696 ‚
2090 3661 2119 3688 in
2140 3661 2277 3691 omnibus

1215 3696 1367 3727 Observari
1382 3696 1526 3731 volentes,
1543 3694 1579 3723 de
1595 3693 1692 3723 Gratia
1709 3692 1801 3723 nostra
1818 3693 1925 3731 speciali
1947 3695 2146 3727 Conceffimus
2165 3698 2198 3727 ὃς
2221 3698 2274 3729 Li-·

1214 3738 1338 3766 centiam
1358 3734 1516 3769 Dedimus,
1535 3741 1586 3768 pro
1602 3732 1698 3762 Nobis
1713 3733 1745 3762 &c
1767 3731 1935 3763 Haeredibus
1949 3734 2063 3771 nostris,
2083 3744 2220 3772 quantum
2241 3738 2274 3768 in

1216 3774 1316 3804 Nobis
1338 3773 1398 3810 est,
1420 3771 1537 3801 Diiesto
1559 3771 1591 3800 &
1614 3769 1701 3799 Fideli
1723 3769 1822 3800 nostro
1843 3771 1947 3801 Thomae
1970 3772 2064 3810 Burglv
2089 3773 2195 3812 Militi,
2222 3777 2273 3812 qui

1213 3811 1378 3842 Nobiscum
1398 3812 1425 3840 in
1444 3809 1547 3841 Viaeio
1560 3808 1592 3837 &
1604 3807 1726 3837 Servitio
1742 3809 1843 3838 nostris
1858 3810 2012 3849 praedistss,
2034 3811 2100 3840 Deo
2114 3811 2214 3850 dante,
2227 3814 2274 3844 ina

1214 3851 1253 3879 fra
1278 3850 1365 3880 breve
1389 3847 1586 3883 transfretabit,
1605 3848 1638 3877 ὃς
1659 3846 1764 3876 ibidem
1785 3850 1956 3886 morabitur,
1974 3850 2052 3886 quod
2077 3850 2148 3886 ipse,
2166 3852 2271 3890 absque

1215 3889 1286 3918 Fine
1301 3888 1346 3918 seu
1359 3887 1455 3916 Feodo
1472 3885 1505 3915 ad
1525 3884 1608 3921 Opus
1621 3884 1750 3914 nostrum
1766 3885 1902 3917 solvendis
1913 3910 1920 3923 ‚
1935 3888 2011 3924 juxm
2034 3889 2109 3924 vim,
2127 3888 2272 3930 formam,

1214 3928 1247 3957 ὃς
1264 3925 1401 3956 εΗέἃυῑῃ
1419 3921 1509 3954 Aeliis
1524 3923 1668 3961 praediffi,
1688 3923 1875 3955 Medietatem
1898 3925 2022 3955 Baroniae
2042 3926 2078 3955 de
2103 3926 2275 3969 Midforde,

1216 3967 1248 3996 ὃς
1264 3963 1356 3994 Castri
1370 3963 1424 3992 sive
1444 3961 1573 3991 Dominii
1588 3961 1624 3991 de
1641 3961 1805 3999 Midfordc,
1824 3965 1850 3992 in
1867 3963 2015 3993 Comitatu
2034 3963 2274 4007 Northumbriae,

1214 4014 1248 4034 ac
1271 4003 1402 4033 omnium
1422 4001 1597 4037 Terrarum,
1616 4000 1882 4038 Tenemcntorum,
1906 3998 2101 4040 Reddituum,
2119 4002 2274 4038 Reverfio-

1217 4052 1286 4071 nurn
1298 4065 1306 4077 ,
1326 4039 1488 4070 Feodorum
1511 4037 1656 4077 Militum,
1677 4039 1909 4068 Advocationum
1928 4039 2114 4071 Ecclesiarum
2126 4067 2135 4080 ,
2153 4043 2274 4076 Visuum

1216 4078 1416 4116 Franciplegii‚
1435 4075 1585 4107 Cunarum
1603 4077 1753 4114 Letarum,
1774 4078 1808 4108 ὃς
1824 4077 2034 4108 Warennarum
2052 4080 2185 4120 suorum,
2205 4093 2275 4113 curn

1685 4114 1718 4144 H
1740 4123 1754 4153 3
2210 4121 2277 4151 Per—

2319 2807 2395 2845 Ann.
2407 2808 2450 2850 D,-
