2555 4266
0 283 73 316 Ami.
87 282 129 315 D:

8 322 104 362 '1462

0 363 64 391 Edv.
78 370 107 396 4.

28 1498 44 1515 θ
62 1497 114 1524 xt.

9 1545 76 1570 497·

7 1573 86 1604 Anu.
101 1572 144 1603 D.

29 1612 116 1650 1462.

7 1656 61 1679 An.
76 1661 101 1678 2.

8 1693 40 1717 Ε.
57 1699 84 1724 4.

7 1731 98 1755 Fran-c.
115 1737 141 1755 2.

7 1768 38 1792 ε.
55 1773 87 1802 4.

6 1812 44 1832 m.
55 1805 83 1830 6.

731 203 842 247 ET
897 206 1157 254 ACTA
1236 174 1712 258 PUBLICA.

557 323 624 356 Hiis
642 325 795 368 Testibus,

188 396 399 430 Praecariffimis
417 398 558 432 Fratribus
575 401 696 442 nostris,

185 439 294 474 Georgia
310 435 455 467 Clarenciae
464 462 473 477 ,

181 474 226 543 Ξῖ
238 478 352 505 lucardo
368 476 533 518 Gloucestriae
541 502 552 518 ‚

211 523 228 543 c

185 535 342 584 Caiissimis
357 552 577 593 consanguineis
593 554 710 592 nostris,

186 589 323 634 johanne
338 591 494 630 Norjffialciae
503 616 512 630 ‚

185 630 224 658 ht
242 629 375 668 Jvhanne
392 630 538 669 Sffilciae,

184 666 331 699 Ducibus:

189 705 320 737 Necnon
330 731 340 745 ,
358 707 500 737 cariffimis
516 705 737 743 Consanguirieis
751 704 870 744 nostris,

187 746 302 775 Ricardo
318 747 477 776 Warrew‘ci
492 743 658 774 Camerario
674 743 804 782 Angliae,

189 783 322 821 Johanne
338 784 380 813 W
385 786 486 820 gorniae
498 782 686 813 Thesaurario
701 782 826 821 AngHae,

189 825 307 853 Herm-co
321 824 348 851 E
370 825 454 858 exiae,

188 859 388 929 &Wsllielmo
403 861 517 889 Kantiae
530 857 688 889 senescallo
701 857 826 899 Hospitii
835 857 940 898 nostri,

241 899 368 929 mitibus:

190 937 257 974 Ac,
275 935 395 966 Dilectis
405 936 438 966 &
453 935 594 971 Fidelibus
610 934 727 974 nostris,

190 973 322 1014 Johanne
339 973 441 1003 Nevill
456 974 489 1003 de
507 977 658 1012 Montagu,
766 1004 773 1011 ‚

190 1014 235 1042 W
238 1011 341 1041 ‘llielmo
354 1012 477 1051 Hastyng
491 1012 527 1042 de
539 1012 668 1052 Hastyng
684 1011 849 1044 Camerario
866 1012 981 1051 nostro,

187 1050 371 1120 {Zilj‘olganne
385 1053 468 1089 Fogge
481 1050 667 1082 Thefizurario
681 1050 806 1090 Hospitii
819 1051 909 1083 nostri
924 1073 934 1090 ,

250 1099 281 1119 iti
303 1100 351 1128 us,

187 1126 227 1159 Et
237 1128 304 1159 aliis.

189 1205 261 1236 Dat.
279 1215 328 1245 per
349 1204 472 1236 Manum
494 1204 620 1235 nostram
634 1204 708 1243 apud
721 1204 862 1235 Palatium
880 1202 997 1244 nostrum
1009 1202 1211 1244 Wstmonaste-

153 1247 206 1282 rii,
223 1244 347 1276 secundo
363 1245 409 1274 die
427 1244 615 1275 Novembris.

283 1322 336 1389 Ρῗ
355 1320 436 1367 ipsimi
455 1322 568 1358 Regem,
585 1318 624 1355 (β’
639 1319 672 1350 de
689 1322 770 1350 Data
779 1319 931 1358 precam,
948 1320 1128 1349 Aueloritate
1140 1320 1213 1348 Par-

322 1366 444 1390 mmentr.

313 1482 341 1510 *ἓ
353 1486 400 1518 De
425 1488 634 1532 Prorogatione
659 1487 850 1532 Treugarum
869 1483 1056 1532 Burgundiae·

221 1569 287 1601 EX
306 1569 470 1607 Omnibus,
483 1569 518 1600 ad
537 1578 625 1608 quos,
644 1569 705 1600 δίε.
722 1568 857 1599 Salutem.

268 1608 365 1638 Sciatis
378 1608 478 1646 quod,

191 1646 286 1684 Cum,
306 1655 358 1685 pro
379 1645 464 1676 Bono
485 1645 694 1677 Intertenendze
712 1646 745 1677 &
758 1646 994 1685 augmentationis
1009 1645 1214 1686 Mercandisae,

154 1686 227 1715 inter
240 1685 373 1715 Subditos
388 1683 485 1723 Regni
497 1683 586 1715 nostri
600 1685 717 1722 Angliae
731 1694 763 1715 ac
780 1685 916 1715 Subditos
928 1684 1085 1716 Patriarum
1100 1687 1134 1716 ὃς
1149 1686 1214 1716 Do-

155 1724 308 1753 miniorum
330 1723 520 1761 praecariffimi
536 1722 744 1761 Confingumei
756 1722 846 1753 nostri
861 1722 978 1762 Philippi
993 1726 1077 1753 Ducis
1090 1728 1214 1762 Burgun-

154 1761 220 1799 diae,
237 1771 351 1795 necnon
371 1771 425 1801 pro
446 1762 600 1792 Securitate
617 1761 806 1792 Snbditorum
823 1761 919 1801 Regni
930 1772 963 1792 ac
979 1762 1167 1793 Subditorum
1183 1773 1213 1793 e-

148 1800 260 1839 jusdem
283 1799 490 1839 Consanguinei
512 1800 619 1838 nostri,
638 1809 793 1838 atempore
805 1800 899 1837 longo
914 1801 1028 1838 quidam
1044 1800 1214 1832 intercursus

153 1838 396 1876 Mercandiiandi,
413 1838 462 1869 sub
484 1837 708 1869 Conditionibus
732 1839 760 1867 in
786 1838 904 1876 Literis,
924 1840 980 1869 tam
999 1848 1034 1869 ex
1058 1848 1135 1878 parre
1159 1840 1214 1871 una

151 1879 236 1916 quam
257 1878 341 1908 altera
355 1877 452 1916 faffis,
470 1877 606 1915 sigillatis,
625 1878 658 1908 &
673 1877 809 1913 expeditis
819 1899 829 1915 ,
849 1877 931 1914 plene
944 1876 1105 1916 specificans
1118 1880 1151 1910 &
1166 1878 1213 1910 de-

154 1916 262 1947 claratis
272 1939 282 1954 ,
300 1917 330 1946 in
342 1916 477 1953 dictisque
491 1916 617 1953 Regno,
635 1915 750 1952 Patriis,
769 1916 801 1946 δε
817 1914 967 1946 Dominiis
981 1916 1140 1955 publicatis,

195 1955 257 1993 Qii
273 1955 388 1993 quidem
402 1954 570 1985 intercursus
583 1963 632 1991 per
646 1962 722 1984 certa
733 1963 859 1991 tempora
876 1953 996 1992 duravit,
1011 1955 1055 1992 &‚
1073 1955 1137 1992 post
1155 1954 1213 1985 Ex-

155 1994 322 2032 pirationem
342 1992 482 2030 ejusdem,
503 1993 604 2031 pluries
626 1992 660 2022 ὃς
682 1992 795 2022 diverfis
808 1992 917 2022 vicibus
933 1992 1110 2031 Prolongatis
1123 1995 1214 2025 extitit

157 2033 191 2063 &
212 2031 396 2070 prorogatus,
413 2034 487 2070 juxta
508 2030 635 2061 Modum
658 2032 692 2062 &
705 2030 844 2060 Formam
859 2030 928 2061 ficut
940 2031 1075 2062 habuerat
1089 2030 1213 2063 Cursum

156 2081 173 2101 a
194 2070 359 2107 Principio,
378 2071 411 2101 &
430 2069 515 2107 usque
531 2070 586 2107 jam
601 2069 697 2108 tarde,
714 2068 765 2099 sub
778 2068 822 2106 spe
838 2069 935 2108 quod,
953 2069 1117 2100 durantibus
1131 2070 1214 2101 dietis

154 2108 380 2139 Continuatione
399 2108 470 2138 dieti
493 2106 683 2145 intercursus,
699 2116 838 2138 teneretur
854 2118 909 2138 una
929 2111 1016 2138 Dieta
1031 2107 1214 2140 Conventio-

153 2148 198 2179 riis
216 2147 251 2176 ad
272 2146 487 2185 Negotiandum
507 2147 541 2177 &
567 2145 760 2176 Advisandum
782 2146 819 2176 de
834 2148 868 2178 &
880 2146 958 2185 super
971 2148 1053 2177 certis
1066 2146 1214 2187 Materiis,

156 2186 269 2216 dietum
291 2184 482 2215 Intercursum
500 2186 530 2214 in
544 2185 665 2224 generali
676 2185 853 2223 tangentibus
864 2195 979 2216 necnon
995 2185 1116 2216 Paetum
1132 2185 1215 2217 Mer-

155 2224 294 2262 candisae,
311 2234 361 2261 per
374 2232 487 2254 certum
501 2223 621 2262 longum
633 2232 743 2263 tempus
755 2223 916 2262 duraturus,

196 2262 250 2300 Et,
274 2264 338 2301 quia
360 2262 489 2301 quaedam
511 2271 586 2292 certa
604 2261 686 2292 ardua
709 2261 836 2301 Negotia
856 2262 890 2293 &
915 2261 1068 2302 Materiae,
1086 2263 1156 2294 Nos
1180 2264 1215 2296 &

157 2301 296 2340 Regnum
312 2301 441 2331 nostrum
464 2300 575 2340 Angliae
596 2301 698 2331 intime
719 2301 939 2339 concernentia,
956 2302 1070 2333 interim
1084 2302 1215 2342 superve-

158 2348 277 2377 nerunt,
295 2339 374 2378 quod
396 2342 484 2369 Dieta
506 2338 639 2377 praediffl
659 2339 817 2370 commode
839 2340 927 2370 teneri
945 2350 1005 2371 non
1018 2341 1127 2380 potuit,
1145 2344 1215 2371 Die-

148 2385 219 2408 -tam
230 2377 304 2407 illam
317 2378 351 2408 ad
365 2377 450 2408 alium
466 2377 555 2408 Diem
568 2378 726 2408 continuari
740 2377 874 2415 fecimus,

197 2416 384 2456 Volentesque
410 2416 521 2447 dietum
542 2415 729 2447 Intercursum
750 2415 994 2456 Mercandisandi,
1014 2419 1107 2449 modis
1126 2419 1155 2449 in
1171 2419 1215 2450 di-

157 2455 212 2487 &is
227 2455 348 2494 Regno,
368 2454 480 2493 Patriis,
497 2456 530 2486 &
544 2454 690 2485 Dominiis
702 2454 846 2493 hucusque
859 2455 1003 2494 habitum,
1020 2458 1195 2495 continuari,

194 2493 328 2524 Necnon
349 2503 402 2532 pro
422 2504 458 2524 eo
478 2492 559 2531 quod
580 2493 672 2523 avisati
695 2492 808 2532 sumus,
835 2494 868 2524 &
889 2504 942 2533 pro
961 2504 1031 2525 vero
1055 2496 1215 2534 informati,

159 2534 242 2571 quod
258 2532 306 2569 ipsi
320 2541 355 2562 ex
370 2540 445 2569 parte
457 2531 611 2562 Patriarum
627 2533 661 2563 &
673 2530 881 2562 Dominiorum
893 2532 1021 2570 praediffl
1037 2532 1209 2573 Confiingui-

160 2572 208 2602 nei
224 2571 311 2601 nostri
332 2571 446 2610 grandia
462 2570 629 2601 desiderium
643 2570 747 2601 habent
759 2571 792 2602 &
807 2571 985 2602 voluntatem
998 2571 1034 2602 de
1053 2571 1216 2603 Proceden-

162 2611 202 2640 do
218 2610 247 2639 in
263 2608 388 2639 Materii's
399 2609 572 2647 supradietis,

199 2647 372 2678 Praeditstum
396 2647 577 2679 intercursum
593 2647 836 2686 Mercandiiandi,
854 2647 939 2679 talem
955 2650 988 2681 &
1002 2650 1030 2679 in
1044 2649 1090 2680 tali
1109 2649 1218 2689 forma,

161 2686 217 2725 qua
231 2686 358 2724 primitiis
372 2687 443 2716 inter
457 2686 596 2724 Regnum
616 2686 745 2717 nostrum
763 2687 930 2724 praedietum
944 2697 977 2718 ac
993 2687 1092 2718 Patrias
1108 2689 1140 2719 &
1154 2689 1220 2719 Do-

162 2725 248 2755 minia
273 2723 400 2763 praediffl
422 2724 630 2763 Consanguinei
652 2725 741 2755 nostri
754 2725 843 2756 faelus
854 2726 942 2757 extitit
957 2727 989 2756 δε
1005 2726 1168 2765 conclusus,
1187 2729 1220 2758 &

184 2763 217 2793 ua
239 2762 428 2801 postmodum
448 2773 497 2800 per
510 2762 767 2794 Continuationem
786 2764 876 2795 extitit
889 2765 1117 2803 incontinuatus,
1137 2776 1168 2796 ut
1179 2766 1220 2795 est

161 2772 292 2839 didium,
315 2801 398 2840 usque
422 2801 537 2832 Festum
562 2801 707 2833 Omnium
729 2802 904 2833 SanC'torum
923 2803 1027 2834 ultimo
1048 2805 1221 2841 praeteritum

165 2840 408 2879 Prorogavimus,
430 2838 692 2877 Continuavimus,
717 2841 750 2872 &
770 2840 1022 2880 Prolongwimus,
1049 2852 1083 2873 ac
1104 2843 1222 2873 Tenore

165 2877 350 2909 Praesentium
368 2877 574 2916 Prorogamus,
599 2877 824 2917 continuamus,
843 2880 876 2911 &
896 2879 1117 2919 Prolongamus,
1135 2881 1168 2911 ad
1192 2891 1223 2911 u-

164 2927 236 2948 num
250 2917 368 2948 Annum
378 2939 388 2954 ,
405 2917 539 2951 proximo
554 2916 618 2954 post
634 2915 739 2946 Daram
755 2917 940 2948 Praesentium
954 2928 1124 2957 venturum,
1141 2921 1223 2950 dura-

166 2964 256 2994 turas,
274 2955 388 2993 proviso
398 2954 506 2993 semper
520 2954 601 2993 quod
611 2952 747 2993 praefatus
764 2955 976 2995 Consanguineus
987 2955 1073 2996 noster
1089 2957 1224 2988 consimi-

167 2993 207 3024 les
219 2993 458 3031 Prorogationem
468 3018 477 3031 ,
495 2992 768 3032 Continuationem,
784 2995 817 3025 &
830 2993 1079 3034 Prolongationem
1098 2996 1127 3025 in
1143 2995 1224 3027 Prae·

167 3032 255 3063 missis
268 3042 321 3069 pro
334 3031 416 3063 Parte
431 3031 477 3062 sua
489 3033 587 3063 faciat:

203 3069 240 3101 Et
262 3070 390 3108 ulterius,
406 3080 437 3101 ut
456 3070 602 3101 Praemissa
622 3069 657 3100 ad
679 3069 887 3109 cognitionem
906 3071 940 3102 &
959 3071 1106 3102 Notitiam
1119 3071 1224 3103 Subdi-

167 3117 263 3140 torum
283 3109 448 3140 nostrorum
467 3111 501 3141 &
516 3110 636 3140 aliorum
656 3108 875 3148 Mercatorum,
892 3108 1048 3149 Regnum,
1066 3111 1223 3148 Dominia,

167 3148 202 3178 &
219 3148 374 3178 Territoria
393 3147 486 3179 nostra
507 3147 762 3186 frequentantium,
779 3149 927 3185 pervenire
945 3149 1085 3188 poterint,
1102 3151 1139 3179 ne
1160 3150 1222 3187 quis

166 3185 305 3217 Velamen
322 3185 516 3218 Excusationis
536 3188 569 3218 &
590 3185 760 3225 Ignorantiae
778 3187 949 3225 praetendere
962 3187 1068 3225 valeat,
1083 3187 1224 3218 Volumus

168 3224 251 3262 quod
270 3224 416 3256 Praemissa
436 3235 484 3262 per
496 3224 658 3255 Officiarios
671 3224 798 3263 nostros,
818 3226 920 3262 quibus
933 3226 963 3255 in
979 3225 1032 3255 hac
1048 3235 1124 3264 parte
1139 3228 1223 3264 perti-

169 3271 236 3300 net,
252 3263 282 3293 in
306 3263 384 3294 Villis
398 3263 647 3299 Principalioribus
660 3262 754 3303 Regni
768 3263 857 3294 nostri
871 3265 905 3295 &
919 3264 979 3294 aliis
994 3264 1081 3294 Locis
1095 3266 1223 3303 perantea

170 3300 310 3332 consuetis
328 3302 442 3339 publice
466 3301 682 3345 Notificentur3
699 3303 736 3331 ita
747 3301 856 3348 semper
868 3302 947 3341 quod
956 3301 1091 3347 pri-effatus
1103 3303 1223 3347 confim—

167 3339 1225 3420 ““fflassz'sss‘sffiifz'ffsssn{⁵⁶”i‘zssiiffJffigsszlffiiiichffiam‚

171 3413 353 3454 Majoribus,
376 3416 536 3455 Capitaneis
551 3440 561 3453 ,
585 3415 838 3448 Conservatoribus
863 3417 1045 3457 Treugarum
1061 3442 1072 3457 ‚
1099 3418 1227 3456 Ballivis,

171 3452 405 3492 constabulariis,
421 3465 455 3486 ac
468 3456 527 3486 aliis
538 3454 742 3494 Officiariis,&
757 3455 897 3486 Ministris
911 3457 1011 3487 nostris
1026 3458 1142 3488 ubilibet
1156 3467 1228 3489 con-

171 3490 290 3528 stitutis3
303 3491 336 3522 &
355 3501 456 3524 eorum
475 3493 713 3525 Locatenentibus
735 3494 768 3525 &
786 3494 950 3533 Deputatis,
967 3495 1002 3526 &
1016 3496 1161 3529 cuiussibet
1177 3505 1228 3527 eo-

174 3539 239 3562 rum
247 3552 258 3568 ‚
276 3538 359 3566 prout
375 3530 412 3560 ad
424 3541 490 3562 eum
505 3533 624 3570 pertinet
637 3533 670 3563 &
685 3533 823 3571 pertinere
833 3535 951 3573 poterit,
966 3533 1081 3566 firmiter
1094 3537 1124 3566 in
1141 3534 1228 3565 Man-

171 3569 240 3600 datis
263 3567 344 3605 quod
361 3566 547 3600 Intercursum
568 3571 754 3608 praedkstum,
778 3571 873 3603 forma
894 3582 943 3609 per
962 3574 1038 3610 prius
1057 3574 1170 3612 habita,
1195 3574 1228 3604 &

172 3605 362 3645 postmodum
376 3607 560 3649 continuata,
583 3609 619 3638 de
637 3608 752 3639 Puneco
772 3611 800 3639 in
825 3609 990 3648 Pumstum,
1013 3612 1129 3643 durante
1147 3614 1227 3644 dieto

175 3645 322 3677 Termino
335 3653 415 3673 unius
433 3644 531 3682 Anni,
546 3654 676 3683 teneant,
697 3648 729 3677 δε
753 3648 840 3677 teneri
861 3648 984 3686 faciant,
1009 3650 1110 3689 absque
1137 3652 1228 3683 Infra-

173 3685 271 3729 &ione
289 3681 412 3722 ejusdem
434 3691 630 3722 quacumque,
653 3684 703 3715 sub
721 3685 820 3715 Poenis
848 3685 878 3714 in
901 3685 982 3717 dietis
1007 3688 1132 3727 Treugis
1155 3700 1227 3722 con-

170 3731 261 3755 tenus.

210 3760 246 3792 Iri
260 3761 356 3799 cujus,
374 3760 434 3790 &c.

240 3798 339 3869 l{Peste
361 3797 446 3836 Rege
466 3795 540 3836 apud
562 3796 836 3837 Wstmonasterrum,
852 3798 968 3830 decimo
988 3801 1093 3833 oQavo
1104 3804 1151 3837 die
1166 3805 1230 3839 De-

175 3846 240 3870 cem
262 3846 307 3868 ns.

845 3876 899 3905 Per
913 3875 996 3916 ipffim
1012 3879 1116 3917 Regem.

230 4110 303 4140 Tom.
320 4108 354 4138 V.
369 4108 403 4137 P.
422 4108 462 4138 Π.

2229 240 2304 281 113

1342 375 1370 402 δὲ
1383 380 1445 411 Pro
1466 381 1692 415 Mercatoribus
1708 385 1888 428 Almam,
1918 386 1952 419 de
1973 388 2202 431 Concqffionibus.

1349 460 1375 491 X
1395 460 1555 504 Omnibus,
1572 464 1606 494 ad
1623 476 1710 504 quos,
1727 467 1788 498 διε.
1807 468 1941 501 Salutem.

1355 499 1452 543 Sciatis
1466 502 1563 539 quod,

1252 459 1337 515 RE

1284 533 1414 567 Primum
1434 547 1463 567 in
1487 538 1629 576 Operibus
1651 541 1750 571 nostris
1773 554 1960 582 proponentes
1974 548 2063 578 oculis
2079 555 2177 583 mentis
2192 555 2296 585 nostrae
2322 541 2366 564 Aa

1248 581 1382 606 aeternam
1458 586 1505 619 em
1516 580 1549 609 &
1565 577 1745 624 Voluntatem
1762 581 1837 620 Dei,
1853 584 1902 613 sub
1916 587 1992 623 cujus
2002 585 2124 624 Imperio
2136 591 2225 628 Regffi
2237 594 2297 622 Re-

1247 618 1370 647 gnantur
1392 614 1425 644 &
1467 625 1588 653 rincipes
1602 617 1811 656 Dominantur,
1827 622 1959 659 cujusque
1976 625 2114 654 immensa
2128 627 2250 660 Bonitate
2266 634 2297 660 bc

1250 648 1352 695 Gratia·
1373 652 1529 690 legitimam
1549 653 1752 686 Poffeffionem
1774 657 1869 697 Regni
1891 660 1980 690 nostri
2002 662 2129 700 Anzliae,
2146 665 2178 694 N
2182 669 2242 696 obis
2265 669 2299 698 de
2326 655 2343 677 E

1245 685 1358 724 Justitia
1379 691 1412 720 ὃ(
1433 691 1447 727 J
1454 701 1502 722 ure
1516 692 1705 725 Haereditario
1722 695 1827 734 debiti,
1843 707 1911 727 cum
1935 695 2070 730 omnibus
2084 700 2222 734 Membris
2235 706 2302 743 suis,
2323 696 2335 724 Ρ

1249 727 1321 765 juste
1337 729 1370 758 &
1386 728 1503 760 feliciter
1519 731 1610 770 adepti
1626 733 1734 769 sumus,

1288 764 1334 809 Et·
1345 767 1546 810 deinderost
1561 772 1691 801 maximas
1708 771 1822 802 Divinae
1838 772 1986 809 Magestati
2001 785 2037 805 eo
2052 776 2186 808 Nomine
2201 780 2304 810 oblatas

1251 800 1381 847 Gratias,
1399 808 1605 848 coniiderantes
1625 809 1661 840 ad
1684 809 1827 853 Officium
1850 810 2004 842 Christum
2020 813 2107 850 Regis
2120 817 2204 845 nichil
2220 828 2305 854 pecu—

1249 840 1340 886 liarius
1365 852 1504 888 per-tinere
1527 848 1613 884 quam
1628 858 1695 878 cum
1712 850 1841 879 univeriis
1863 850 2015 880 christi-mi
2035 853 2178 884 Nominis
2198 861 2229 885 ὥς
2248 855 2318 886 Ca?

1250 879 1366 911 tholicae
1385 881 1464 912 I-idei
1480 882 1665 925 Culroribus,
1685 897 1820 926 quantum
1836 892 1995 919 commone
2016 891 2047 920 ὅ(
2063 892 2180 923 honeste
2199 895 2306 930 potest,

1250 917 1358 962 Pacem
1380 931 1503 966 quaercre
1526 923 1559 953 &
1582 924 1702 967 babere,
1721 936 1751 955 ut
1771 926 1821 963 ipii
1840 927 2006 964 (videlicet)
2028 929 2101 967 Regi
2122 931 2253 969 Regum,
2272 934 2306 962 &

1249 955 1330 1001 Pacis
1345 959 1480 1005 Auctori‚
1499 969 1600 999 pacatis
1617 963 1744 1002 Animis,
1763 966 1797 994 ab
1811 966 1944 996 omnibus
1960 965 2068 997 Christi
2081 969 2221 1000 ficefibus
2237 972 2307 1000 iibe-

1249 1004 1324 1033 rius,
1344 1006 1498 1040 promtius,
1517 1002 1550 1030 &
1566 1001 1735 1040 iolempnins
1750 1002 1910 1042 Serviatur,

1287 1033 1522 1080 Revocanteique
1543 1040 1576 1069 ad
1601 1041 1770 1070 memoriam
1793 1041 1917 1072 nostram
1941 1043 2050 1082 antiqua
2074 1044 2117 1074 illa
2138 1046 2254 1078 Foedera
2271 1048 2306 1078 ἅτ

1249 1079 1357 1114 veteres
1372 1074 1519 1118 Amicitias
1536 1077 1607 1108 inter
1624 1077 1744 1116 Regna,
1762 1079 1883 1118 Terras,
1904 1080 2056 1119 Dominia,
2072 1082 2206 1115 Civitates
2240 1086 2305 1124 Op-

1249 1110 1329 1147 pida,
1348 1112 1380 1141 &
1399 1114 1448 1142 alia
1473 1115 1552 1157 Loca
1578 1116 1753 1148 Alemanniae
1767 1118 1800 1148 &
1818 1118 1946 1157 Angiiae,
1965 1130 2119 1159 eorumque
2135 1111 2259 1161 Populos
2271 1126 2305 1156 &

1249 1147 1360 1179 incolas
1375 1151 1410 1193 ab
1423 1161 1539 1190 antiquo
1553 1157 1715 1197 contracta,
1733 1157 1817 1194 inita,
1832 1157 1865 1187 ὃ(
1880 1157 2033 1188 diutiffime
2043 1161 2184 1192 obiervata
2193 1186 2204 1201 ‚

1289 1186 1366 1223 Quae
1385 1198 1460 1226 jam,
1485 1191 1672 1234 superioribus
1691 1196 1788 1224 diebus
1803 1217 1812 1233 ,
1840 1197 1918 1225 variis
1939 1198 2030 1227 modis
2044 1222 2053 1234 ,
2079 1208 2107 1227 ut
2131 1203 2306 1240 accepimus,

1247 1233 1416 1267 procu-rante
1437 1228 1519 1272 Pacis
1544 1231 1586 1271 &l
1600 1231 1729 1264 Humani
1753 1233 1875 1264 Generis
1895 1233 2034 1274 Inimico,
2051 1247 2110 1266 non
2124 1239 2306 1270 mediocritei·

1248 1263 1310 1294 iaesa
1324 1268 1385 1294 lunt
1401 1266 1434 1296 &
1449 1268 1566 1306 Violata,

1288 1301 1349 1332 Sub
1362 1303 1417 1340 Spe
1435 1304 1624 1351 Concordi3ae,
1644 1310 1676 1339 &
1693 1310 1852 1348 Amicitiae,
1870 1312 1903 1343 ὃ(
1920 1311 2000 1343 Paci<
2013 1323 2154 1353 perpetuae
2167 1317 2237 1346 inter
2246 1316 2305 1347 Re-

1250 1348 1320 1379 gna,
1337 1342 1454 1381 Terras,
1476 1344 1630 1386 Dommm,
1651 1346 1805 1387 Civitates,
1823 1349 1936 1388 Oppida
1948 1374 1958 1388 ,
1977 1353 2009 1382 &
2035 1353 2130 1391 Loca,
2147 1364 2304 1393 eorumque

1251 1378 1375 1424 Populos
1397 1381 1430 1411 &
1455 1381 1582 1427 incolas,
1600 1386 1753 1426 antedista,
1771 1387 1909 1418 aiiiitente
1928 1389 1984 1419 Dei
2008 1390 2149 1430 Dextera,
2167 1393 2306 1423 Redinte-

1249 1418 1367 1461 grandi,
1380 1417 1585 1465 Reformandi,
1604 1423 1876 1467 seu-Coniponeiidi
1898 1428 2120 1467 imperpetuuiti,
2147 1432 2179 1461 ὃς
2202 1441 2231 1461 ut
2252 1432 2306 1462 hu-

1246 1458 1368 1501 jusmodi
1388 1457 1571 1497 Concordia,
1592 1462 1727 1492 Amicitia
1737 1486 1746 1500 ,
1764 1465 1795 1494 &
1814 1464 1870 1493 Pax
1883 1468 2028 1502 oportunis
2041 1470 2089 1497 vus
2104 1472 2136 1499 ὅτ.
2152 1470 2243 1499 modis
2256 1479 2305 1500 ce-

1249 1494 1334 1525 lerius
1350 1505 1432 1533 atque
1445 1498 1599 1538 expeditius
1615 1500 1647 1529 ad
1667 1510 1705 1537 op
1718 1511 1795 1531 atum
1811 1503 1916 1532 exizum
1931 1504 2045 1542 perduci
2059 1508 2158 1544 valeat,

1287 1533 1336 1563 De
1358 1534 1458 1580 Gratia
1475 1537 1569 1568 nostra
1583 1537 1690 1573 speciali
1707 1540 1739 1569 &
1754 1549 1788 1569 ex
1805 1550 1880 1570 certa
1896 1542 2016 1572 Scienrxa
2041 1544 2135 1575 nostra
2153 1545 2303 1576 Conceffi-

1249 1581 1328 1615 mus,
1347 1582 1399 1611 pro
1422 1575 1521 1605 {Nobis
1535 1576 1568 1606 δε
1584 1576 1753 1606 bia-<redibis
1768 1580 1882 1617 nostris,
1899 1589 1981 1618 atque
1997 1591 2044 1617 per
2060 1582 2206 1614 Praesenzes
2222 1584 2304 1614 Con-

1249 1610 1396 1649 cedimus,
1424 1612 1631 1657 Mercatoribus
1655 1615 1751 1653 Regni
1772 1617 1947 1648 Alemanniae
1975 1619 2042 1655 (illis
2060 1620 2163 1651 scilicet
2188 1624 2236 1659 qui
2258 1623 2306 1652 ba-

1251 1649 1318 1680 bent
1343 1650 1477 1681 Domum
1497 1662 1525 1682 in
1547 1652 1670 1684 Civitate
1686 1653 1846 1685 Londoniae
1860 1666 1923 1695 quae
1939 1656 2113 1688 Guitciehaiia
2128 1660 2305 1690 Teutonico-

1250 1698 1313 1717 rum
1334 1688 1485 1726 vulgariter
1509 1696 1702 1730 nuncupatur)
1723 1694 1802 1730 quod
1823 1695 1870 1731 ipsi
1897 1704 1945 1732 per
1968 1695 2050 1725 Duos
2073 1696 2173 1727 Annos
2195 1699 2227 1728 &
2249 1698 2306 1728 Sex

1250 1725 1380 1765 Menses,
1396 1738 1411 1758 a
1424 1728 1507 1759 festo
1523 1730 1635 1761 Natalis
1650 1730 1774 1761 Domini
1792 1732 1895 1762 ultimo
1911 1736 2054 1770 praererito
2070 1737 2206 1765 contin-„ie
2223 1746 2307 1767 com-

1248 1765 1401 1809 putandos,
1421 1777 1469 1811 per
1491 1777 1584 1799 toturn
1607 1769 1743 1808 Regnum
1757 1771 1886 1801 nostrum
1903 1772 2012 1810 Angli-ae
2027 1775 2213 1812 praedidtum,
2231 1784 2263 1804 ac
2278 1785 2308 1805 a-

1250 1804 1285 1832 lia
1301 1803 1382 1835 Loca
1398 1805 1496 1836 Nobis
1510 1808 1650 1845 subjecssta,
1664 1809 1797 1839 omnibus
1810 1810 1843 1840 ὃ(
1859 1811 1967 1848 lingulis
1984 1811 2154 1851 Privilegiis,
2175 1813 2307 1844 Liberta-

1249 1842 1340 1880 tibus,
1358 1844 1390 1874 &
1411 1844 1523 1875 Liberis
1544 1846 1820 1885 Consuetudinibus,
1837 1848 1937 1886 quibus
1952 1849 2000 1886 ipfi
2016 1849 2232 1889 Progenitorum
2252 1862 2306 1881 no-

1249 1879 1374 1923 strorum
1395 1883 1542 1920 quondam
1561 1883 1676 1924 Regum
1699 1886 1808 1924 Angliae
1831 1888 2006 1923 temporibu<
2028 1897 2075 1926 per
2099 1899 2195 1919 eorum
2209 1889 2307 1920 Carras

1249 1918 1355 1950 ibidem
1377 1922 1576 1952 rationabiliter
1598 1924 1637 1954 ufi
1660 1923 1774 1954 fuerunt
1795 1925 1827 1956 &
1847 1925 1947 1963 gaviii,
1974 1926 2063 1956 libere
2086 1927 2118 1957 <Sc
2135 1927 2251 1964 pacifice
2266 1929 2306 1958 uti

1251 1957 1285 1987 &
1304 1957 1422 2002 gaudere
1438 1960 1561 2000 possint,
1579 1971 1667 2000 eaque
1683 1961 1799 1992 habeant
1817 1963 1848 1993 ἃ
1862 1963 1951 1994 iibere
1968 1974 2114 1994 exerceant
2127 1966 2229 2003 absque
2245 1965 2307 1996 Itn-

1249 1996 1434 2035 pedimento‚
1453 1998 1673 2038 Inquietatione,
1696 1999 1914 2039 Molestatione,
1933 2002 1979 2032 seu
2001 2003 2216 2034 Perturbatione
2239 2014 2307 2039 qua-

1251 2043 1374 2073 cumque
1390 2035 1511 2075 Nostri,
1528 2038 1573 2068 seu
1588 2038 1745 2069 Haeredum
1757 2039 1936 2077 nostrorum,
1955 2040 2192 2079 Officiariorum,
2202 2043 2233 2073 ὃ(
2245 2042 2309 2079 Mi2

1251 2073 1402 2104 nistrorum
1419 2074 1580 2106 nostrorum
1596 2086 1642 2107 aut
1656 2077 1768 2107 suorum
1785 2088 2047 2118 quorumcumque,

1285 2110 1323 2142 Et
1336 2113 1415 2157 quod
1431 2115 1559 2152 praediffi
1574 2114 1748 2146 Mercatores
1764 2117 1797 2147 ὅ(
1812 2126 1913 2147 eorum
1926 2117 2060 2155 quilibet,
2074 2128 2089 2148 a
2103 2118 2240 2156 praedic'to
2256 2119 2311 2151 Fe-‘

1250 2149 1295 2179 sto
1306 2150 1426 2194 *Natalis
1443 2151 1583 2192 Domini,
1599 2164 1650 2191 per
1670 2154 1822 2192 praedi&os
1844 2154 1929 2186 Duos
1944 2155 2044 2186 Annos
2059 2157 2092 2186 &
2109 2156 2163 2187 Sex
2179 2157 2309 2198 niemez,

1252 2187 1350 2227 Qieti
1367 2189 1419 2221 {int
1439 2192 1471 2222 &
1486 2190 1636 2223 Exonerati
1653 2202 1718 2232 erga
1730 2192 1800 2223 Nos
1816 2193 1849 2224 &
1864 2193 2000 2224 Haeredes
2015 2194 2144 2233 nostrOS,
2160 2196 2196 2225 de
2210 2198 2309 2226 omni-

1250 2227 1302 2257 bus
1320 2228 1353 2259 &
1367 2230 1544 2260 omnimodis
1557 2230 1692 2261 Subiidiis
1704 2231 1840 2262 conceffis
1854 2232 1888 2263 ὃς
1898 2256 1907 2268 ,
1922 2232 2039 2263 durante
2051 2233 2194 2264 Termino
2206 2234 2309 2272 praedi-

1251 2265 1316 2304 cto,
1339 2267 1528 2299 concedendis
1550 2268 1663 2306 Nobis,
1684 2270 1742 2300 tam
1759 2279 1812 2309 pro
1828 2269 1952 2301 Perscnis
1963 2271 2035 2309 suis,
2050 2272 2134 2310 quam
2150 2282 2202 2309 pro
2213 2273 2308 2303 omni-

1251 2303 1302 2334 bus
1316 2304 1400 2336 Bonis
1413 2306 1447 2337 &
1462 2305 1646 2338 Mercandifis
1660 2307 1726 2346 suis,
1746 2308 1776 2338 in
1792 2308 1932 2345 Regnum
1945 2308 2075 2340 nostrum
2092 2309 2220 2348 Angliae,
2238 2313 2307 2342 citra

1251 2342 1367 2373 Festum
1390 2344 1580 2384 praedictum,
1597 2355 1646 2384 per
1661 2355 1876 2385 quemcumque
1893 2346 2087 2378 Mercatorum
2103 2349 2307 2384 praedietomm

1249 2381 1376 2412 adduetis
1398 2384 1432 2414 &
1452 2384 1641 2423 imposterum
1659 2384 1847 2424 adducendis,
1863 2386 1897 2416 &
1918 2393 1992 2416 extra
2008 2385 2083 2417 idem
2101 2386 2236 2425 Regnum
2254 2398 2308 2418 no-

1250 2418 1339 2450 strum
1359 2421 1467 2452 eductis
1488 2424 1521 2453 &
1544 2422 1711 2460 educendis,
1727 2423 1828 2453 debitis
1849 2423 1882 2453 &
1897 2423 2048 2461 debendis,
2065 2424 2143 2456 salvis
2166 2425 2263 2456 Nobi<
2275 2427 2309 2456 &

1249 2457 1419 2490 Haeredibus
1439 2460 1539 2491 nostris
1556 2462 1675 2501 antiquis
1698 2461 1798 2491 nostris
1818 2462 1902 2493 Prifis
1919 2462 2104 2501 Juribusque,
2122 2462 2311 2494 Consuetudi-

1250 2498 1334 2527 nibus
1350 2499 1383 2529 &
1399 2498 1547 2530 Custumis
1562 2500 1802 2538 quibuscumque,
1819 2500 1933 2541 Nobis,
1952 2501 2053 2538 absque
2069 2501 2233 2539 praejudicio
2244 2501 2309 2532 Pri-

1250 2536 1418 2573 vilegiorum
1433 2538 1466 2568 ὃ(
1482 2537 1730 2569 Consuetudinum
1743 2539 1958 2577 praedictorum,
1977 2539 2312 2577 qualitercumque‘debi-

1251 2575 1304 2612 tis,
1323 2576 1356 2606 ὃς
1371 2576 1406 2606 ita
1421 2577 1502 2614 quod
1518 2577 1565 2616 ipsi
1587 2576 1760 2607 Mercatores
1777 2577 1906 2613 praedieh'
1918 2578 2056 2615 aliquem,
2075 2578 2172 2615 quide
2186 2578 2311 2615 ipsorum

1254 2612 1391 2644 Numero
1412 2625 1470 2645 non
1495 2615 1608 2654 existat,
1626 2626 1679 2647 nec
1694 2616 1752 2652 eius
1768 2615 1848 2646 Bona
1861 2615 1906 2646 seu
1921 2615 2115 2647 Mercimonia
2134 2618 2164 2646 in
2182 2617 2311 2648 fraudem

1251 2651 1391 2684 advocent
1405 2653 1450 2684 seu
1465 2653 1625 2685 submittant
1643 2664 1762 2692 quoquo
1777 2654 1877 2685 modo.
2320 2662 2324 2684 i

1294 2689 1431 2722 Volumus
1445 2694 1528 2724 eriam
1543 2694 1576 2724 &
1591 2702 1641 2730 per
1656 2693 1806 2724 Praesentes
1818 2692 2016 2724 Concedimus
2027 2693 2148 2732 praefatis
2163 2693 2311 2725 Mercato-

1254 2729 1331 2759 ribus
1354 2731 1433 2768 quod
1456 2730 1647 2762 Cancellarius
1666 2732 1761 2762 noster
1781 2732 1909 2771 Angliae,
1925 2742 1973 2763 aut
1988 2731 2092 2763 Custos
2107 2732 2211 2762 Privati
2226 2734 2312 2772 sigilli

1256 2767 1360 2806 nostri,
1379 2779 1430 2806 pro
1452 2778 1584 2808 tempore
1607 2770 1766 2807 existentes,
1793 2771 1826 2800 ὅ(
1849 2780 1950 2801 eorum
1972 2780 2104 2810 uterque,
2130 2780 2171 2800 tor
2193 2772 2225 2802 &
2251 2773 2312 2802 talia

1258 2805 1361 2836 Literas
1384 2807 1527 2846 Parentes,
1546 2808 1661 2846 Brevia,
1680 2811 1713 2840 &
1735 2809 1784 2838 alia
1800 2808 1933 2838 Mandata
1947 2809 2041 2839 nostra
2058 2818 2091 2839 eit
2106 2808 2197 2839 Carris
2212 2810 2313 2845 praedi-

1257 2844 1308 2874 &is
1330 2847 1363 2877 &
1385 2846 1560 2883 praesentibus
1583 2848 1683 2878 Literis
1699 2846 1814 2885 nostris,
1832 2848 1887 2876 tam
1900 2847 1950 2876 sub
1966 2846 2079 2884 Migno
2097 2850 2182 2885 quam
2199 2847 2313 2877 Privato

1256 2882 1354 2922 Sigillo
1374 2884 1477 2915 nostris
1499 2885 1606 2924 fienda,
1624 2888 1683 2916 tam
1706 2885 1916 2917 Collestoribus
1938 2884 2144 2916 Custumarum
2167 2887 2200 2916 &
2219 2886 2316 2916 Subsi-

1256 2921 1368 2952 diorum
1387 2923 1549 2954 nostrorum
1568 2926 1595 2954 in
1610 2934 1792 2962 quocumque
1808 2924 1897 2954 Portu
1909 2923 2001 2962 Regni
2018 2924 2102 2953 nostri
2119 2924 2261 2961 praediffi,
2280 2933 2314 2953 ac

1258 2959 1431 2992 Custodibus
1448 2962 1529 2992 Pacis
1543 2962 1576 2994 ὃ(
1592 2962 1818 2993 vicecomitibus
1833 2963 1860 2991 in
1872 2971 2055 2999 quocumque
2063 2961 2224 2999 Comitatu,
2235 2962 2316 2992 Civi-

1258 3007 1314 3030 tate
1340 3000 1374 3030 &
1400 2999 1475 3031 Villa
1507 3000 1602 3038 Regni
1634 3000 1722 3030 nostri
1750 3000 1877 3038 praediciti
1898 3009 1949 3037 pro
1969 3008 2099 3036 tempore
2119 3000 2312 3037 existentibus,

1257 3040 1344 3075 quam
1366 3038 1551 3069 Thesaurario
1576 3041 1608 3070 &
1623 3039 1776 3069 Baronibus
1788 3038 1823 3068 de
1835 3038 1984 3068 Scaccario
2001 3038 2116 3076 nostro,
2134 3040 2166 3068 ὃς
2183 3039 2314 3068 omnibus

1256 3077 1313 3106 aliis
1337 3076 1509 3116 Officiariis,
1529 3076 1686 3115 Ministris,
1704 3078 1737 3108 ὃς
1762 3076 1852 3114 Ligeis
1868 3076 1968 3106 nostris
1982 3076 2015 3106 &
2030 3076 2188 3106 Haeredum
2202 3076 2312 3105 nostro-

1258 3123 1322 3144 rum
1346 3115 1520 3154 Dirigenda,
1537 3124 1608 3154 quot
1629 3117 1663 3147 &
1685 3115 1773 3152 qualia
1795 3114 1916 3151 praefatis
1930 3114 2140 3145 Mercatoribus
2152 3115 2195 3145 ieu
2210 3123 2310 3157 eorum

1255 3153 1355 3190 alicui,
1374 3154 1394 3173 ³*
1415 3164 1469 3191 pro
1486 3154 1661 3184 Execurione
1679 3153 1908 3192 Praemifforum,
1925 3153 2066 3185 videbitur
2087 3153 2147 3183 fore
2168 3152 2316 3183 neceffiria

1252 3192 1297 3222 seu
1315 3192 1533 3229 quomodolibet
1544 3200 1700 3231 oportuna,
2174 3229 2179 3234 ,
2290 3230 2295 3235 ,

1295 3230 1340 3262 Ac
1365 3230 1525 3261 confimilia
1547 3230 1643 3261 Brevia
1666 3238 1699 3261 oc
1722 3230 1873 3268 Waranta,
1891 3230 1942 3261 sub
1964 3230 2069 3261 eisdem
2094 3228 2206 3267 Sigillis,
2224 3229 2314 3267 qualia

1256 3268 1346 3300 iidem
1377 3268 1554 3300 Mercatores
1567 3292 1578 3308 ,
1607 3278 1744 3307 praetextu
1767 3269 1881 3306 alicujus
1902 3268 2032 3299 Mandati
2056 3267 2140 3297 nostri
2162 3277 2224 3310 anre
2246 3268 2312 3300 haec

1257 3316 1387 3346 tempore
1401 3308 1575 3345 habuerunt,
1591 3308 1627 3338 de
1635 3308 1801 3345 temporein
1816 3316 1942 3345 tempus,
1960 3307 2075 3349 durante
2091 3305 2232 3349 Termino
2239 3316 2312 3345 prae-

1256 3348 1375 3391 scripto,
1391 3347 1494 3386 absque
1508 3345 1641 3378 dilatione
1654 3346 1713 3377 fieri
1726 3346 1830 3378 faciant
1837 3369 1848 3385 ,
1865 3347 1899 3378 &
1911 3345 2031 3384 praefatis
2043 3343 2251 3375 Mercatoribus
2263 3344 2316 3382 deq

1256 3387 1415 3455 llbf'l-adiliso
1429 3424 1540 3462 semper
1558 3424 1654 3462 quod,
1670 3423 1690 3454 fi
1705 3424 1752 3461 qui
1768 3432 1802 3455 ex
1818 3421 2025 3454 Mercatoribus
2036 3419 2191 3465 prandistis.
2210 3421 2312 3453 duran-

1260 3474 1288 3497 te
1310 3472 1438 3503 tempore
1461 3463 1593 3493 Duorum
1617 3463 1768 3493 Annorum
1789 3463 1822 3493 &
1848 3457 2071 3503 Sex⁶Menfium
2092 3458 2314 3504 praedietorum,

1260 3504 1368 3535 Bellum
1385 3502 1476 3532 forsan
1502 3501 1600 3531 Nobis
1621 3501 1664 3531 seu
1690 3500 1813 3531 Subditis
1834 3498 1933 3529 nostris
1950 3496 2141 3534 quovismodo
2153 3499 2316 3542 intulerint,

1260 3552 1307 3574 aut
1330 3549 1428 3572 contra
1452 3539 1520 3569 Nos
1535 3540 1578 3570 seu
1594 3539 1729 3570 Subditos
1740 3538 1848 3568 nostros
1865 3535 1998 3566 Mortales
2013 3534 2056 3578 seu
2073 3534 2199 3566 Hostiles
2214 3536 2314 3567 inimi-

1261 3582 1337 3611 citias
1357 3578 1563 3615 exemerint,
1579 3577 1622 3608 seu
1643 3577 1745 3613 aliquid
1769 3586 1815 3613 per
1834 3573 1980 3610 Praedam‚
2003 3572 2074 3604 V¹m
2088 3584 2245 3619 armatam,
2263 3584 2311 3606 21¹¹:

1261 3618 1368 3649 Hostili
1392 3626 1471 3646 more
1493 3615 1594 3649 iniuste
1614 3616 1658 3645 seu
1674 3616 1736 3644 alias
1750 3613 1885 3643 malitiose
1899 3620 2143 3649 attemptaverint,
2160 3615 2312 3652 quominus

1261 3655 1493 3693 Redintegratio,
1509 3652 1705 3688 Reformatio,
1724 3651 1768 3680 seu
1792 3650 1976 3692 Compositio
1988 3649 2180 3690 Concordiae,
2201 3653 2313 3682 Amici-

1260 3698 1324 3733 tiae,
1340 3695 1372 3724 &
1396 3693 1474 3724 Pacis
1495 3700 1636 3729 perpetuae
1658 3689 1805 3720 antedietae
1826 3689 2007 3719 effectualiter
2031 3690 2164 3728 procedat
2187 3691 2220 3722 δε
2233 3690 2313 3720 debi-

1261 3744 1324 3766 turn
1346 3732 1471 3762 sortiatur
1492 3728 1643 3763 effestum,
1663 3736 1697 3756 ex
1720 3735 1787 3756 tunc
1801 3727 1850 3764 ipfi
1866 3726 2038 3758 Beneficium
2050 3738 2094 3758 aut
2109 3727 2313 3759 Commodum

1261 3770 1371 3810 aliquod
1392 3779 1427 3799 ex
1448 3767 1571 3805 praesenti
1594 3763 1786 3795 Conceffione
1808 3765 1905 3795 nostra
1925 3766 2079 3797 nullatenus
2091 3766 2311 3806 consequantur,

1262 3819 1357 3849 neque
1372 3809 1404 3837 ad
1419 3817 1466 3837 eos
1480 3805 1576 3835 eadem
1591 3802 1748 3846 Conceffio
1765 3802 1857 3833 nostra
1872 3804 2034 3834 extendatur
2049 3805 2105 3834 ullo
2121 3808 2228 3842 modo,
2247 3806 2312 3837 nul-

1262 3852 1292 3881 10
1310 3856 1403 3880 tamen
1426 3854 1473 3882 per
1487 3844 1544 3872 hoc
1559 3842 1630 3878 aliis,
1649 3851 1698 3879 qui
1714 3851 1743 3871 in
1757 3852 1789 3873 ea
1803 3851 1879 3880 parte
1892 3843 2009 3873 minime
2023 3840 2181 3882 Culpabiles
2194 3844 2312 3882 fuerint,

1259 3885 1425 3928 Pfaejudigio
1439 3880 1607 3950 gggnemndQ

1342 3934 1378 3953 cu
1389 3932 1419 3951 us
1486 3929 1512 3949 c.

1295 3925 1521 3995 InTeJste’Rege
1533 3956 1604 3995 apud
1621 3956 1892 3997 Wstmonasterium,
1910 3966 1990 3987 nono
2006 3956 2050 3986 die
2065 3956 2172 3988 Martii.

1365 4039 1417 4067 Per
1433 4036 1526 4064 Breve
1540 4032 1573 4063 de
1591 4034 1709 4064 Privato
1724 4033 1832 4072 sigillo,
1845 4031 1884 4068 ὀ·
1901 4033 1934 4063 de
1951 4036 2031 4064 Data
2040 4035 2195 4075 praedic‘la,
2209 4035 2269 4072 &a

1733 4108 1758 4140 P
2270 4113 2315 4147 De

2323 617 2381 640 Par.
2402 622 2427 649 3,

2341 710 2346 714 .
2378 698 2402 714 Ι.

2325 736 2359 754 m.
2378 725 2418 753 18.

2341 3127 2358 3142 τ
2376 3127 2431 3157 xi.

2341 3174 2409 3202 499-
