2555 4266
575 138 1371 190 coanNTioNE&
1455 134 1853 188 LITERAE,

20 243 99 275 Anu.
114 239 157 270 D.
206 240 240 272 In
258 239 352 278 cujus,
372 238 432 269 &c.
449 245 498 275 per
515 234 597 266 O&o
616 233 731 264 Menses
749 232 884 270 proximo
902 228 1012 261 futuros
1031 228 1183 260 duraturas.

44 287 129 318 1501.

21 323 85 348 Hm
101 327 128 354 7.

165 160 244 198 160

1270 224 1378 255 dorum
1397 247 1408 262 ,
1432 223 1655 262 Matitagiorum
1672 244 1682 261 ,
1706 221 1912 261 Releviorum,
1932 223 2148 263 Heriettorum,
2173 221 2330 254 Custuma-
2350 216 2477 251 Anni]

1265 273 1347 301 rum,
1373 263 1407 294 &
1423 262 1671 293 Consuetudinum
1690 261 1867 292 Tenentiurn
1886 263 1945 292 tarn
1965 263 2137 294 Liberorum
2157 263 2243 300 quam
2262 261 2329 292 Na·
2374 264 2462 295 1501·-

1266 304 1410 340 rivorum,
1426 311 1460 332 ac
1479 301 1628 334 Seciarum
1644 301 1678 331 &
1697 298 1890 331 Serviciorum
1907 301 2078 332 eorumdem
2087 301 2284 337 Tenentium,
2295 310 2330 331 ac
2348 301 2412 324 Hm·
2433 306 2462 332 7-

1267 342 1400 370 omnium
1417 340 1534 370 aliarum
1551 338 1661 369 Rerum
1679 360 1690 375 ,
1713 337 1943 377 Poflesfionum,
1969 341 2004 371 δε
2018 340 2329 370 Haereditamentorum

1267 388 1496 417 quorumcumq,
1513 376 1736 415 Temporalium
1753 376 2019 416 ,archiepiscopatus
2030 377 2159 415 praedieti
2173 378 2219 408 seu
2233 377 2330 408 eidem

1267 417 1529 455 Archiepiscopatui
1553 416 1599 447 vel
1618 415 1840 452 Temporalibus
1858 414 2125 453 Archiepiscopatiis
2139 415 2208 446 illius
2227 417 2330 455 quovis

1269 455 1362 486 modo
1381 457 1400 475 ²*
1418 456 1620 495 pertinentium
1638 454 1696 484 five
1713 453 1918 496 spediantium,
1935 464 1969 485 ac
1989 449 2234 493 praesentationes,
2257 455 2329 486 No·
2347 445 2367 464 ¹*
2386 445 2457 475 XH-

1271 495 1440 525 minationis
1455 517 1466 532 ,
1499 494 1533 525 &
1558 492 1763 523 Ordinationes
1790 502 2043 531 quorumcumque
2072 492 2306 524 Advocationum
2321 517 2331 532 ,
2347 494 2413 522 774-

209 320 300 352 Teste
316 319 400 358 Rege
415 315 488 355 apud
507 314 777 356 westmonasterium,
794 322 874 343 nono
892 311 939 341 die
958 309 1043 341 Maii.

848 391 903 419 Per
921 386 1004 427 ipfimt
1020 388 1125 429 Regem.

318 525 367 556 De
389 519 629 565 quiirmionibus
641 517 863 567 Temporalium
882 520 1076 551 Cantaurien.

19 759 140 806 Pissis.

21 820 81 849 H.7
99 822 151 852 p.1.

21 863 58 881 m.
78 862 102 880 1.

25 1308 43 1324 ὓ
61 1307 131 1334 ΧΠ.

27 1355 91 1382 773·

41 2416 119 2447 Ann.
132 2413 173 2444 D.

63 2462 149 2493 1501.

40 2498 94 2522 An.
114 2495 155 2520 16.

41 2554 99 2599 Par.
118 2553 161 2597 i6.

43 2614 78 2636 H.
87 2615 176 2646 7.p.2.

43 2657 80 2675 m.
102 2657 130 2683 9.

22 622 100 654 Ana,
115 618 158 650 D.
175 608 295 666 REX
313 608 457 639 Escaetori
475 607 524 638 suo
543 607 572 636 in
588 605 738 637 Comitatu
755 604 887 642 Kantiae,
903 602 1036 633 Salutem.

46 669 132 698 1501.

22 704 74 728 An.
97 701 138 726 16.

273 647 355 678 Cum
375 646 522 677 Dominus
540 648 662 676 Summus
676 642 806 683 Pontifex
826 651 916 680 nuper
932 663 940 676 ,
968 646 1086 681 vacante
1105 632 1233 666 Ecclesia

172 685 332 717 Cathedrali
350 684 558 721 Cantuarienfi,
577 693 627 720 per
647 682 797 720 Mortem,
815 682 901 711 bonae
918 677 1096 709 hiemen-2,
1118 672 1234 717 Jolqan-

170 728 211 754 nis
230 723 384 755 Cara'inalis
395 723 485 752 ultimi
503 721 702 760 Archiepistopi
717 721 841 759 ejusdem
859 716 993 760 Ecclefiae
1004 738 1013 753 ,
1033 711 1232 756 venerabilem

172 762 284 794 Patrem
303 766 451 793 Henricum
469 770 552 799 nuper
569 761 724 800 Epifiopum
740 762 836 788 Sarum
852 765 868 785 a
883 754 1000 784 vinculo
1014 777 1024 790 ,
1050 761 1111 795 quo
1137 749 1232 780 eidem

173 799 309 833 Ecclefiae
326 801 432 832 Sarum
447 801 596 831 tenebatur
611 821 622 836 ,
645 797 793 828 absolverit
805 818 814 832 ,
837 795 870 825 &
890 793 980 831 ipsum
999 791 1032 821 ad
1051 789 1157 833 dissam
1176 786 1234 817 Ec—

173 838 284 871 clesiam
304 838 533 870 Cantuariensern
552 836 714 867 transtulerit
727 858 736 871 ,
761 833 907 870 ipsumque
925 832 953 861 in
978 827 1232 869 Arcbiepiscopum

171 879 259 910 dieta:
276 879 410 910 Ecclefiae
429 874 632 907 Cantuarienfis
650 873 806 912 praefecerit
825 873 858 902 Sc
885 869 1060 910 P2storem,
1079 870 1156 908 ¹iicut
1183 873 1233 908 per

170 917 278 950 Literas
297 917 412 948 Bai-tatas
429 916 509 953 ipiius
528 913 653 943 Domini
671 913 771 940 Summi
790 908 944 949 Pana-fias,
962 907 1060 937 Nobis
1078 904 1144 934 inde
1163 902 1235 933 dire-

171 958 248 1002 c'tas,
268 957 368 987 Nobis
383 953 511 990 constat,
1023 982 1029 988 ἡ

237 1004 239 1014 ·
267 1006 278 1025 s

208 996 269 1064 113¹ss
287 1017 324 1064 ’eo
342 1030 420 1069 quod
439 1028 514 1058 idem
533 1028 683 1065 Hmrirus,
702 1025 736 1055 Γιε
755 1024 788 1055 ad
808 1024 915 1054 di-E'tam
933 1020 1089 1064 Ecclesiam
1108 1018 1235 1050 Cantua'-

172 1073 294 1103 riensem
311 1068 473 1100 Transsatus
488 1091 497 1103 ,
522 1067 655 1096 omnibus
673 1067 705 1095 δε
725 1065 836 1100 singulis
854 1061 956 1092 Verbis
967 1083 976 1097 ,
1001 1059 1102 1102 Nobis
1117 1060 1151 1089 &
1171 1057 1235 1088 Co*

173 1118 254 1142 tonae
271 1108 375 1139 nostra:
392 1105 626 1146 pr-:ejudicialibus
640 1127 649 1140 ,
675 1105 702 1132 in
723 1104 805 1133 dietis
823 1101 923 1131 Literis
941 1097 1053 1129 Bullatis
1069 1098 1209 1128 contentis
1225 1120 1234 1133 ,

173 1159 270 1180 coram
296 1147 396 1177 Nobis
423 1145 514 1182 pal‘arn
533 1143 566 1174 &
585 1142 709 1180 expresse
726 1141 922 1176 renunciavit,
951 1138 984 1168 &
1003 1136 1112 1167 Gratiae
1130 1134 1237 1178 nostrae

173 1187 317 1217 humiliter
335 1185 362 1215 se
379 1183 520 1220 submisit,
539 1182 670 1212 volentes
687 1190 755 1211 curn
773 1189 809 1209 eo
827 1181 856 1208 in
871 1179 925 1208 hac
942 1185 1019 1215 parte
1035 1184 1117 1215 agere
1131 1183 1237 1212 gratio-

173 1236 202 1255 se

211 1249 355 1301 'Cepimus
378 1260 555 1291 Fidelitatem
579 1257 662 1295 ipsius
681 1259 793 1286 Hem-rici
806 1278 816 1294 ,
843 1255 878 1285 fic
897 1254 931 1284 ed
947 1252 1064 1284 eandem
1083 1251 1239 1282 Ecclesiam

175 1299 410 1333 Cantuariensem
428 1299 448 1317 ⁷*
466 1296 623 1333 Transstti,
642 1297 675 1327 ἃ
690 1294 874 1333 Temporalia
888 1291 1142 1332 Archieptscopatiis
1156 1291 1238 1328 illius,

174 1350 261 1380 prout
280 1340 369 1370 moris
387 1337 446 1375 est,
463 1335 648 1366 Restituimus
663 1334 777 1371 eidem,

213 1380 251 1410 Et
269 1378 335 1408 ideo
354 1377 426 1406 Tibi
445 1374 629 1412 Praecipimus
648 1373 728 1411 quod
747 1372 843 1403 eidem
859 1373 993 1407 Henrico,
1013 1368 1050 1399 sic
1068 1368 1103 1398 ad
1117 1368 1238 1399 eandem

176 1417 332 1449 Eccleliam
348 1413 576 1445 cantuariensem
593 1412 762 1449 Transsato,
787 1409 970 1447 Temporalia
988 1406 1121 1445 predicta
1134 1430 1144 1445 ,
1168 1416 1239 1437 cum

178 1455 376 1492 pertinentiis,
391 1455 419 1482 in
439 1452 543 1482 Balliva
558 1460 622 1488 tua,
640 1451 698 1481 sme
712 1450 863 1487 dilatione,
882 1448 999 1478 Liber&
1017 1447 1046 1476 in
1064 1445 1155 1476 forma
1168 1455 1241 1484 prae-

176 1496 270 1531 dieta,
288 1493 363 1523 salvo
375 1491 444 1530 Jure
462 1489 619 1529 cujussibet.

215 1570 305 1602 Teste
320 1569 402 1609 Rege
414 1566 488 1607 apud
502 1565 773 1607 westmonasterium,
790 1563 914 1595 secundo
925 1562 970 1593 die
984 1561 1112 1601 Augusti.

675 1645 728 1673 Per
742 1644 836 1671 Breve
849 1641 881 1670 de
895 1643 1014 1670 Privato
1030 1638 1130 1677 sigillo.

182 1725 350 1758 Confimilia
367 1722 465 1754 Brevia
478 1721 632 1760 diriguntur
647 1718 843 1749 Esoeetoribus
863 1717 1038 1755 subscriptis,
1057 1717 1086 1746 in
1109 1714 1243 1746 Comita=

358 1764 432 1793 tibus
447 1760 620 1797 subscriptis,
638 1757 686 1788 sub
703 1757 801 1788 eadem
817 1756 910 1795 Data,
927 1755 1076 1793 videlicet,

219 1845 360 1882 Eftaetori
374 1845 450 1880 Regis
461 1844 491 1871 in
507 1843 578 1870 Com.
591 1839 719 1869 Eborum.

222 1884 360 1916 [aaaron
374 1884 450 1918 Regis
465 1884 494 1910 in
510 1882 581 1909 Com.
597 1878 666 1907 Buk.

221 1922 358 1955 Effrretori
375 1922 451 1957 Regis
465 1922 493 1948 in
507 1921 579 1947 Com.
596 1915 689 1955 Effix.
706 1915 744 1951 ὠ·
759 1914 856 1954 Hertf.

218 1962 357 1995 Escaetori
370 1961 447 1996 Regis
463 1961 492 1987 in
506 1960 578 1985 Com.
593 1954 684 1993 Norff
700 1953 738 1989 ὠ·
752 1952 820 1992 Suffi

220 1999 361 2038 Eftaetori
374 2000 451 2033 Rege
467 2000 495 2025 in
511 1998 584 2024 Com.
599 1997 689 2023 Oxon.
706 1992 743 2027 (ἕν
763 1992 844 2022 Bcrk.

222 2038 362 2077 Efiaetori
377 2038 454 2072 Regis
468 2038 496 2063 in·
511 2037 582 2062 Com.
597 2036 674 2062 Surr.
688 2030 725 2066 ἐν·
738 2030 838 2069 Suffi’x.

223 2076 331 2106 Dileflo
344 2077 421 2110 Regis
437 2072 542 2110 Majori
556 2075 688 2101 szltatts
695 2069 755 2110 fiaeae
770 2069 920 2100 Londo‚.iae
934 2078 966 2098 ac
980 2066 1119 2107 Escaetori
1139 2065 1192 2107 fito
1215 2068 1245 2096 in

258 2113 351 2144 eadem
367 2115 498 2142 civitate.

223 2191 261 2222 Et
277 2189 447 2222 Mandatum
463 2188 505 2219 est
520 2187 660 2219 Militibus
670 2211 679 2227 ‚
697 2188 758 2220 &c.

370 2321 431 2352 Pro
451 2319 582 2351 Henrico
605 2313 828 2361 Archiepiftopo
855 2311 1072 2356 Camuarienst.

193 2404 312 2461 REX
328 2402 490 2441 Omnibus,
507 2401 541 2432 ad
559 2407 651 2440 quos,
667 2401 729 2432 ἃς.
749 2399 884 2431 Salutem.
1090 2436 1095 2440 Ι

299 2444 397 2474 Sciatis
419 2441 499 2481 quod
512 2465 522 2479 ,
547 2450 618 2472 cum
637 2439 858 2479 usleuopolitam
875 2436 914 2473 &
937 2434 1109 2467 Cathedralis
1127 2433 1254 2466 Ecclesia

192 2479 297 2512 Christi
316 2480 537 2517 Cantuarienfis,
554 2489 604 2517 per
621 2478 771 2516 Mortem,
794 2475 973 2507 Recolendae
988 2473 1161 2512 Memoriae,
1187 2473 1254 2503 Do-

194 2521 262 2550 mini
280 2520 422 2558 Johannis
438 2528 518 2558 nuper
534 2518 618 2548 Tituli
635 2518 743 2547 Sam‘lae
760 2515 917 2555 Anastafiae
933 2512 1112 2552 Sacrofianeflae
1125 2515 1255 2553 Romame

195 2559 316 2598 Ecclcfiae
342 2559 489 2589 Preshiteri
507 2555 660 2586 cardinalis
677 2564 759 2594 nuper
775 2553 977 2593 cantuarienfis
991 2551 1189 2591 Archiepxjcopi
1207 2561 1254 2582 to-

194 2598 247 2627 tius
274 2597 384 2635 Angliae
409 2597 539 2627 Primatis
560 2597 594 2626 δ(
621 2594 797 2632 Apostolicae
815 2592 892 2623 Sedis
912 2592 1009 2630 Legati
1028 2600 1117 2629 nuper
1137 2590 1258 2622 Viduata

195 2645 228 2665 ac
248 2635 383 2665 Pastorali
400 2636 497 2665 solatio
515 2635 597 2663 fuerit
613 2633 742 2664 destituta
761 2632 794 2662 &
809 2632 951 2661 vacaverit
964 2654 974 2667 ,
999 2639 1091 2668 eoque
1117 2638 1256 2666 praetextu

196 2676 293 2704 omnia
313 2673 410 2703 Exitus
428 2673 461 2703 ὃς
479 2671 626 2707 Proficua,
645 2671 767 2707 Firmae,
786 2669 943 2705 Redditus,
968 2667 1180 2704 Reventiones,
1204 2667 1257 2704 Ju-

195 2723 242 2748 ra,
265 2711 509 2748 Commoditates,
533 2709 567 2739 &
585 2708 787 2738 Emolumenta
803 2708 940 2737 omnium
959 2706 1178 2744 Temporalium
1199 2707 1256 2735 Ar-

196 2749 420 2789 chiepiscopatsis
435 2749 522 2786 illius,
545 2757 561 2776 a
578 2755 708 2784 tempore
727 2744 832 2774 Mortis
851 2743 980 2781 praedie‘ki
998 2753 1088 2780 nuper
1108 2743 1256 2780 Archiepi-

195 2789 299 2828 scopi,
328 2798 458 2825 ternpore
479 2786 638 2818 Vacationis
662 2781 927 2819 Archiepiscopatus
948 2781 1018 2811 illius
1035 2804 1045 2818 ,
1070 2780 1168 2810 Nobis
1187 2781 1258 2820 Jure

194 2828 395 2866 prerogativa:
413 2825 518 2856 nostra:
536 2825 638 2863 Regiae
656 2824 793 2860 pertinere
809 2823 842 2852 ὅ(
860 2820 984 2858 spec'tare
999 2819 1198 2857 dinoscuntur,

234 2866 370 2904 Cumque
389 2866 473 2895 etiam
490 2867 569 2893 Prior
588 2861 626 2897 (ἐν
642 2865 800 2891 Con-sentus
817 2859 962 2898 praedietae
981 2858 1114 2888 Ecclefiae
1143 2858 1258 2888 Metro-

196 2905 328 2944 politanae
340 2927 350 2942 ,
373 2903 439 2942 post
457 2902 588 2933 Mortem
608 2900 736 2938 praedifti
753 2908 843 2937 nuper
862 2896 1079 2935 Archiepiscopi
1093 2919 1103 2934 ,
1129 2896 1259 2927 Licentia

197 2943 295 2974 nostra
313 2943 392 2981 prius
405 2941 542 2980 optenta,
570 2937 848 2970 Reverendiffimum
867 2938 896 2966 in
915 2935 1032 2966 Christo
1051 2935 1163 2966 Patrem
1181 2938 1260 2966 Hen-

198 2987 280 3012 ricum
297 3004 306 3019 ,
333 2991 411 3011 nunc
429 2981 514 3010 dicjtae
533 2978 668 3009 Ecclefi-:c
684 2975 890 3007 Cantuarienfis
906 2974 1138 3013 Archiepfiopum
1151 2997 1161 3012 ‚
1188 2983 1258 3005 tunc

199 3025 297 3050 Sarum
319 3018 474 3057 Epifiopum
489 3041 498 3053 ,
524 3018 554 3046 in
575 3017 656 3046 suum
673 3016 811 3051 clegerint
831 3013 1088 3051 Archiepiscopum
1107 3014 1140 3044 &
1159 3012 1259 3043 Pasto—

199 3068 278 3095 rem,
302 3057 546 3093 Sanctiffimusque
565 3055 711 3085 Dominus
730 3056 849 3083 Summus
868 3050 1000 3091 Pontifex
1017 3050 1184 3082 Alexander
1202 3053 1261 3081 Pa-

194 3106 234 3136 pa
254 3095 403 3126 Modernus
421 3096 600 3126 Electioncm
616 3094 691 3123 illam
706 3092 895 3129 acceptaverit
912 3091 945 3121 &
963 3089 1195 3126 confirmaverit,
1220 3091 1261 3128 ip-

200 3136 318 3173 sumque
337 3135 375 3164 fic
393 3134 526 3165 EleCmm
544 3133 574 3162 in
594 3131 850 3168 Archicpiscopum
871 3129 1015 3166 praedict’cae
1031 3128 1165 3159 Ecclefiae
1183 3127 1262 3159 Can-

201 3173 327 3204 tuerienii
347 3173 503 3209 prxfecerit
522 3172 555 3202 ὅτ
574 3169 720 3200 Pastorem
735 3193 744 3204 ,
768 3169 838 3199 ficut
855 3178 903 3205 per
922 3168 1030 3198 Literas
1047 3165 1162 3198 Bullatas
1180 3167 1261 3205 ipsius

202 3212 314 3242 Summi
334 3210 494 3248 Pontificis,
513 3209 613 3240 Nobis
627 3208 691 3238 inde
709 3207 827 3237 direc'tas
839 3229 848 3244 ,
867 3207 967 3237 Nobis
985 3205 1113 3244 constat,

242 3251 277 3280 Et
296 3250 364 3280 Nos
381 3249 528 3287 superinde
543 3271 552 3285 ,
575 3247 748 3277 Fideiitarem
766 3245 847 3284 ipsius
866 3243 1061 3284 Archiepistopi
1075 3245 1260 3282 accipientes,

206 3288 387 3325 Temporalia
405 3285 666 3325 Archiepiscopatsis
683 3285 770 3323 illius,
787 3293 872 3322 prout
887 3285 976 3315 moris
994 3283 1053 3321 est,
1070 3283 1163 3313 eidem
1184 3283 1263 3313 resti-

207 3334 341 3357 metimus

247 3363 315 3394 Nos
340 3350 419 3395 iiunc
435 3388 444 3402 ,
471 3365 552 3395 certis
573 3363 656 3394 causis
675 3364 708 3394 &
725 3360 995 3393 considerationibus
1008 3383 1018 3398 ,
1044 3370 1097 3391 nos
1114 3360 1265 3397 specialiter

208 3403 388 3432 moventibus
400 3426 409 3439 ,
437 3406 469 3434 Se
488 3404 529 3432 ob
545 3402 680 3432 sinceram
700 3401 897 3431 Dilectionem
917 3409 1003 3435 quam
1020 3408 1104 3435 penes
1116 3396 1264 3437 praefatum

208 3440 437 3479 Archicpifiopum
453 3443 575 3479 gerimus
592 3441 624 3471 ἃ
639 3441 793 3476 habemus,
810 3438 846 3467 de
863 3437 962 3467 Gratia
975 3437 1069 3467 nostra
1088 3437 1214 3475 speciali,
1233 3446 1266 3466 ac

209 3488 244 3508 ex
271 3488 346 3508 certa
371 3480 492 3508 scienti:
515 3480 548 3509 &
574 3489 654 3508 mero
682 3477 770 3508 Motu
788 3476 887 3507 nostris
906 3474 1048 3506 Dedimus
1064 3475 1097 3505 &
1116 3474 1267 3505 Conceffi-

213 3527 277 3547 mus
292 3540 301 3553 ,
325 3518 358 3546 ἃ
384 3527 430 3552 per
456 3518 605 3547 Praesenres
630 3517 741 3546 Damus
759 3517 792 3547 &
809 3514 1006 3545 Concedimus
1021 3513 1105 3543 eidem
1121 3525 1191 3543 nunc
1205 3516 1269 3543 Ar-

211 3553 362 3593 cti-itpt'scopo
379 3556 476 3584 omnia
493 3556 524 3585 &
543 3556 649 3591 iingula
666 3555 778 3591 Exitus,
796 3553 920 3590 firmas,
938 3551 1096 3589 Redditus,
1121 3551 1269 3590 Proficua,

214 3592 430 3629 Reventiones,
452 3593 626 3631 Avantagia,
651 3592 900 3629 Commoditates,
918 3590 1009 3621 feodi
1026 3590 1151 3630 FirmaS,
1169 3592 1202 3621 &
1218 3591 1268 3621 alia

216 3632 421 3662 Emolumenta
445 3641 633 3669 quaecumque
648 3655 657 3669 ,
681 3641 750 3661 cum
776 3631 910 3660 omnibus
937 3630 971 3660 &
988 3629 1098 3666 singulis
1115 3629 1167 3659 suis
1184 3631 1270 3667 perri-

217 3672 318 3700 nentiis
341 3671 374 3701 ὃς
401 3669 592 3706 dependentiis
607 3671 738 3700 omnium
757 3669 790 3700 δε
809 3668 985 3706 singulorum
1003 3667 1161 3698 Honorum
1176 3690 1186 3705 ,
1212 3667 1270 3698 Ca-

219 3708 361 3746 strorum,
382 3707 606 3744 Dominiorum,
632 3707 850 3745 Maneriorum,
872 3707 1045 3744 Terrarum,
1070 3705 1272 3737 Tenemento-

220 3756 306 3789 mm,
332 3746 508 3776 Reddituum
522 3769 532 3782 ,
554 3746 712 3776 firmarum
726 3770 736 3783 ,
759 3746 849 3776 Feodi
867 3745 1044 3782 Firmarurn,
1068 3744 1274 3783 Annuitatum,

220 3783 408 3827 Pennonum,
428 3784 618 3819 Portionum,
634 3783 876 3821 Hundredorum,
902 3783 1070 3821 Lastorum,
1094 3782 1275 3821 Burgorum,

223 3821 376 3861 Villarurn,
393 3823 576 3858 Villatarum,
599 3819 843 3859 Hamdettorum,
866 3821 1125 3860 Molendinorum,
1147 3820 1278 3851 vivario-

225 3869 305 3898 rum,
320 3861 516 3898 piscariarum,
541 3859 737 3897 pasturarum,
762 3859 928 3898 Moratum,
955 3859 1164 3896 Maxiscorum‚
1189 3859 1278 3890 Fore-

226 3896 352 3935 starum,
378 3898 558 3930 C'nacearum
575 3921 584 3936 ‚
609 3898 796 3929 Leucatarum
815 3921 826 3936 ,
850 3899 1024 3937 Pamomm,
1047 3898 1278 3937 Warennarum,

227 3933 451 3974 Communium,
463 3937 634 3974 Vastorum,
650 3935 895 3973 Purpresturarum
905 3961 914 3974 ,
933 3936 1105 3971 Boscorum,
1122 3936 1276 3975 Feriarum,

228 3970 442 4017 Mercatorum,
465 3976 677 4013 Tolnetorum,
705 3974 900 4011 Officiomm,
925 3975 1042 4005 Visuurn
1066 3974 1279 4011 Franciplegio-

227 4019 310 4046 rum,
330 4011 522 4050 Auxiliorum,
540 4013 606 4044 Vic.
625 4014 760 4045 Letarutn
778 4012 946 4050 Cunerum,
974 4014 1167 4050 Libertatem,
1191 4012 1278 4042 Fran-

226 4047 397 4086 chefiarum,
411 4049 603 4091 Escaetatum,
620 4051 784 4083 feodorum
799 4050 951 4090 Militum,
969 4052 1175 4090 Servitiorum,
1190 4051 1232 4081 W
1235 4060 1277 4089 arf

1258 1953 1262 1958 .
1285 1934 1390 1955 vorum

1269 532 1488 570 Collationum,
1511 529 1545 563 δὲ
1563 531 1767 562 Patronatuum
1787 531 1996 569 Ecclefiarum,
2021 530 2225 568 Abbatiarum,
2247 531 2334 563 Prio-

1269 580 1396 613 ratuum,
1413 570 1632 609 Collegiorum‚
1646 569 1856 609 Hospitalium,
1871 566 2110 608 Praebendarum,
2129 567 2336 610 Canmriamm,

1271 607 1550 650 Heremitagiorum‚
1577 608 1746 639 Liberatum
1766 608 1962 647 Capellarum,
1987 608 2020 639 &
2035 608 2159 638 aliorum
2176 606 2336 640 Beneficio-

1270 655 1339 690 rum
1357 645 1625 693 chlefiafficomm
1640 657 1889 685 quorumcumque
1907 671 1918 686 ,
1939 647 1976 678 de
1994 646 2196 677 Advocatione
2212 646 2336 678 Archie-

1272 684 1432 724 piscopatus
1448 685 1520 715 illius
1538 694 1639 728 quovis
1655 685 1963 723 modovcontingentes
1980 685 2037 717 five
2063 692 2238 722 emergentes
2253 707 2262 724 ,
2285 695 2336 723 per

1273 722 1346 753 Nos
1363 722 1398 753 ad
1416 723 1533 767 praesens
1550 724 1672 753 minime
1691 722 1835 761 Collatas,
1853 724 1959 762 Datas,
1977 725 2034 756 five
2052 723 2248 763 Praesentatas,
2263 733 2335 755 nec-

1272 770 1331 790 non
1353 762 1543 792 omnimodos
1566 761 1648 792 Fines
1662 785 1672 799 ,
1699 761 1899 793 Forisfac‘turas
1915 786 1926 801 ,
1948 763 2047 793 Exitus
2073 762 2220 793 Forisfaffl
2236 785 2247 801 ,
2272 761 2337 793 Re-

1272 798 1467 843 demptiones,
1485 800 1520 831 δε
1540 800 1770 831 Amerciamenta
1788 802 1923 831 omnium
1940 802 2119 832 Tenendum
2138 801 2338 838 Archiepisco*

1271 842 1351 881 patus
1378 838 1507 875 praedie‘ti
1531 838 1729 870 Refidentium
1755 840 1790 870 δι
1815 849 1875 869 non
1898 839 2094 871 Refidentium
2115 839 2185 870 infra
2204 839 2338 871 Fe‘odutn

1272 876 1413 915 ejusdem,
1428 882 1528 907 coram
1546 877 1773 915 quibuscumque
1787 877 1952 915 justiciariis
1966 878 2086 916 nostris,
2103 879 2132 908 in
2151 879 2338 916 quibuscum-

1273 924 1330 951 que
1349 914 1443 946 Curiis
1461 915 1579 953 nostris,
1596 916 1671 946 facia
1689 916 1745 947 five
1763 916 1922 951 forisfacia,
1940 925 2071 955 ternpore
2087 916 2248 948 Vacationis
2266 928 2340 955 prae-

1273 953 1358 984 dictae
1378 955 1572 993 contingentia
1585 977 1597 992 ,
1620 958 1706 992 prout
1723 954 1876 992 praedic‘tus
1891 952 2038 992 Johannes
2053 963 2135 993 nuper
2152 956 2340 996 Arclfiqm‘scoa

1266 994 1318 1030 pits
1343 994 1378 1024 δε
1402 993 1630 1023 Praedeceffores
1652 993 1690 1023 sui
1715 1002 1804 1030 nuper
1828 992 2047 1032 Archiepiscopi
2076 993 2184 1024 ibidem
2201 994 2274 1026 Sede
2291 996 2337 1027 illa

1273 1031 1356 1074 plena
1374 1041 1424 1069 per
1440 1031 1539 1075 Cartas
1556 1030 1775 1071 Progenitorutn
1794 1030 1961 1062 nostrorum
1979 1031 2122 1070 quondam
2140 1031 2261 1071 Regum
2274 1034 2339 1066 An-

1275 1070 1341 1106 gliae
1359 1071 1406 1100 vel
1424 1071 1504 1101 ahter
1522 1070 1569 1102 seu
1587 1079 1691 1101 eorum
1708 1070 1805 1108 aliquis
1824 1070 1925 1101 melitis
1941 1071 1976 1101 &
1993 1069 2280 1107 liberiushabuerunt
2291 1074 2339 1104 seu

1274 1118 1477 1148 perceperunt,
1493 1110 1589 1140 babuit
1601 1109 1646 1140 seu
1663 1110 1804 1147 percepit,
1825 1109 1858 1139 &
1873 1110 1971 1139 omnia
1983 1110 2034 1140 alia
2049 1107 2180 1140 Proficua
2191 1119 2342 1148 quaecum-

1275 1157 1331 1193 qu
1350 1149 1484 1178 omnium
1502 1150 1536 1180 &
1552 1148 1725 1188 singulorum
1736 1147 1847 1186 jurium
1865 1147 2089 1186 Temporalium
2107 1148 2340 1189 Archiepiscopa-

1275 1194 1323 1216 tus
1341 1187 1468 1224 praediffl
1486 1185 1531 1218 seu
1549 1187 1645 1218 eidem
1663 1186 1924 1225 Archiepiscopatui
1950 1196 2071 1225 quoquo
2096 1187 2188 1217 modo
2209 1196 2255 1218 aut
2276 1189 2341 1226 jure

1276 1226 1479 1262 pertinentium
1493 1249 1503 1264 ,
1525 1225 1746 1264 appendentium
1763 1247 1774 1264 ,
1798 1225 2016 1264 accidentium,
2040 1225 2098 1256 five
2120 1225 2305 1263 spectantium
2325 1238 2343 1260 a

1277 1272 1407 1301 ternpore
1431 1264 1536 1295 Mortis
1552 1264 1679 1302 praediffiti
1697 1272 1779 1302 nuper
1796 1263 1996 1303 Archiepifiopi
2014 1263 2257 1303 qualitercumque
2274 1275 2344 1303 pro-

1278 1305 1419 1333 venientia
1443 1304 1500 1334 sive
1525 1303 1697 1341 emergentia
1719 1311 1765 1332 aut
1785 1303 1981 1341 contingentia
1994 1325 2005 1341 ,
2031 1312 2097 1341 quae
2113 1303 2148 1334 ad
2169 1302 2239 1334 Nos
2255 1306 2345 1342 perti-

1277 1350 1349 1372 nent
1364 1342 1409 1372 seu
1427 1343 1616 1381 pertinerent,
1632 1350 1679 1372 aut
1696 1341 1725 1371 in
1742 1340 1880 1371 Manibus
1896 1340 1998 1372 nostris
2017 1343 2168 1373 extiterunt
2180 1340 2227 1372 seu
2243 1343 2347 1374 existe*

1279 1381 1476 1423 redeberent,
1493 1383 1601 1412 ratione
1616 1380 1662 1411 vel
1677 1379 1761 1410 causi
1773 1380 1880 1411 ultimae
1897 1379 2059 1411 vacationis
2077 1380 2345 1420 Archiepiscoparfis

1279 1419 1351 1449 illius
1370 1420 1404 1450 δε
1423 1419 1573 1451 Custodiae
1593 1419 1736 1460 dictorum
1754 1418 1979 1456 Temporalium
1997 1418 2139 1458 ejusdem,
2156 1419 2244 1457 usque
2260 1421 2296 1451 ad
2312 1423 2347 1453 ὃς

1279 1459 1309 1488 in
1325 1458 1490 1489 Secundum
1505 1459 1595 1489 Diem
1610 1456 1736 1488 instantis
1755 1456 1866 1487 Mensis
1884 1456 2004 1495 Augusti
2021 1457 2126 1489 ultimo
2149 1460 2324 1496 praeteritum
2337 1484 2350 1498 ‚

1282 1497 1316 1527 δι’
1336 1507 1389 1534 pro
1406 1498 1510 1528 eodem
1529 1497 1587 1528 Die
1605 1506 1664 1534 quo
1680 1495 1740 1526 Die
1755 1496 1838 1526 eidem
1853 1507 1923 1526 nunc
1939 1495 2141 1537 Arcbiepifiopo
2160 1497 2348 1536 Temporalia

1283 1535 1551 1574 Archiepiscopatfis
1566 1534 1710 1573 praediffl,
1735 1543 1766 1565 ut
1781 1534 1928 1573 praefertur
1944 1558 1954 1573 ,
1978 1534 2199 1567 Restituerimus
2209 1558 2219 1574 ‚
2247 1538 2350 1575 quovis

1283 1574 1376 1605 modo
1392 1576 1602 1613 provenientia,
1618 1573 1786 1611 crescentia,
1801 1575 1992 1613 emergentia,
2011 1573 2067 1605 five
2084 1575 2297 1615 contingentia,

1319 1612 1480 1651 Habenda,
1507 1613 1655 1651 Levanda,
1681 1611 1762 1642 Perci
1785 1612 1884 1651 ienda,
1906 1611 2088 1652 Retinenda,
2107 1612 2283 1652 Gaudenda,
2298 1613 2350 1645 U-

1281 1651 1384 1689 tenda,
1402 1654 1436 1684 &
1453 1651 1622 1683 Poffidenda
1635 1652 1734 1682 omnia
1803 1650 1907 1689 singula
1925 1650 2072 1681 Praemiffa
2090 1661 2160 1682 cum
2178 1662 2280 1684 eorum
2295 1652 2350 1690 Ju-

1283 1692 1361 1722 ribus
1387 1691 1422 1722 &
1447 1690 1626 1722 Pertinentiis
1642 1690 1774 1720 universis
1791 1689 1878 1718 eidem
1895 1701 1965 1719 nunc
1983 1689 2186 1730 Archiepifiopo
2199 1715 2209 1728 ,
2233 1701 2249 1721 a
2266 1691 2350 1722 dieto

1282 1738 1417 1768 tempore
1435 1729 1541 1760 Mortis
1556 1728 1686 1769 praedic‘ti
1702 1737 1792 1766 nuper
1811 1726 1968 1767 Archiepifi
1999 1732 2034 1766 i,
2059 1728 2145 1767 usque
2162 1729 2274 1761 diei-um
2297 1729 2350 1760 Se.
2394 1750 2398 1754 .

1284 1769 1413 1800 cundum
1429 1768 1523 1798 Diem
1539 1767 1660 1807 Augusti
1677 1775 1746 1797 tunc
1767 1767 1901 1803 proximo
1920 1768 2103 1807 sequentem,
2120 1769 2154 1799 &
2171 1776 2226 1806 pro
2244 1767 2350 1800 eodem

1284 1807 1345 1838 Die
1379 1811 1440 1838 tam
1455 1817 1505 1845 per
1520 1806 1626 1837 Manus
1642 1806 1699 1836 suas
1713 1805 1746 1836 δε
1762 1804 1967 1835 Ministrorum
1983 1804 2097 1835 suorum
2112 1808 2350 1845 propnas,quatn

1284 1857 1334 1883 per
1352 1830 1460 1877 ivianus
1477 1847 1613 1877 omnium
1630 1845 1663 1875 &
1681 1843 1855 1882 singulorum
1875 1853 1953 1873 nunc
1971 1842 2005 1874 &
2023 1853 2114 1882 nuper
2141 1840 2325 1875 Escaetorum
2339 1868 2351 1883 ,

1286 1885 1521 1922 vicecomitum,
1544 1883 1710 1915 Custodum
1727 1882 1964 1921 Temporalium,
1989 1881 2214 1919 Senescallorum
2227 1908 2237 1921 ,
2265 1883 2350 1914 Balli-

1436 1923 1641 1960 Firmariorum
1653 1945 1663 1961 ,
1686 1921 1904 1959 Receptorum,
1923 1920 2159 1960 Appruatorum‚
2178 1921 2351 1960 Praepofito-

1285 1973 1368 2002 rum,
1385 1947 1604 2000 dolleetorutn,
1621 1961 1817 1997 Tenentium,
1837 1959 2042 1990 Minlstrorum
2051 1982 2063 2000 ,
2079 1960 2135 1992 five
2147 1961 2269 1992 aliorum
2287 1960 2352 1991 Oc-

1285 2008 1455 2040 cupatorum
1481 2002 1613 2032 omniurn
1639 2000 1673 2031 &
1698 1999 1873 2038 singulorum
1892 1998 2109 2035 Praemifforum
2127 1999 2161 2030 &
2179 2009 2280 2030 eorum
2299 2010 2352 2030 cu-

1282 2041 1413 2081 jussibet,
1431 2041 1479 2072 vel
1491 2040 1648 2079 aliquorum
1662 2039 1783 2084 aliorum
1798 2036 2015 2082 Officiariprum
2032 2036 2198 2082 nostrorum
2213 2046 2354 2076 quorum-

1287 2090 1451 2151 ῗέἒῖιῖἓέἰᾱι
1466 2078 1763 2154 ἳίῗοὲἳὲἶωῃέἷίῗέἶς
1774 2075 1915 2146 ὒεθῗὲᾗῖἒῑ
1927 2086 1955 2153 1ζ’
1957 2075 2249 2147 ἀῑῐῖῐέὲέῗὲυῇοέἕ
2261 2087 2355 2148 ’imo-9¹⁰

1290 2160 1403 2189 mittere
1418 2157 1577 2188 debuerunt
1593 2181 1603 2194 ,
1630 2157 1660 2186 in
1679 2151 1791 2192 singulis
1808 2153 1841 2185 &
1860 2153 2086 2192 quibuscumque
2105 2152 2301 2185 Comitatibus
2318 2157 2353 2187 ὅτ

1291 2197 1379 2227 Locis
1405 2196 1476 2227 infra
1499 2195 1636 2235 Regnum
1662 2193 1792 2225 nostrum
1811 2193 1923 2230 Angliae
1942 2192 1976 2223 &
1993 2191 2139 2223 Marchias
2153 2192 2272 2224 Wauiae
2287 2216 2297 2232 ,
2322 2195 2355 2224 in‘

1288 2236 1392 2275 quibus
1409 2235 1554 2266 Praemissa
1570 2235 1613 2265 seu
1630 2233 1745 2272 aliquod
1762 2231 1982 2262 Praemiss'orum
2000 2230 2142 2268 existunt,
2153 2232 2249 2270 jacent
2267 2233 2299 2263 ὅ(
2320 2232 2356 2262 s1-

1290 2284 1364 2306 tuaza
1383 2275 1460 2312 sunt,
1485 2273 1594 2311 libere,
1622 2274 1750 2310 integre,
1767 2272 1882 2308 quiete,
1900 2270 1992 2307 bene,
2012 2269 2045 2302 ἃ
2065 2272 2094 2300 in
2114 2269 2206 2309 Pace,
2224 2281 2258 2302 ac
2278 2271 2353 2302 adeo

1291 2314 1391 2352 plene,
1409 2313 1486 2343 licite
1496 2335 1506 2350 ,
1522 2313 1554 2343 δε
1568 2312 1686 2349 impune
1701 2311 1737 2341 de
1753 2309 1846 2340 Dono
1863 2308 1963 2340 nostro
1978 2308 2090 2346 speciali
2107 2318 2192 2346 prout
2206 2309 2275 2340 Nos
2287 2319 2357 2340 om-

1292 2354 1339 2382 nia
1364 2353 1397 2383 &
1421 2351 1527 2390 singula
1539 2374 1549 2388 ,
1574 2350 1725 2381 occasione
1744 2347 1909 2379 Vacationis
1926 2347 2073 2386 praedm-ae
2090 2346 2358 2386 Archiepiscopatus

1292 2391 1379 2428 illius,
1397 2391 1564 2421 haberemus
1581 2389 1626 2418 seu
1646 2389 1747 2418 habere
1765 2386 1926 2425 possemus,
1951 2386 1973 2416 fi
1989 2386 2107 2425 praesens
2125 2385 2284 2418 Conceffio
2300 2397 2358 2418 no-

1292 2429 1346 2461 stra
1361 2430 1455 2460 eidem
1472 2438 1551 2458 nunc
1569 2426 1699 2465 Archiepi
1713 2434 1770 2465 copo
1788 2426 1863 2456 facia
1876 2435 1938 2456 non
1956 2425 2066 2464 fuisset,
2082 2425 2186 2464 abstine
2204 2425 2359 2457 Perturba-

1294 2470 1373 2500 tione
1392 2493 1401 2505 ‚
1425 2467 1631 2498 Molestatione
1648 2490 1657 2505 ,
1720 2466 1906 2503 quietatione,
1927 2463 1972 2494 seu
1991 2463 2170 2495 Gravamine
2185 2462 2290 2495 Nostri
2307 2472 2356 2495 aut

1292 2507 1452 2538 Haeredurn
1477 2505 1643 2536 nostrorum
1668 2513 1717 2535 aut
1735 2503 1962 2542 Justiciariorum
1987 2502 2149 2533 nostrorum
2163 2526 2174 2541 ,
2207 2501 2357 2533 Baronum

1293 2546 1458 2577 nostrorum
1475 2544 1512 2575 de
1522 2544 1671 2575 Scaccario
1681 2567 1691 2580 ,
1709 2541 1906 2577 Escaetorum,
1926 2540 2163 2579 vicecomitum,
2177 2549 2225 2571 aut
2235 2541 2359 2572 aliorum

1295 2584 1510 2615 Officiariorum
1535 2583 1581 2614 seu
1607 2580 1808 2612 Ministrorurn
1835 2579 2000 2610 nostrorum
2025 2588 2278 2618 quorumcumque
2311 2580 2360 2611 vel

1295 2633 1396 2654 eorum
1411 2623 1528 2660 alicujus
1539 2641 1552 2660 5
1565 2622 1599 2652 &
1617 2620 1721 2658 absque
1740 2619 1911 2656 compoto,
1928 2617 2094 2657 Responso,
2113 2617 2227 2655 Onere,
2244 2617 2290 2649 seu
2309 2619 2364 2649 ali-·

1294 2672 1353 2700 quo
1370 2661 1426 2692 alio
1443 2670 1490 2690 aut
1504 2661 1555 2691 alia
1573 2654 1622 2690 Re
1638 2659 1835 2698 quacumque,
1859 2657 1913 2695 de,
1940 2665 2009 2695 pm,
2034 2665 2081 2687 aut
2097 2657 2128 2687 in
2147 2654 2299 2686 Praemiffis
2315 2656 2362 2688 vel

1293 2701 1389 2738 aliquo
1415 2698 1632 2729 Praemissorum
1654 2707 1704 2734 per
1727 2697 1819 2734 ipsum
1843 2705 1921 2726 nunc
1948 2693 2204 2733 Archiepifiopum,
2235 2703 2283 2725 aut
2309 2695 2365 2725 ali-⁴

1294 2748 1380 2776 quern
1406 2738 1452 2767 vel
1484 2737 1593 2775 aliquos
1632 2735 1850 2766 Officiariorum
1884 2741 1932 2763 aut
1965 2733 2170 2763 Ministrorutn
2191 2731 2361 2764 nostrorum

1293 2775 1495 2813 praedic'torurn
1510 2797 1519 2811 ,
1553 2773 1612 2804 five
1645 2773 1806 2811 aliquorum
1839 2772 1962 2802 aliorum
1988 2771 2035 2801 vel
2073 2781 2176 2802 eorum
2210 2770 2331 2810 alicujus
2349 2796 2361 2811 ‚

1297 2814 1397 2844 Nobis
1422 2814 1469 2844 vel
1493 2813 1576 2843 dietis
1598 2811 1772 2842 Haetedibus
1797 2810 1898 2840 nostris
1923 2811 2027 2847 quovis
2052 2809 2142 2840 modo
2172 2808 2335 2842 Reddendo
2347 2825 2363 2850 5

1294 2853 1453 2890 faciendo,
1470 2851 1516 2882 seu
1535 2850 1700 2888 Solvendo,
1718 2859 1751 2880 ac
1769 2847 1940 2879 omnimoda
1959 2847 2084 2886 Debita,
2098 2847 2264 2886 Computa,
2281 2849 2363 2879 Prae-

1296 2891 1373 2928 stita,
1399 2891 1561 2928 Arreragia,
1586 2891 1620 2922 &
1637 2888 1805 2926 Demanda‚
1822 2897 1886 2926 quae
1904 2886 2006 2917 Nobis
2023 2886 2060 2917 de
2076 2896 2124 2917 aut
2138 2896 2192 2924 pro
2209 2886 2365 2917 Praemiffig

1293 2930 1340 2961 vel
1358 2939 1460 2960 eorum
1477 2930 1609 2967 alicujus,
1626 2927 1673 2958 seu
1688 2927 1770 2958 causa
1787 2926 1834 2957 vel
1851 2925 2004 2957 occafione
2019 2924 2295 2955 Praemifforumaut
2306 2935 2360 2955 eo-

1295 2978 1361 2999 rum
1385 2968 1500 3006 alicujus
1513 2990 1522 3006 ,
1553 2977 1601 3004 per
1620 2966 1709 3005 ipsum
1727 2975 1807 2996 nunc
1823 2963 2055 3003 Archiepifiopum
2072 2972 2118 2994 aut
2135 2963 2257 3001 aliquem
2276 2962 2358 2993 Offi-

1295 3009 1446 3038 ciariorum
1464 3006 1510 3037 seu
1523 3005 1724 3036 Ministrorum
1739 3004 1903 3035 nostrorum
1920 3003 2124 3041 praedictorum
2137 3002 2183 3033 vel
2197 3001 2359 3039 aliquorum

1295 3046 1437 3082 aliorum,
1459 3045 1626 3082 pertinentia
1646 3042 1785 3074 reddenda
1801 3042 1847 3072 seu
1866 3040 2014 3079 solvenda,
2037 3039 2148 3078 penitus
2165 3038 2258 3070 eidem
2277 3050 2359 3071 nunc

1295 3083 1496 3123 Archiepzfiopo
1516 3083 1701 3113 Remittimus
1719 3082 1753 3112 &
1771 3081 1946 3111 Relaxamus
1962 3102 1973 3118 ,
1996 3087 2079 3116 atque
2095 3078 2184 3115 ipsum
2201 3079 2359 3117 omnesque

1296 3123 1330 3154 &
1357 3123 1478 3160 singulos
1501 3121 1665 3152 officiarios
1681 3122 1715 3151 &
1735 3119 1888 3150 Ministros
1905 3118 1968 3149 suos
1985 3116 2135 3155 praediecos
2153 3116 2189 3147 de
2204 3115 2360 3148 Praemiffis

1296 3163 1330 3193 &
1349 3161 1477 3199 quolibet
1491 3159 1705 3190 Praemissorum
1721 3167 1784 3197 erga
1803 3157 1872 3188 Nos
1889 3158 1924 3189 &
1941 3154 2077 3186 Haeredes
2091 3154 2204 3185 nostros
2219 3165 2361 3194 quantum

1294 3200 1441 3270 ἱΙξιέοὺὶς
1459 3198 1500 3229 est
1517 3197 1713 3229 Exoneramus
1731 3207 1764 3228 ac
1781 3196 1899 3227 finaliter
1916 3194 1951 3225 &
1965 3193 2077 3232 penitus
2091 3194 2296 3233 Acquietamus
2307 3204 2361 3232 per

1321 3250 1333 3269 r
1371 3247 1465 3275 entes;

1333 3277 1378 3307 Eo
1405 3275 1483 3315 quod
1509 3276 1632 3313 expressa
1656 3276 1767 3306 mentio
1793 3273 1829 3304 de
1853 3273 1925 3303 vero
1948 3270 2055 3302 Valore
2077 3281 2173 3302 annuo
2191 3270 2247 3302 five
2264 3270 2361 3310 aliquo

1297 3315 1402 3346 Valore
1424 3325 1471 3345 aut
1497 3313 1676 3344 Certitudine
1700 3312 1921 3350 Temporalium
1945 3310 2150 3348 praedictorum
2167 3310 2224 3340 five
2237 3310 2360 3341 aliorum

1297 3354 1514 3386 praemissorum
1533 3353 1579 3383 seu
1594 3362 1695 3383 eorum
1713 3352 1844 3389 alicujus,
1861 3350 1907 3380 seu
1929 3348 1966 3379 de
1980 3349 2037 3379 aliis
2053 3348 2150 3378 Donis
2164 3348 2210 3378 vel
2227 3347 2363 3379 Cone&-

1298 3393 1438 3429 fionibus,
1456 3402 1505 3428 per
1522 3391 1592 3421 Nos
1611 3391 1729 3428 praefato
1748 3389 1950 3428 Arckffepifiopo
1967 3395 2034 3418 ante
2050 3387 2114 3416 haec
2128 3395 2257 3426 tempora
2269 3386 2362 3425 faffls,

1299 3433 1328 3460 in
1349 3430 1530 3468 praesentibus
1548 3431 1668 3458 minime
1688 3429 1760 3458 faeta
1776 3427 1886 3464 existit,
1905 3435 1953 3456 aut
1970 3426 2066 3462 aliquo
2083 3426 2098 3441 ⁸
2115 3424 2245 3462 Statuto,
2264 3424 2361 3464 Αᾶυ,
2379 3432 2396 3450 a
2415 3431 2481 3460 xn,

1301 3469 1505 3506 Ordinatione,
1523 3476 1570 3498 aut
1586 3466 1753 3497 Provifione
1763 3487 1773 3503 ,
1791 3467 1821 3495 in
1836 3465 2012 3495 contrarium
2028 3462 2105 3494 facto
2119 3462 2177 3495 five
2192 3463 2288 3503 edito,
2301 3474 2362 3495 non
2379 3477 2444 3506 775.

1300 3507 1440 3538 obstante.

1338 3545 1372 3576 In
1391 3546 1484 3584 cujus,
1501 3543 1562 3575 ὅτε.

1340 3621 1428 3654 Teste
1441 3620 1528 3661 Rege
1543 3619 1617 3659 apud
1630 3619 1798 3657 Lantbony,
1815 3618 1945 3658 Septimo
1959 3618 2005 3648 die
2017 3616 2148 3656 Augusti.

1965 3697 2018 3725 Per
2030 3694 2114 3734 ipsum
2127 3696 2232 3732 Regem.

2265 4077 2374 4115 -Βοιιις
