2555 4266
48 263 116 295 Arm
138 261 178 292 D.

76 309 161 339 1497-

50 346 113 371 Hen-
129 350 157 375 7.

64 2469 79 2485 ¹¹
99 2469 168 2499 XII.

62 2509 126 2534 662.

194 180 273 219 116

192 262 350 294 Residentis
367 263 395 291 iu
409 258 496 289 Curia
509 253 616 293 praefati
641 250 814 284 Sereniffimi
840 248 928 286 Regis
951 246 1064 290 Angliqe
1086 241 1263 288 Consanguix-

195 304 240 333 nei
257 302 346 332 nostri
356 323 364 338 ,
383 299 502 328 'fenore
518 293 682 329 Praesentis,
698 291 734 321 de
751 288 845 319 nostra
859 296 934 317 certa
948 286 1071 316 Scientia
1082 282 1261 331 ,deliberate

196 344 229 373 &
248 341 379 371 consulto
416 337 453 366 eis
470 333 605 363 omnibus
618 329 782 361 melioribus
794 328 842 357 via
859 325 951 356 modo
963 325 996 355 ὃς
1009 324 1105 367 forma
1114 322 1216 360 quibus
1226 319 1262 349 de

195 381 265 420 jure
280 380 311 409 ἃ
325 379 381 407 aliis
388 363 532 414 ’possimus
549 372 582 402 &
599 371 756 403 valeamus,
778 366 908 396 Facimus
918 388 928 404 ,
939 358 1265 406 Const1tu1mus,Crea-

200 430 261 450 m=:.-·
284 446 285 449 ,
308 418 337 447 8:
363 414 538 444 Ordinamus
558 408 686 439 nostrum
709 414 811 438 verum
827 427 837 442 ,
855 413 968 434 certum
982 425 992 441 ,
1017 402 1211 446 legittimum,
1229 398 1263 428 &

198 458 389 489 indub}.:tum
415 451 657 485 Procuratorem,
675 445 849 483 Oratorem,
867 443 901 473 &
924 441 1080 472 Nunctum
1102 437 1267 479 specialem,

200 499 233 528 δε
249 496 281 526 ad
299 491 473 528 infrascripta
487 487 647 526 generalem
657 508 667 523 ,
685 485 722 515 ita
735 492 829 514 tamen
844 483 925 520 quod
940 479 1102 518 Specialitas
1117 474 1267 507 Generali-

199 536 249 567 tati
263 543 322 563 non
337 531 471 568 deroget,
490 537 543 557 nec
560 527 577 556 e
593 533 710 561 contra,
728 533 782 553 vos
797 521 909 551 eundem
919 519 1075 549 Rodericum
1089 512 1226 557 Gonzales
1235 512 1267 541 de

200 571 302 604 Puebla
318 569 471 601 Absentem
485 573 619 602 tanquam
636 562 824 598 Praesentem,
843 559 993 595 videlicet,
1011 567 1042 588 ut
1059 565 1112 593 pro
1128 551 1267 583 Nobis&

199 612 337 643 Nomine
351 608 450 638 nostro
465 604 570 643 possitis
586 604 620 634 &
633 601 744 632 valeatis
759 599 914 635 Tractare,
932 591 1269 641 Concorrdarefflacere,

200 652 233 682 &
248 650 279 680 F:
300 657 375 678 mare
387 656 456 678 cum
471 642 608 682 predicto
623 638 807 671 Sereniffimo
825 640 893 674 Rege
912 634 1025 672 Angliae
1045 631 1269 674 monsa'nguineo

201 689 301 720 nostro
322 684 632 719 Coufoerieiationern,
649 679 830 714 Amicitiam,
850 676 955 711 Lignn
971 695 980 710 ,
999 672 1031 702 ὅτ.
1054 669 1270 714 Intelligentiam

203 727 330 759 strictam
350 725 396 756 vel
414 724 504 753 minus
518 720 644 751 strictam
661 725 823 755 perpetuam
840 712 885 743 vel
899 712 934 742 ad
948 720 1076 748 tempus,
1094 707 1215 744 scilicet,
1229 714 1270 734 in-

203 776 245 798 ter
264 765 332 796 Nos
348 761 541 799 Haeredesqiie
558 760 591 791 ὃς
608 755 788 787 Successores
808 751 920 782 nostros
943 753 1025 787 Reges
1051 745 1194 792 Cnstellae,
1214 746 1270 773 Le-

198 809 302 844 gionis,
320 807 501 841 Aragonum,
517 801 670 832 Granatae,
686 793 746 829 &a
765 791 927 827 Regnaque
942 791 975 821 &
993 787 1133 830 Dominia
1160 783 1271 826 nostra,

202 855 236 876 ac
251 844 387 875 Su'oditos
404 839 515 871 nostros
525 861 533 875 ,
549 837 630 866 Parte
642 843 677 863 ex
693 842 766 867 una,
783 832 816 862 ὃς
830 828 952 859 eundem
966 824 1181 857 Serenissimum
1188 821 1272 852 Prin-

203 885 300 922 cipem
322 884 468 911 Henricum
483 880 576 914 Regem
594 871 725 909 Angliae,
741 868 932 911 Haeredesque
946 868 979 897 δε
996 862 1175 895 Successores
1191 861 1271 895 sum,

204 933 238 954 ac
263 921 401 961 Regnum
425 919 457 949 ὃς
484 913 622 946 Dominia
644 912 689 941 sua
703 933 714 948 ,
739 909 772 940 &
794 906 928 938 Subditos
959 904 1044 942 suos,
1069 903 1152 933 Parte
1174 909 1209 931 ex
1231 898 1271 929 al-

202 970 323 1030 ter{ium
337 993 458 1028 exer-effa
471 1000 565 1024 tamen
581 988 761 1027 Exceptione
776 983 934 1024 Saneffiffimi
948 984 1060 1025 Doniini
1073 979 1156 1019 nostri
1174 979 1274 1024 Pqpae,

204 1041 239 1072 &
253 1038 359 1069 Saucia*
374 1031 487 1063 'Matris
509 1027 651 1068 Ecclefiae,
670 1028 704 1058 δε
721 1023 894 1055 Sereniffimi
916 1021 1057 1064 Principis
1078 1017 1273 1062 Maximfliani

205 1081 383 1109 Romanorum
402 1075 479 1105 Regis
500 1069 597 1099 Fratris
616 1065 706 1097 nostri
732 1063 896 1098 Carissimi,
920 1070 952 1090 ac
980 1068 1065 1089 etiam
1092 1056 1272 1100 lllustrislimi

204 1116 345 1151 Principis
359 1101 474 1148 Philifipi
491 1105 655 1138 Archiducis
669 1103 791 1144 Austriae
807 1101 901 1132 Ducis
914 1097 1088 1143 Burgundiae
1102 1096 1166 1140 Filii
1182 1095 1273 1126 nostri

205 1152 408 1187 Diieffisiim'i,
426 1149 474 1179 vel
489 1147 550 1185 ipsis
562 1147 591 1175 in
604 1144 706 1175 eadem
719 1140 978 1172 confoederatione
995 1135 1121 1176 expresse
1145 1135 1274 1172 inclusis,

206 1194 226 1224 fi
244 1194 272 1223 in
290 1203 321 1222 ea
340 1189 450 1220 includi
464 1186 623 1221 voluerint,

241 1229 280 1263 Et
298 1229 404 1268 possitis
424 1233 614 1266 quaecumque
632 1220 764 1258 Capitula
792 1219 825 1249 &
848 1216 1037 1262 Instrumenta
1059 1215 1093 1245 &
1119 1212 1275 1258 quoscum-

204 1281 261 1309 que
287 1267 462 1300 Contractus
489 1261 752 1294 Confoederationis
777 1259 810 1290 &
834 1257 980 1287 Amlcltlae
995 1276 1005 1292 ,
1031 1263 1094 1299 pro.
1112 1252 1214 1283 Nobis
1240 1252 1274 1283 &

203 1310 341 1340 Nomine
360 1305 475 1342 nostin,
493 1312 563 1334 cum
582 1300 687 1331 eodem
706 1296 889 1329 Sereniffimo
909 1297 978 1332 Rege
1005 1291 1118 1329 Angliae
1144 1291 1250 1322 Facere
1265 1313 1275 1329 ,

203 1348 354 1385 stipulare,
373 1347 405 1375 a&
427 1344 571 1378 Firmare,
592 1339 721 1376 Fieiique
739 1337 850 1372 facere,
868 1334 985 1370 Petere,
1004 1332 1037 1362 &
1056 1329 1161 1361 Instare
1177 1355 1188 1375 ,
1205 1340 1273 1374 cum

204 1387 257 1418 illis
276 1386 382 1421 Pac‘tis,
398 1381 546 1417 Vinculis,
565 1377 789 1408 Condition'ibus
805 1398 814 1412 ,
832 1371 1069 1416 Promissionibus
1085 1393 1095 1408 ,
1111 1368 1275 1414 Obligatio-

204 1428 286 1456 nibus
324 1423 439 1458 Ptenis,
458 1417 716 1452 Submissionibus‚
736 1412 1031 1447 RenunciatiombuS,
1050 1408 1253 1439 Securitatibus
1265 1429 1275 1445 ,

199 1450 387 1503 Juram'entis,
405 1459 561 1496 Ciauiiilis,
575 1457 609 1488 &
627 1454 752 1485 Cautelis
770 1452 873 1491 quibus
892 1450 1035 1481 volueritis
1051 1449 1085 1480 &
1101 1448 1182 1479 vobis
1200 1447 1275 1477 bene

205 1508 298 1578 vniirtn,
316 1503 370 1578 {ugr
378 1511 485 1569 15¹de
501 1534 619 1565 firmiter
632 1530 800 1567 Tenendis,
817 1525 1032 1572 Adimplendis,
1049 1526 1084 1557 δε
1106 1523 1277 1554 inviolabili-

204 1589 246 1612 ter
265 1578 474 1612 Observandis,
493 1581 685 1611 quaecumque
704 1570 871 1608 juramenta
896 1576 924 1596 in
948 1566 1067 1595 Animas
1091 1563 1198 1594 nostras
1222 1562 1273 1593 Fa-

204 1629 270 1650 cere
285 1620 318 1650 &
336 1616 489 1652 Prael'tare,
508 1615 540 1643 ὅτ,
555 1610 747 1647 quascumque
754 1607 953 1644 obligationes
966 1606 999 1634 ὅ(
1013 1601 1276 1649 Securitates,No-

205 1659 284 1689 mine
305 1655 404 1686 nostro
428 1655 459 1684 &
481 1662 532 1689 sto
560 1650 680 1685 Nobis,
698 1647 802 1677 Facere
826 1649 858 1675 cc
881 1644 1009 1674 Firmare
1032 1642 1128 1672 eidem
1150 1642 1275 1670 herenis-

208 1697 282 1727 siuio
301 1698 365 1731 Regi
385 1691 495 1723 A7.·:¹'i.e
511 1713 519 1727 ,
544 1689 576 1719 δε
602 1687 701 1717 eadem
719 1685 884 1722 jurari-lenta
901 1683 934 1712 &
954 1680 1058 1711 similes
1076 1679 1277 1718 Obligationcs

206 1737 240 1766 &
259 1735 425 1764 Securitates
436 1721 477 1760 ”ab
493 1727 580 1758 codem
599 1724 760 1763 Seremffinio
774 1726 842 1760 Rege
858 1722 970 1758 Petere,
988 1719 1145 1757 Recipere,
1163 1719 1198 1748 &
1214 1718 1275 1749 Ac-

206 1782 334 1811 ceptare,
574 1804 581 1808 ἢ
885 1800 887 1803 Ι
1090 1797 1096 1802 ⁹
1217 1796 1222 1800 α
1257 1796 1262 1800 ¹

244 1812 279 1841 Et
307 1812 358 1841 alia
382 1807 480 1837 omnia
504 1805 537 1835 ὃς
565 1803 668 1840 ringula
684 1801 789 1831 Facere
808 1800 841 1830 &r
859 1798 985 1840 Firmare
1004 1805 1068 1834 qua:
1088 1806 1117 1826 in
1137 1796 1278 1833 praediif’tis

206 1851 238 1882 ὃς
258 1851 333 1880 circa
353 1857 383 1878 ea
402 1847 574 1883 ruminantur
591 1845 623 1874 &
642 1839 792 1871 iieceffiria
812 1839 863 1868 lint
882 1842 929 1867 ieu
947 1835 1171 1875 quomodolibet
1188 1844 1277 1874 opor-

203 1900 287 1927 tuna,
597 1919 602 1924 ἱ
640 1919 644 1923 ·
727 1916 737 1920 -
813 1916 817 1921 ·
1044 1914 1048 1919 .
1211 1913 1216 1918 .

242 1928 279 1958 ht
296 1926 452 1965 quoniam,
471 1932 523 1960 pro
545 1928 646 1958 majori
668 1916 876 1947 Oblervatione
897 1914 930 1944 &
950 1912 1108 1957 Securitate
1129 1912 1275 1950 praediftae

205 1963 473 1997 Confoederationis
489 1963 522 1992 ὃς
540 1959 698 1992 Amicitiae,
716 1957 788 1986 inter
808 1954 877 1984 Nos
891 1954 923 1984 &
939 1951 1276 1983 dietumSereniffimum

207 2009 275 2041 Rege
293 2002 419 2041 Angliae,
437 2009 468 2030 ut
485 1999 647 2038 praedicitur
658 2018 667 2034 ,
685 1994 840 2031 faciende,
858 1993 892 2023 &
910 2001 962 2029 pro
979 1992 1146 2034 Augmento
1171 1989 1270 2021 Affini-

206 2035 267 2076 tatis
284 2042 407 2078 nostrae,
422 2040 473 2070 fuit
487 2042 559 2069 inter
576 2035 645 2066 Nos
666 2035 698 2065 δε
722 2033 812 2071 ipsum
835 2031 1022 2066 Tractatum,
1041 2028 1146 2060 Medio
1169 2029 1276 2060 Orato-

159 2101 163 2107 ·
207 2093 273 2114 rum
294 2080 476 2116 nostiorum,
494 2076 574 2116 quod
592 2071 775 2105 illustrissima
798 2069 947 2101 catherina
969 2067 1069 2108 Infans
1092 2067 1215 2107 Castellae
1236 2067 1275 2103 (ᾤ’

207 2128 372 2158 Aragonum
388 2118 455 2148 Filia
468 2116 563 2147 nostra
579 2111 716 2143 cariffima
728 2110 875 2141 contrahat
889 2108 1113 2139 Matrimonium
1129 2116 1197 2137 cum
1210 2106 1277 2137 [llu-

208 2161 343 2192 striffimo
358 2156 486 2189 Arthuro
502 2157 620 2191 Principe
643 2151 674 2181 de
697 2149 779 2180 Gales
801 2149 874 2179 Filio
896 2148 1055 2188 Legittimo
1077 2146 1276 2185 primogenito

208 2201 240 2232 ὃ(
258 2198 383 2229 Haerede
396 2195 517 2229 eiusdem
533 2189 706 2223 Sereniffimi
721 2192 796 2226 Regis
810 2186 940 2230 Angiiae,
1081 2224 1087 2230 θ
1248 2223 1253 2229 .

244 2237 282 2268 Et
297 2237 359 2276 quia
377 2234 465 2266 Mens
485 2234 517 2264 &
533 2232 669 2262 Voluntas
682 2227 781 2258 nostra
793 2226 851 2265 est,
871 2229 891 2257 ii
905 2225 988 2255 eidem
999 2227 1065 2262 Regi
1079 2233 1116 2255 ita
1131 2222 1278 2262 placuerit,

206 2277 288 2317 quod
304 2274 471 2313 praedic‘tum
488 2269 710 2303 Matrimonium
725 2266 771 2298 fiat
785 2266 818 2298 &
833 2264 1039 2302 concludatur,
1257 2302 1262 2306 η

246 2315 398 2352 Propterea
414 2336 423 2349 ,
440 2311 542 2342 eodem
569 2309 689 2339 Tenore
712 2305 897 2336 Praesentiurn
911 2328 920 2340 ,
940 2303 1051 2334 Damus
1071 2302 1106 2334 &
1129 2300 1278 2332 Concedi-

208 2364 271 2385 mus
286 2355 368 2384 vobis
382 2351 462 2383 dic'to
479 2348 605 2380 Roderico
619 2344 757 2376 Gonzales
777 2344 809 2374 de
832 2342 934 2373 Puebla
949 2367 959 2382 ‚
978 2341 1098 2373 Oratori
1118 2340 1220 2371 nostro
1242 2341 1276 2372 ὃς

208 2392 390 2424 Procuratori
413 2388 534 2426 nostro,
553 2387 668 2424 plenum
693 2383 779 2415 Poffc
803 2382 953 2421 nostrum,
975 2390 1028 2419 ut,
1046 2390 1099 2419 pro
1123 2379 1221 2410 Nobis
1243 2380 1276 2410 ὃς

208 2433 344 2463 Nomine
357 2429 472 2465 nostro,
489 2426 595 2465 poisitis
609 2423 765 2460 Traaare,
784 2421 989 2458 Concordare,
1008 2422 1042 2452 ὃ(
1063 2419 1086 2450 F
1089 2420 1188 2449 irmare
1207 2427 1277 2448 cum

210 2471 288 2502 dieto
302 2467 485 2500 Serenifl‘imo
508 2468 576 2503 Rege
598 2462 712 2500 Angi'iae
737 2461 961 2501 Consanguineo
975 2459 1074 2489 nostro
1094 2459 1112 2476 ³*
1132 2457 1279 2497 Sponsalia

211 2512 244 2543 &
258 2507 482 2541 Mitrimonium
498 2504 640 2545 praedithe
657 2500 851 2532 Illustriffimce
875 2498 1001 2538 Infantis
1019 2496 1178 2528 catherine
1199 2496 1278 2526 Filiae

211 2549 316 2579 nostrae
331 2545 481 2578 cariiiimae
494 2553 561 2573 cum
575 2542 624 2572 illo
638 2539 825 2571 Illustriffimo
849 2538 979 2569 Arthuro
1004 2539 1123 2574 Principe
1144 2535 1177 2565 de
1197 2534 1281 2564 Gales

213 2588 286 2618 Filio
301 2585 498 2621 Pritnoaenito
511 2585 542 2613 &c
559 2579 683 2611 Haerede
700 2578 769 2609 dieti
783 2580 846 2615 Regi
862 2576 975 2615 Angliae
990 2574 1204 2614 Consanguinei
1224 2583 1280 2604 no-

213 2626 280 2662 stri,
298 2627 330 2656 {Sc
345 2617 518 2654 Proinittere
535 2619 614 2657 quud
632 2619 701 2649 Nos
714 2617 849 2647 faciemus
865 2618 898 2646 &
915 2615 1074 2645 curabimus
1094 2613 1279 2650 dabimusque

214 2673 331 2702 operam
348 2671 416 2692 cum
431 2659 538 2690 effeetu
551 2657 631 2696 quod
645 2657 718 2687 dieta
732 2654 910 2695 Illustriffima
926 2654 1026 2692 Infans
1039 2652 1190 2682 Catherina
1212 2651 1281 2682 Filia

214 2703 327 2739 nostra,
346 2701 418 2731 cum
430 2699 463 2728 ad
489 2697 674 2732 Legitzimam
698 2696 857 2730 pervenerit
879 2692 1009 2722 AEtatem
1029 2691 1063 2721 ad
1087 2689 1283 2727 Faciendum,

215 2739 461 2774 Concedendurn,
480 2738 514 2767 ὅ(
528 2732 768 2764 Contrahendum
788 2731 932 2769 praedictae
954 2729 1097 2767 Sponsalia
1119 2729 1152 2759 &
1178 2727 1282 2758 Matri-

214 2781 364 2816 monium,
383 2776 449 2807 illud
467 2775 547 2805 saciet
558 2798 567 2812 ,
585 2770 741 2809 concedet,
757 2771 789 2800 ὃ(
805 2770 969 2805 contrahet,
988 2778 1038 2806 per
1051 2767 1137 2797 verba
1156 2766 1193 2797 de
1209 2776 1282 2806 prae-

215 2819 303 2856 senti,
329 2815 552 2847 Matrimonium
575 2812 724 2847 facientia,
742 2810 818 2847 juxta
838 2807 980 2838 Ordinem
1002 2806 1114 2836 Sanistae
1136 2804 1282 2835 Romanae

214 2856 369 2893 Ecczcfiae,
387 2863 455 2884 cum
473 2852 553 2882 d26to
568 2848 754 2880 illustrissimo
770 2846 901 2876 Arthura
917 2848 1037 2914 Primge
1054 2845 1086 2874 de
1099 2843 1183 2874 Gales
1207 2844 1281 2874 Filio

214 2896 410 2934 Primogenito
425 2893 458 2923 &
474 2889 600 2921 Haerede
619 2887 747 2926 praedicti
760 2889 838 2923 Regis
857 2884 970 2922 Angliae
1013 2884 1204 2922 ‘onsanguiriei
1229 2892 1283 2912 no-

215 2934 279 2971 stri,
298 2943 367 2965 cum
383 2932 436 2969 ipse
452 2938 566 2969 quoque
580 2928 615 2958 ad
632 2927 814 2966 Legittimam
829 2925 987 2962 pervenerit
1002 2921 1133 2953 AEtatem
1156 2922 1190 2952 ad
1213 2921 1282 2952 illud

215 2973 378 3005 faciendum
395 2993 404 3007 ,
428 2967 646 3000 concedendum
661 2988 670 3003 ,
690 2967 724 2996 ὃς
747 2963 974 2994 contrahendum
990 2986 1000 2999 ,
1024 2962 1057 2991 &
1083 2961 1163 3000 quod
1185 2960 1283 2999 postea

219 3011 384 3042 Celebrabit
399 3032 408 3047 ,
437 3009 469 3039 &
492 3005 713 3036 Consummabit
733 3002 843 3033 dietum
867 3000 1091 3032 Matrimonium
1114 3009 1182 3030 cum
1203 2999 1284 3029 dieto

219 3053 339 3088 Principe
352 3048 383 3077 de
402 3046 484 3076 Gales
501 3055 584 3083 prout
598 3045 630 3075 &
647 3041 893 3081 quemadmodum
915 3040 1046 3079 legittimi
1071 3038 1122 3069 Vir
1145 3038 1179 3068 δε
1195 3037 1283 3068 Uxor

219 3090 246 3120 id
265 3090 357 3119 facere
370 3087 474 3117 debent

258 3125 441 3163 Poiiitisque,
461 3107 596 3153 Nomine
618 3119 717 3150 nostro
739 3121 771 3151 ὅ(
797 3119 878 3148 dic‘lae
901 3116 1023 3156 Infantis
1035 3114 1190 3146 Catherinae
1206 3114 1285 3145 Filiae

221 3167 345 3203 nostr-x,
362 3164 460 3195 Petere
473 3163 505 3192 ἂ
523 3161 661 3196 Recipere
677 3158 797 3188 limilem
820 3157 1041 3187 Promitlioncm
1067 3156 1099 3186 ὅ(
1119 3154 1284 3186 Oblieatio-

222 3216 289 3237 nem
303 3215 318 3234 a
334 3204 414 3235 dieto
427 3205 495 3238 Rege
510 3198 624 3236 Angliae
638 3207 691 3235 pro
707 3196 802 3232 Seipso
818 3196 851 3228 &
867 3195 1002 3225 Nomine
1016 3193 1144 3231 praedieti
1161 3191 1287 3223 Arthuri

225 3247 354 3281 Principis
367 3242 398 3271 de
420 3240 502 3269 Gales
524 3240 580 3277 ejus
605 3237 684 3273 Filii,
705 3234 856 3273 videlicet,
877 3233 974 3272 quod,
993 3234 1062 3264 curn
1084 3231 1143 3271 Ipse
1165 3233 1288 3273 Prinfeps

222 3283 258 3313 ad
276 3282 455 3317 Lceiitimam
470 3277 628 3316 pervenerit
641 3274 771 3306 AEtatem
782 3296 791 3310 ,
811 3282 840 3303 ut
856 3272 1020 3311 praefertur,
1038 3272 1122 3313 faciet
1144 3269 1287 3307 Sponialia

227 3323 258 3353 ὃ(
273 3315 419 3350 contrahet
437 3317 678 3352 Matrimonium,
697 3323 745 3353 per
768 3312 861 3342 Verba
882 3312 918 3342 de
942 3310 1085 3350 praesenti,
1101 3317 1180 3351 JuXta
1200 3308 1287 3338 Ordi-

228 3370 296 3392 nem
310 3358 419 3389 Sancite
434 3356 535 3386 Matris
551 3353 686 3384 Ecclesiae
704 3352 862 3389 Romanae,
877 3360 947 3380 curn
961 3349 1035 3379 dieta
1052 3347 1231 3377 illustrissima
1240 3350 1289 3376 In-

227 3399 309 3439 fante
321 3396 468 3426 Catherina
484 3394 549 3424 Filia
561 3392 674 3429 nostra,
691 3392 724 3421 &
739 3389 961 3420 Consummabit
977 3389 1010 3419 ὃς
1028 3386 1192 3418 Celebrabit
1218 3395 1289 3416 cum

230 3447 262 3468 ea
281 3435 389 3465 diCtum
413 3433 636 3464 Matrimonium
655 3438 739 3468 prout
762 3428 796 3459 δε
813 3426 1058 3467 quemadmodum
1074 3425 1222 3464 Legittimi
1236 3423 1289 3454 Vir

232 3477 266 3507 &
280 3473 366 3503 Uxor
382 3473 408 3502 id
422 3473 514 3502 facere
530 3471 654 3505 debent,
1115 3503 1120 3508 ι

268 3512 305 3543 Et
320 3511 424 3550 possitis
439 3509 623 3540 Concordare
637 3508 670 3537 ἃ
683 3507 805 3537 Firmare
820 3504 901 3544 quod
917 3503 1049 3543 praedicta
1063 3501 1291 3533 fiertdebeant&

232 3551 345 3590 impleri
363 3548 476 3584 Modis,
493 3548 623 3584 Formis,
641 3546 854 3584 Temporibus,
872 3545 905 3575 &
921 3544 1009 3574 Locis
1023 3543 1126 3580 quibus
1148 3541 1232 3571 vobis
1251 3540 1293 3569 di—

234 3592 285 3622 cio
306 3589 419 3619 Oratori
442 3589 474 3617 ὃς
496 3586 678 3617 Procuratori
698 3584 798 3615 nostro
821 3585 895 3613 bene
917 3583 1009 3613 visum
1035 3581 1135 3618 fuerit,
1154 3580 1187 3610 &
1208 3587 1293 3617 prout

232 3640 284 3663 vos
304 3638 334 3658 ea
352 3625 572 3661 concordabitis,
593 3623 773 3661 concedetis,
789 3622 988 3660 capitulabitis‚
1006 3621 1039 3652 ὃς
1058 3619 1219 3655 firmabitis,

275 3667 385 3697 Damus
400 3664 482 3694 etiam
496 3663 667 3694 Potestatem
683 3663 715 3692 ὃῑ
732 3661 907 3692 Facultatem
923 3661 1024 3698 vobis,
1043 3658 1160 3688 Oratori
1173 3659 1205 3688 δε
1221 3656 1295 3686 Pro-

237 3706 356 3738 efflatori
372 3702 490 3739 nostre,
510 3710 538 3731 ut
556 3700 660 3738 possitis
673 3700 861 3731 Concordare
876 3700 909 3731 δε
930 3699 1058 3729 Firmare
1073 3705 1142 3727 cum
1157 3695 1226 3725 didio
1242 3699 1295 3725 Re-

237 3758 267 3784 ge
281 3743 392 3781 Angli-ie
405 3740 626 3775 Consanguineo
645 3738 742 3769 nostro
768 3738 895 3777 Dotem,
915 3747 1000 3776 quam
1022 3736 1093 3767 Nos
1112 3734 1177 3765 dare
1201 3743 1296 3764 tenea-

242 3795 305 3813 mur
324 3791 392 3813 Cilm
407 3780 481 3809 die‘t'a
494 3776 608 3817 Infante
621 3780 758 3806 Katerina
781 3777 850 3808 Filia
874 3777 968 3807 nostra
989 3777 1019 3806 in
1041 3774 1188 3813 Jocalibus
1210 3773 1295 3810 Auri,

245 3821 396 3858 Lapidibus
416 3818 570 3855 Precioiis,
589 3817 621 3847 &
643 3817 671 3845 in
696 3816 826 3852 Argento
846 3817 879 3846 &
902 3814 1035 3845 Vestibus
1057 3814 1090 3845 ὃς
1112 3811 1297 3842 Ornamentis

243 3860 369 3889 Personae
386 3859 418 3888 &
436 3856 554 3887 Domus
569 3855 623 3885 suae
634 3877 643 3892 ,
659 3854 691 3883 &
708 3855 736 3882 in
752 3852 901 3892 Pecuniis,
919 3854 1086 3890 Summam,
1104 3850 1296 3888 videlicet,&

245 3898 439 3935 Qiantitatem
463 3905 527 3932 quae
547 3894 629 3924 vobis
648 3892 722 3922 bene
741 3891 796 3922 visa
815 3893 913 3930 suerit,
930 3903 963 3922 ac
985 3891 1135 3921 Terminis
1156 3889 1190 3919 δε
1213 3889 1296 3918 Locis

246 3937 346 3971 quibus
365 3935 439 3963 illam
463 3933 528 3963 dare
549 3933 581 3963 &
602 3931 710 3962 solvere
729 3938 891 3967 teneamur,
910 3932 944 3961 δε
966 3929 1172 3965 conditiones,
1190 3926 1297 3965 Pacia,

246 3973 279 4002 ὃς
293 3972 506 4002 Conventiones
522 3981 586 4008 quae
602 3971 630 4000 in
646 3970 795 3999 Solutione
807 3970 840 4000 ὅς
859 3969 1050 3999 Restitutione
1070 3966 1193 4006 ejusdem
1209 3965 1297 3996 Dotis

245 4012 328 4048 poni,
346 4010 480 4047 concedi,
498 4011 529 4039 &
542 4009 647 4039 firmari
662 4008 782 4044 debent,

282 4048 320 4078 Et
331 4047 527 4078 nichilominus
542 4047 652 4077 Damus
666 4047 748 4077 vobis
760 4045 932 4077 Potestatem
946 4046 978 4076 &
993 4044 1166 4076 Facultatem
1180 4049 1211 4072 ut
1234 4052 1300 4079 pos-

243 4087 297 4119 sitis
311 4086 409 4118 Petere
421 4085 453 4115 &
466 4085 647 4117 Concordare
660 4085 862 4123 Augmentum
869 4084 995 4116 Dotis&
1003 4083 1203 4115 Donationem
1210 4090 1299 4119 prop-

604 151 1406 208 CONVENTIONES‚

1301 246 1342 268 ter
1356 237 1483 275 Nuptias
1497 236 1531 267 ὅ(
1547 234 1722 278 Cameram,
1741 243 1807 273 quae
1820 235 1926 273 debent
1941 235 2001 267 dari
2021 237 2055 269 &
2072 234 2199 274 assignari
2217 234 2298 266 dillae
2321 239 2371 266 In·
2394 231 2471 266 Ami.
2486 226 2553 272 Dssop

1296 276 1377 321 fanti.
1388 275 1543 306 Catherinae
1560 275 1643 319 Piliae
1658 273 1777 311 nostrae,
1795 271 1830 309 ἃ(
1845 274 1879 317 inf
1891 275 1994 312 quibus
2015 275 2202 312 Civitatibus,
2221 273 2320 312 Villis,
2337 276 2371 306 &
2420 283 2505 314 1497.
2552 284 2553 289 ¹

1304 316 1393 346 Locis
1415 316 1448 346 &
1471 313 1642 345 Redditibus
1657 335 1666 351 ,
1683 320 1769 350 prout
1788 312 1874 345 vobis
1896 312 1976 343 dieto
1996 313 2113 345 Oratori
2137 313 2172 344 δί
2193 312 2377 345 Procuratori
2400 318 2466 343 Hm.
2484 325 2512 351 7.
2552 335 2555 342 ·

1492 149 1893 199 LITERAE,

1304 354 1404 386 nostro
1419 354 1495 383 bene
1513 352 1603 384 visum
1620 352 1724 389 fuerit,

1341 392 1380 423 Et
1404 391 1521 424 demum
1543 390 1649 430 poffitis
1671 390 1764 420 ficere
1786 390 1820 422 ὅτ
1842 390 1954 421 firmare
1964 390 2063 420 omnia
2076 392 2110 422 &
2124 390 2228 430 fingula
2243 401 2310 430 quae
2324 401 2377 429 pro

1305 431 1499 470 Expeditione
1515 432 1549 463 δε
1565 429 1797 466 Complemento
1817 428 1885 459 dieti
1911 427 2095 459 Matrimonii
2114 430 2282 469 necessaria,
2301 440 2378 461 con-

1305 471 1464 508 venientia,
1484 471 1518 502 &
1533 478 1675 506 oportuna
1690 469 1773 498 vobis
1786 468 1978 505 videbuntur,

1345 509 1383 540 Et
1398 509 1434 539 de
1451 509 1593 546 praediffis
1607 508 1745 538 omnibus
1761 508 1794 539 &
1810 506 1921 544 singulis
1935 505 2042 542 possitis
2055 505 2250 546 concordare,
2268 507 2377 547 facere,

1307 549 1341 580 ὃ(
1354 547 1482 584 firmare,
1501 546 1636 577 Nomine
1648 545 1765 583 nostro,
1785 555 1855 576 cum
1870 545 1991 583 praefato
2011 544 2195 575 Sereniffimo
2219 548 2290 583 Rege
2311 551 2380 578 An-

1303 585 1366 623 gliae
1383 585 1609 624 Consanguineo
1622 585 1740 622 nostro,
1756 584 1873 623 fierique
1890 584 1982 615 facere
1998 592 2093 621 petere
2115 584 2150 615 &
2169 582 2286 621 instare,
2303 596 2384 624 quae-

1309 633 1435 662 cumque
1457 622 1591 660 Capitula
1613 625 1647 655 &
1672 624 1870 662 quoscumque
1892 622 2084 659 Contractus,
2104 630 2172 652 cum
2195 622 2247 652 illis
2268 623 2382 664 Paffis,

1311 661 1535 693 Conditionibus
1550 685 1561 701 ,
1579 662 1811 701 Obligationibus
1825 686 1834 701 ,
1850 662 2021 701 Juramentis
2069 660 2271 692 Securitatibus
2282 686 2292 700 ,
2309 663 2381 695 Poe-

1308 702 1373 768 nisl,
1391 699 1959 746 Summiffionibus,Renunciationibu8,
1976 702 2010 732 &
2026 684 2264 731 Promiffionibus
2281 702 2384 740 quibus

1311 749 1352 770 vo
1364 750 1473 778 ueritis,

1346 777 1385 809 Et
1402 777 1566 817 generaliter
1581 778 1682 809 omnia
1697 777 1748 808 alia
1763 779 1797 809 &
1809 778 1915 817 singula
1927 778 2020 809 facere
2034 779 2067 809 &
2084 777 2195 808 firmare
2210 774 2389 816 (cujuscumss

1311 826 1367 854 que
1381 825 1490 859 naturae
1505 816 1643 855 qualitatis
1658 818 1691 849 &
1706 818 1898 854 importantiae
1920 817 2025 847 fuerint
2046 825 2092 847 aut
2114 817 2171 847 esse
2191 818 2326 855 poterint)
2354 820 2385 851 in

1310 855 1453 893 praedictis
1476 857 1509 888 ὅ(
1533 857 1610 886 circa
1631 865 1679 893 ea,
1697 865 1761 895 quae
1785 855 1855 886 Nos
1876 855 1966 885 facere
1985 855 2130 893 possemus
2154 855 2173 885 si
2190 857 2218 885 in
2235 855 2386 888 Praemiffis

1310 894 1489 931 personaliter
1512 894 1690 932 adessemus,
1709 895 1797 925 etiam
1822 895 1842 925 sl
1868 895 1930 925 talia
1950 893 2003 925 sint
2028 904 2092 932 quae
2105 894 2141 925 ad
2160 904 2192 925 ea
2207 894 2387 927 conficienda

1312 932 1496 972 Praeceptum
1508 934 1619 972 exigant
1633 934 1721 971 magis
1732 933 1867 971 speciale,

1349 972 1518 1011 Damusque
1536 974 1620 1002 etiam
1635 973 1668 1003 &
1683 970 1884 1002 Concedimus
1900 971 1984 1002 vobis
1997 970 2076 1001 di&o
2089 970 2274 1003 Procuratori
2293 974 2327 1004 δε
2341 972 2388 1003 O-

1311 1013 1400 1042 ratori
1415 1011 1515 1042 nostro
1531 1012 1647 1049 plenum
1663 1010 1767 1048 Posse,
1785 1019 1816 1041 ut
1835 1009 1942 1048 poffitis
1961 1009 2059 1048 Jurare
2081 1011 2111 1040 in
2135 1011 2254 1042 Animas
2279 1011 2389 1042 nostras

1315 1051 1395 1089 quod
1415 1050 1598 1081 Tenebimus
1613 1072 1622 1088 ,
1642 1049 1872 1080 observabimus
1886 1071 1895 1086 ,
1914 1049 1947 1080 ὃς
1970 1048 2202 1087 Adimplebimus
2223 1051 2331 1081 realiter
2354 1052 2389 1082 ὅ(

1314 1100 1385 1120 cum
1400 1089 1507 1120 effetstu
1521 1089 1619 1119 omnia
1634 1090 1667 1120 &
1683 1088 1789 1126 lingula
1804 1098 1869 1125 quae
1883 1089 1912 1117 in
1929 1087 2070 1124 praediffis
2084 1088 2118 1119 &
2131 1089 2206 1119 circa
2221 1099 2253 1119 ea
2273 1089 2391 1120 Nomi-

1314 1138 1350 1158 ne
1376 1128 1474 1159 nostro
1497 1127 1710 1159 concordabitis
1719 1150 1728 1166 ,
1756 1126 1956 1165 capitulabitis,
1982 1126 2121 1164 jurabitis,
2147 1127 2312 1159 concedetis
2327 1153 2336 1166 ,
2356 1130 2390 1160 ὃς

1313 1166 1476 1205 firmabitis,
1494 1169 1577 1197 omni
1590 1165 1706 1204 fraude,
1721 1165 1848 1206 cautela,
1864 1167 1897 1197 &
1910 1164 1981 1195 dolo
1998 1164 2184 1203 cessantibus,

1354 1205 1522 1245 Poffitisque
1540 1206 1630 1236 simile
1641 1204 1841 1244 juramentum
1857 1204 1958 1235 Petere
1973 1204 2006 1235 δε
2017 1204 2157 1243 Accipere
2171 1204 2208 1235 ab
2221 1204 2328 1236 eodem
2341 1205 2393 1236 Se-

1316 1245 1462 1277 reniffimo
1482 1246 1565 1282 Rege
1585 1244 1695 1283 Angliae
1710 1243 1934 1283 Consanguineo
1952 1242 2072 1281 nostro,

1353 1283 1413 1315 Pro
1436 1285 1538 1323 quibus
1559 1286 1695 1314 omnibus
1714 1284 1748 1315 &
1769 1282 1881 1322 singulis
1899 1281 2064 1321 antedietis,
2081 1291 2151 1312 cum
2176 1280 2390 1322 Incidentibus‚

1315 1322 1572 1361 Dependentibus,
1591 1325 1625 1355 ὃς
1650 1322 1876 1359 Einergentibus
1897 1330 1932 1352 ex
1954 1320 2069 1354 eisdem,
2082 1331 2116 1352 ac
2137 1321 2177 1351 eis
2190 1322 2323 1359 annexis,
2341 1320 2391 1352 da—

1317 1372 1381 1392 mus
1409 1364 1442 1395 &
1464 1362 1654 1392 concedimus
1677 1361 1760 1391 vobis
1784 1361 1901 1399 plenum
1926 1358 2010 1391 Posse
2032 1369 2101 1390 curn
2117 1359 2201 1390 libera
2215 1361 2249 1392 &
2265 1360 2390 1396 generali

1317 1401 1587 1437 Administratione‚
1607 1399 1867 1437 Promittentesque
1882 1401 1912 1430 i'n
1930 1399 1997 1429 Fide
2012 1398 2155 1430 &Verbis
2170 1398 2271 1429 nostris
2278 1398 2392 1437 Regiis,

1316 1440 1435 1477 praefato
1450 1439 1635 1470 Sereniffimo
1651 1442 1718 1476 Regi
1735 1438 1865 1477 Angliae,
1884 1440 1917 1470 &
1931 1437 2000 1468 Nos
2017 1437 2187 1477 Obligamus
2200 1437 2269 1468 Nos
2290 1438 2392 1468 Tene-

1316 1489 1347 1508 re
1363 1480 1396 1511 &
1412 1479 1578 1516 Adimplcre
1593 1477 1700 1508 realiter
1717 1478 1750 1509 ὃς
1765 1487 1833 1508 cum
1851 1477 1960 1508 effectu
1975 1477 2075 1507 omnia
2092 1477 2126 1508 ὃ(
2153 1476 2256 1516 fingula
2272 1486 2337 1514 quae
2360 1477 2390 1507 in

1315 1518 1458 1554 praedic'ih
1472 1519 1506 1550 ὃς
1521 1519 1595 1548 circa
1611 1527 1660 1554 ea,
1680 1515 1813 1547 Nomine
1827 1517 1947 1555 nostro,
1966 1526 2016 1553 per
2031 1525 2102 1553 vos,
2120 1515 2232 1546 distum
2249 1514 2390 1546 Procura-

1316 1565 1410 1587 torem
1420 1558 1459 1599 ,δε
1475 1556 1630 1587 Oratorem
1642 1554 1793 1594 nostrum,
1809 1555 1912 1586 fuerint
1937 1556 2024 1592 facia,
2043 1553 2236 1593 concordata,
2255 1554 2392 1592 capitula-

1314 1603 1360 1632 ta,
1378 1595 1549 1633 assecurata,
1566 1597 1599 1627 &
1616 1593 1770 1632 promiil'a,
1785 1596 1872 1632 jurata
1888 1596 1922 1626 δ(
1934 1593 2044 1625 firmata
2065 1594 2105 1623 eis
2123 1592 2215 1623 modo
2236 1594 2270 1625 δε
2294 1592 2390 1624 forma

1316 1635 1418 1678 quibus
1431 1644 1482 1664 vos
1495 1644 1527 1664 ea
1548 1632 1779 1672 concordabitis,
1795 1633 1813 1653 *⁸
1832 1633 2032 1671 capitulabitis,
2049 1631 2251 1670 assecurabitis,
2267 1633 2390 1670 promit-

1315 1681 1397 1711 tetis,
1412 1674 1581 1710 jurabitis&
1597 1671 1760 1708 firmabitis,
1778 1673 1811 1704 ὃς
1832 1672 1910 1702 nullo
1936 1680 2061 1709 unquam
2083 1679 2214 1708 tempore
2237 1670 2389 1703 Revocare

1315 1721 1369 1741 nec
1383 1721 1482 1742 contra
1498 1721 1529 1742 ea
1541 1720 1588 1742 aut
1604 1719 1704 1740 eorum
1719 1710 1836 1747 aliquod
1850 1710 1944 1740 facere
1959 1710 2005 1740 vel
2022 1710 2121 1741 venire
2140 1710 2236 1747 aliquo
2257 1717 2391 1748 tempore

1316 1761 1371 1781 nec
1385 1750 1475 1780 modo
1488 1751 1601 1787 aliquo,
1620 1749 1672 1790 sub
1687 1748 1872 1786 Obligatione
1893 1749 2028 1779 omnium
2053 1747 2202 1779 Bonorum
2224 1747 2392 1780 nostrorum

1318 1789 1568 1820 Patrimonialium
1585 1790 1617 1820 &
1634 1786 1779 1817 fiicalium.

1356 1828 1390 1858 In
1403 1837 1528 1866 quorum
1542 1826 1760 1857 Testimonium
1776 1824 1947 1855 Praesentem
1964 1824 2023 1855 fieri
2033 1823 2172 1864 Juffimus
2188 1823 2328 1856 Manibus
2337 1835 2393 1856 no-

1319 1866 1378 1898 stris
1392 1867 1526 1906 signatam
1549 1865 1708 1903 sigilloque
1720 1863 1821 1894 nostro
1836 1864 1988 1904 sigillatam.

1355 1944 1425 1975 Dat.
1443 1946 1472 1974 in
1489 1947 1614 1974 Civitate
1632 1942 1765 1981 Dertuse,
1786 1941 1845 1973 Die
1858 1941 2022 1973 Tricefimo
2036 1939 2148 1971 Mensis
2164 1939 2308 1980 januarii,
2327 1941 2393 1973 An-

1317 1983 1560 2054 nmooaSNtagvitate
1574 1982 1701 2013 Domini
1711 1979 1887 2020 Millesimo,
1906 1979 2213 2019 Quadringentesimo,
2229 1979 2392 2019 Nonagesi-

1402 2032 1436 2054 ex
1471 2047 1477 2053 .

1355 2100 1417 2140 Qii
1435 2099 1551 2139 quidem
1566 2098 1786 2136 Commiffiirii,
1801 2098 1902 2137 vigore
1917 2097 1951 2129 &
1964 2097 2070 2128 virtute
2082 2096 2193 2127 suarum
2201 2094 2394 2128 Commiffio-

1317 2149 1388 2170 num
1398 2162 1408 2178 ,
1427 2140 1523 2177 saepius
1537 2139 1615 2176 super
1631 2138 1768 2177 praedicto
1786 2137 1978 2167 Matrimonio
1989 2135 2249 2167 Communicantes
2264 2137 2298 2168 &
2308 2135 2396 2166 Con·

1317 2178 1454 2216 ferentes,
1473 2178 1588 2209 tandem
1603 2179 1633 2208 in
1652 2178 1704 2208 hos
1717 2177 1864 2215 sequentes
1880 2175 2026 2206 Articulos
2039 2183 2241 2206 convenerunt
2264 2176 2298 2207 &
2320 2184 2398 2212 con-<

1318 2218 1477 2256 cluserunt,
1494 2217 1644 2254 videlicet,

1358 2255 1405 2287 Ut
1420 2256 1644 2287 Matrimonium
1662 2256 1734 2286 inter
1748 2252 1968 2284 Illustriffimum
1984 2254 2135 2291 Principem
2149 2251 2309 2282 Arthurum
2327 2254 2396 2283 mei

1321 2297 1425 2326 morati
1448 2295 1573 2326 Domini
1593 2297 1672 2332 Regis
1694 2291 1807 2330 Angliae
1830 2292 1928 2322 Filium
1957 2293 2168 2329 Primogenitum
2196 2290 2397 2322 PRINCIPEM

1321 2334 1446 2373 Walliae,
1465 2334 1592 2365 DncEM
1612 2333 1770 2370 cornubiae,
1789 2330 1963 2362 CoianEM
1985 2330 2110 2371 cestriae,
2128 2328 2189 2366 &a
2206 2339 2292 2368 atque
2315 2329 2397 2361 Sere-

1321 2373 1463 2404 niffimam
1488 2373 1651 2410 Principem
1672 2375 1821 2402 Dominam
1842 2369 2020 2401 Catherinam
2042 2369 2227 2407 praefatorum
2251 2371 2330 2407 Regis
2351 2366 2392 2403 ό·

1319 2415 1428 2450 Reginae
1444 2411 1567 2452 Castellae
1577 2435 1587 2450 ,
1602 2414 1744 2449 Legionis,
1765 2413 1943 2448 Aragonum,
1961 2407 2022 2443 &a
2036 2407 2136 2438 Filiam
2155 2408 2317 2449 Qartam,
2332 2406 2394 2438 Dei

1319 2452 1408 2488 grati-51
1422 2453 1456 2484 &
1470 2452 1627 2490 adjutorio,
1645 2449 1858 2486 Contrahetur,
1877 2449 1988 2487 riteque
1999 2446 2220 2485 Celebrabitur,
2234 2456 2267 2477 ac
2281 2445 2391 2477 infacie

1320 2490 1456 2521 Ecclesiae
1473 2491 1611 2529 legittime
1627 2488 1884 2526 Solemnizabitur,

1356 2529 1489 2560 Necnon
1511 2527 1591 2567 quod
1615 2528 1680 2558 Dos
1703 2529 1737 2560 &
1756 2527 1936 2557 Donationes
1958 2533 2074 2563 propter
2098 2522 2225 2561 Nuptias
2238 2522 2395 2554 statuentur

1319 2568 1526 2606 praestabuntur
1547 2576 1632 2605 atque
1651 2567 1844 2605 persolventur
1858 2587 1869 2603 ,
1893 2572 1979 2602 prout
2003 2565 2033 2594 in
2055 2563 2235 2602 sequentibus
2257 2562 2396 2593 Articulis

1320 2607 1430 2647 plenius
1444 2607 1616 2637 continetur.

1357 2645 1471 2683 ITEM,
1486 2646 1558 2675 inter
1581 2644 1716 2674 Oratores
1738 2642 1922 2673 Memoratos
1948 2640 2143 2672 Conventum
2167 2640 2201 2672 &
2221 2638 2395 2670 Concorda-

1320 2693 1382 2715 tum
1402 2685 1436 2716 &
1457 2682 1637 2714 Conclusum
1659 2681 1703 2712 est
1726 2681 1805 2719 quod
1828 2680 1960 2718 praefatus
1982 2679 2132 2710 Dominus
2148 2682 2209 2709 Rex
2225 2677 2340 2716 Angliae
2355 2676 2396 2714 &-

1320 2726 1458 2757 Franciae,
1476 2721 1536 2757 &c.
1556 2731 1608 2759 pro
1625 2721 1774 2759 praelibato
1797 2720 1934 2750 Domino
1956 2720 2079 2757 Principe
2098 2716 2229 2747 Arthuro
2250 2717 2325 2747 Filio
2345 2717 2398 2748 suo

1321 2761 1537 2800 Primogenito,
1554 2761 1588 2791 &
1603 2759 1759 2797 praedilecti
1776 2758 1900 2789 Domini
1914 2760 1975 2787 Rex
1996 2756 2034 2792 ἀι
2056 2760 2161 2793 Regina
2178 2754 2320 2796 Castellae,
2340 2758 2401 2786 Le-

1318 2803 1423 2837 gionis,
1444 2802 1625 2836 Aragonum,
1644 2796 1704 2832 &a
1728 2807 1781 2834 pro
1805 2796 1920 2835 praefata
1943 2799 2065 2826 Domina
2088 2794 2239 2826 catherina
2258 2795 2328 2826 Filia
2353 2794 2401 2825 sua

1325 2839 1451 2876 Quarta,
1468 2838 1662 2878 procurabunt
1675 2845 1853 2874 omnemque
1876 2835 2055 2872 diligentiam
2075 2844 2162 2873 opem
2177 2843 2261 2873 atque
2280 2841 2400 2872 operam

1324 2877 1478 2908 efficaciter
1493 2876 1666 2916 praestabunt
1681 2885 1734 2913 pro
1760 2873 1925 2912 viribusque
1947 2872 2093 2911 efficient,
2110 2882 2144 2904 ac
2164 2882 2264 2903 eorum
2279 2872 2400 2910 quilibet

1324 2916 1488 2954 procurabit
1506 2925 1558 2952 pro
1573 2915 1735 2952 viribusque
1749 2913 1888 2944 laborabit
1908 2914 1942 2945 &
1963 2912 2089 2950 efficiet,
2109 2920 2140 2941 ut
2163 2910 2232 2941 dieti
2253 2909 2401 2948 Principes

1326 2954 1471 2985 Arthurus
1486 2955 1519 2986 δε
1535 2952 1702 2991 catherina,
1719 2953 1789 2983 cum
1812 2951 1891 2982 idem
1913 2951 2062 2981 Dominus
2083 2948 2230 2981 Arthurus·
2248 2948 2401 2988 Qatuor-

1325 2994 1421 3024 decim
1437 2993 1537 3024 Annos
1555 2993 1764 3030 compleverit,
1783 3000 1833 3029 per
1851 2990 1962 3028 Seipsos
1983 2989 2028 3022 vel
2071 2998 2100 3018 er
2123 2987 2328 3018 Procuratores
2351 2987 2399 3019 seu

1325 3033 1464 3063 Nuncios
1482 3031 1609 3068 speciales
1625 3030 1659 3060 ad
1682 3030 1741 3062 hoc
1762 3030 1912 3067 deputatos
1934 3030 1968 3061 &
1990 3038 2048 3059 con
2076 3028 2180 3064 itutos,
2196 3035 2265 3057 cum
2282 3025 2341 3057 Dei
2363 3027 2401 3059 &

1325 3071 1463 3102 Ecclesiae
1482 3070 1703 3108 Benedii’tione,
1722 3078 1771 3109 per
1795 3068 1890 3099 Verba
1914 3067 1951 3097 de
1977 3065 2104 3106 praesenti
2119 3086 2130 3102 ‚
2145 3065 2272 3096 invicem
2294 3064 2402 3096 Matri-

1326 3111 1460 3141 monium
1479 3108 1672 3146 contrahent,
1701 3116 1787 3146 atque
1805 3105 1966 3145 hujusmodi
1991 3104 2215 3136 Matrimonium
2236 3104 2399 3135 secundum

1328 3148 1447 3179 Morem
1465 3149 1499 3179 &
1513 3146 1756 3178 Consuetudinem
1777 3145 1970 3177 Sacrosaane
1993 3143 2138 3173 Romanae
2153 3142 2290 3174 Ecclefiae
2312 3142 2401 3173 Celee-

1327 3189 1399 3218 brari
1418 3188 1541 3225 facient,
1559 3187 1592 3217 &
1607 3185 1686 3223 quod
1702 3184 1801 3223 postea
1821 3183 2046 3215 Matrimonium
2066 3181 2230 3220 hujusmodi
2252 3181 2402 3212 Consum-

1327 3228 1450 3257 mabitur
1465 3225 1543 3256 ficuu
1565 3226 1637 3255 inter
1659 3234 1742 3255 veros
1762 3225 1796 3255 δε
1818 3222 1972 3261 legittimos
1993 3220 2099 3251 Virum
2124 3222 2159 3253 &
2179 3220 2316 3252 Uxorem
2337 3219 2401 3250 fieri

1326 3266 1445 3334 debeaitI,
1463 3264 1545 3332 ongui
1560 3263 1647 3301 dolo,
1663 3263 1857 3299 simulatione,
1875 3260 2069 3299 cavillatione,
2089 3259 2123 3291 &
2136 3259 2235 3291 fraude
2245 3260 2276 3290 in
2289 3268 2322 3290 ea
2335 3268 2400 3298 par-

1328 3312 1357 3334 te
1378 3313 1412 3334 ce
1437 3312 1495 3334 anti
1518 3312 1557 3332 us.

1365 3342 1475 3380 ITEM,
1494 3339 1704 3379 Conventum,
1722 3338 1962 3375 Concordatum,
1979 3338 2013 3370 &
2030 3336 2210 3368 Conclusum
2231 3336 2274 3367 est
2296 3335 2398 3375 quod,

1329 3380 1351 3410 fi
1372 3390 1489 3419 propter
1511 3380 1616 3417 aliquas
1640 3388 1770 3418 urgentes
1792 3377 1896 3408 Causas
1923 3377 2054 3416 Regibus
2075 3375 2223 3407 antedietis
2245 3376 2280 3407 &
2296 3384 2400 3406 eorum

1330 3421 1447 3450 cuilibet
1459 3418 1551 3450 visum
1565 3418 1648 3448 fuerit
1665 3418 1723 3448 hoc
1732 3416 1955 3448 Matrimonium
1970 3424 2021 3453 per
2035 3415 2122 3446 verba
2137 3414 2173 3445 de
2188 3414 2316 3452 praesenti
2328 3415 2403 3445 inter

1330 3467 1437 3489 eorum
1457 3457 1580 3487 Liberos
1603 3456 1754 3493 praedictos
1775 3455 1922 3486 celebrari
1944 3453 2050 3484 debere
2077 3454 2226 3492 quamcito
2247 3452 2403 3493 praediCtus

1330 3496 1476 3527 Arthurus
1490 3495 1710 3525 Duodecimum
1725 3494 1846 3525 Annum
1862 3492 2068 3532 compleverit,
2083 3500 2154 3523 tunc
2167 3491 2404 3531 praediCtiRegee

1331 3545 1433 3566 eorum
1448 3534 1579 3564 Parentes
1591 3543 1711 3563 omnem
1722 3542 1810 3570 opem
1826 3541 1926 3562 curam
1945 3533 1979 3563 &
1995 3531 2170 3571 diligentiam
2184 3530 2404 3569 praestabunt&

1332 3573 1500 3613 impendent
1521 3583 1554 3603 ac
1581 3572 1699 3613 quilibet
1718 3580 1819 3601 eorum
1844 3569 1986 3608 praestabit
2011 3571 2046 3603 &
2068 3570 2214 3611 impendet
2237 3569 2318 3608 quod
2343 3566 2405 3599 talis

1332 3612 1511 3651 Dispensatio
1523 3622 1539 3641 a
1551 3611 1675 3642 Summo
1689 3608 1831 3640 Pontifice
1843 3611 2027 3648 impetretur,
2047 3609 2104 3648 qua.
2124 3607 2273 3647 impetrata
2292 3609 2326 3639 &
2345 3615 2404 3643 op-

1329 3653 1408 3684 tenta
1424 3650 1553 3689 praedieti
1567 3658 1668 3680 eorum
1683 3648 1816 3680 Parentes
1828 3657 1948 3678 omnem
1963 3657 2082 3686 operam
2104 3657 2204 3679 curam
2227 3648 2262 3679 &
2281 3645 2401 3684 diligen-

1332 3693 1400 3722 tiam
1413 3699 1467 3728 pro
1482 3690 1588 3720 viribus
1604 3687 1777 3726 praestabunt
1793 3688 1826 3720 &
1839 3686 1981 3725 efficient,
2000 3688 2034 3719 δε
2049 3686 2168 3726 quilibet
2181 3694 2281 3716 eorum
2294 3693 2348 3721 pro
2354 3683 2400 3714 vi-

1329 3731 1404 3761 ribus
1419 3727 1562 3766 praestabit
1576 3729 1610 3759 &
1629 3726 1733 3757 efficiet
1743 3749 1752 3764 ,
1768 3735 1798 3757 ut
1814 3725 2036 3757 Matrimonium
2052 3736 2101 3764 per
2112 3724 2209 3756 Verba
2221 3722 2258 3753 de
2271 3722 2402 3760 praesenti

1328 3770 1400 3799 inter
1415 3766 1564 3804 praedictos
1580 3766 1700 3796 Liberos
1717 3764 1907 3796 Contrahatur
1922 3765 1956 3796 &
1969 3764 2154 3801 Celebretur,
2171 3771 2235 3801 quae
2249 3761 2351 3792 omnia
2362 3760 2399 3792 ad

1329 3807 1498 3846 praedictum
1524 3804 1748 3835 Matrimonium
1768 3804 1966 3842 Dependentia
1978 3827 1989 3843 ,
2014 3802 2110 3842 quoad
2127 3809 2228 3832 eorum
2247 3799 2400 3838 Parentes,

1330 3844 1451 3884 proinde
1465 3844 1573 3875 valeant
1590 3844 1624 3875 &
1637 3844 1794 3874 habeantur
1807 3852 1841 3873 ac
1855 3842 1876 3873 fi
1889 3842 2041 3882 praedictus
2054 3839 2200 3872 Arthms
2214 3839 2245 3868 in
2253 3838 2344 3869 Anno
2350 3839 2404 3874 xiv,

1331 3884 1501 3916 constitutus
1513 3881 1701 3913 contraxisset.

1369 3922 1477 3959 ITEM,
1497 3919 1704 3959 Conventum,
1723 3919 1966 3958 Concordaeum,
1988 3919 2023 3951 &
2038 3915 2218 3948 conclusum
2240 3915 2283 3947 est
2302 3914 2405 3956 quod‚'

1330 3961 1542 4001 quamprimum
1568 3960 1717 3998 praediecus
1744 3958 1942 3989 Illustriffimus
1966 3959 2076 3987 Princes
2100 3954 2247 3985 Arthurur
2282 3963 2403 3993 perege-

1330 4003 1365 4031 rit
1385 3999 1675 4037 Quarturndecimum
1693 3998 1749 4028 suae
1769 3996 1874 4028 AEtatis
1893 3996 2013 4027 Annum
2033 3993 2080 4024 vel
2100 3992 2323 4025 Duodecimum
2335 3992 2399 4022 An-

1332 4049 1403 4071 num
1414 4062 1424 4077 ‚
1451 4038 1471 4068 si
1488 4047 1557 4068 tunc
1573 4060 1582 4074 ‚
1600 4046 1631 4068 ut
1649 4037 1832 4074 praemittitur
1846 4058 1856 4074 ,
1881 4044 1916 4066 ex
1936 4031 2153 4077 Dispensatione
2169 4041 2287 4070 optenta
2304 4030 2396 4062 visum

1330 4078 1414 4111 fuerit
1442 4086 1544 4108 eorum
1569 4076 1735 4108 Parentibus
1759 4072 1988 4106 Matrimonium
2011 4079 2086 4103 mter
2111 4071 2266 4112 praedietos
2293 4075 2396 4136 corifi!

2409 1653 2425 1670 ⁴*
2447 1654 2518 1692 XII,

2412 1693 2478 1730 ⁶⁶3·
