2555 4266
35 2590 54 2609 ²¹²
74 2592 142 2620 XII.

753 217 862 260 ET
946 216 1214 258 ACTA

34 312 111 343 Ann.
124 310 164 341 D.
176 312 230 342 vma
248 309 386 347 perpetuo
405 307 549 338 habituros
567 308 666 338 omnia
685 307 719 338 &
738 304 842 344 singula
858 329 868 344 ,
887 315 952 343 quae
970 314 1019 342 per
1037 301 1246 348 distos‘Magi-

63 350 149 389 1478.
185 349 257 379 stros
274 346 404 376 rhomam
425 347 456 376 de
472 345 564 375 Plana
584 347 616 377 &
635 345 749 385 Justum
766 344 916 375 Baldinam
931 366 940 381 ,
956 341 1178 385 Comrmssjarms
1195 349 1250 383 no-

34 392 101 417 Edv.
120 400 148 424 4.
186 387 257 418 stros
270 408 281 423 ,
302 386 332 414 in
350 385 444 416 forma
463 385 619 423 praemissa,
635 386 727 422 Aeta,
743 383 851 420 Gesta,
869 382 914 412 seu
934 380 1078 411 Conclusa
1094 384 1197 410 tuerint
1214 387 1244 406 m

185 427 239 456 hac
258 431 334 461 parte
350 446 360 461 ,
379 424 541 462 nostrasque
563 424 669 455 Literas
688 421 894 454 Ratificatorias
911 420 945 450 &
963 418 1199 449 Confirmatorias
1218 425 1249 445 in

186 464 279 494 forma
294 461 389 494 debita
407 464 440 494 δε
458 465 600 494 autentica
616 463 733 499 desuper
752 460 873 491 daturos
927 496 932 501 .
1001 495 1005 500 ¹

222 501 255 532 In
275 501 353 538 cujus
373 502 431 533 Rei
446 501 661 532 Testimonium
682 501 730 531 has
750 500 858 529 Literas
875 495 934 526 fien
952 494 1072 538 fecimus
1092 492 1223 524 Patent&
1239 514 1250 530 ,

186 541 220 571 &
240 540 338 578 Sigillo
356 541 474 580 nostro,
493 551 553 579 quo
569 542 598 570 in
617 540 715 570 talibus
735 539 858 574 utimur,
874 543 1060 565 communlrl.

222 617 335 648 Datum
358 619 391 649 &
417 617 526 648 Actum
555 617 584 646 in
609 613 709 653 Castris
735 612 830 651 nostris
847 612 922 650 apud
936 614 1050 642 Pontem
1069 608 1250 652 lsls'endinum‚

187 655 277 686 Anno
293 656 415 687 Domini
432 655 605 692 Millesirno,
623 651 929 691 Quadringentefimo,
946 651 1159 689 Septuagellmo
1172 648 1253 678 oeta-

188 705 246 734 vo,
264 694 366 727 Mense
380 694 448 735 Julii
467 694 526 725 Die
543 690 649 732 quarta.

227 771 276 803 IN
335 780 388 801 υΑ
413 773 488 809 QU‘I
498 779 520 799 D
530 778 547 798 E
558 776 586 798 Μ
613 767 644 797 D
654 776 665 797 1
678 776 696 797 Ε
709 775 732 797 τ
742 777 762 798 Α
788 766 858 797 Nos
872 789 882 805 ,
907 767 1030 805 ejusdem
1044 766 1169 797 Domini
1190 765 1253 796 Re-

189 812 234 848 gis
257 811 291 842 &
348 810 512 840 ominorum
532 806 703 844 Principum
722 806 927 845 praedi6torum
948 805 1090 836 Mandatis
1107 805 1252 836 humiliter

188 850 416 886 obtemperantes
428 870 437 884 ,
466 844 532 884 post
549 846 643 876 varios
661 845 811 875 Tradiatus
830 845 864 875 &
882 844 1055 876 simultaneas
1073 843 1252 875 Communi-

189 889 313 918 cationes
337 885 416 923 super
440 883 593 914 Praemiffis
613 885 685 914 inter
704 883 772 914 Nos
788 883 879 914 factos
896 884 929 914 ὃς
956 883 1066 914 habitos
1082 905 1091 921 ,
1116 883 1252 913 nonnulla

190 924 322 963 Capitula
340 924 397 954 five
415 923 575 960 Articulos,
601 932 655 960 pro
675 921 838 952 Communi
857 921 941 952 Bono
957 923 990 952 &
1009 922 1140 953 Utilitate
1158 921 1249 952 dicto-

189 973 253 994 rum
269 962 365 1000 Regni
380 985 391 1001 ,
416 960 550 993 Ducatfis
567 983 577 999 ,
602 960 804 991 Comitatuum
821 984 830 999 ,
849 960 987 991 Villarum
1004 984 1014 999 ,
1032 961 1199 997 Locorum,
1218 961 1252 990 &

189 1000 377 1032 Subditorum
391 1023 401 1039 ,
423 1001 484 1031 tam
501 1000 569 1030 dieti
588 1003 700 1029 Domini
717 1003 795 1037 Regis
810 1023 819 1037 ,
845 1000 931 1038 quam
950 1002 1128 1029 Dominarum
1149 1002 1254 1029 Princi-

182 1048 248 1078 pum
272 1039 478 1077 praedidwrum
496 1063 505 1076 ,
532 1038 611 1077 super
638 1038 719 1075 ipsius
742 1038 900 1069 Intercursu
925 1048 958 1068 ac
977 1038 1255 1069 Communicatione

186 1077 362 1108 Mercantiae
388 1087 422 1109 ac
450 1077 610 1108 Piscatione
634 1077 713 1114 super
732 1076 836 1114 Mare,
866 1086 982 1107 necnon
1002 1077 1201 1115 Qerimoniis
1220 1079 1253 1109 &

187 1115 410 1147 Gravaminibus
427 1116 614 1147 Subditorum
631 1117 780 1146 ambarum
800 1114 926 1145 Partium
946 1115 1146 1153 praedretarum
1163 1139 1172 1153 ,
1191 1116 1254 1154 Ap-

187 1154 423 1193 punctuavimus,
442 1155 590 1192 fecimus,
607 1155 641 1186 &
658 1154 861 1184 Conclufimus
910 1153 1004 1190 ficque
1014 1177 1024 1192 ,
1043 1153 1162 1184 Tenore
1176 1154 1254 1185 Prae-

186 1193 306 1225 sentium
322 1216 332 1231 ,
358 1194 595 1232 Appun&uamus
607 1215 617 1230 ,
642 1192 794 1230 Facimus,
810 1192 843 1223 &
864 1176 1078 1223 Concludimus
1096 1192 1147 1223 sub
1163 1193 1254 1225 modo

188 1234 222 1263 ὃς
242 1232 336 1263 forma
354 1232 551 1271 sequentibus,

224 1308 257 1338 H
265 1318 296 1339 AE
304 1319 321 1339 c
347 1318 360 1339 s
368 1317 392 1338 u
402 1317 425 1339 N
435 1317 459 1339 ’r
486 1308 541 1338 CA
551 1316 568 1337 Ρ
577 1317 589 1337 1
600 1316 624 1337 τ
637 1315 659 1337 υ
669 1315 689 1336 r..
699 1316 719 1336 A
728 1329 737 1345 ,
752 1306 832 1344 super
851 1306 1008 1338 Intercursu
1029 1307 1203 1339 Mercantiae
1220 1310 1254 1340 ὃς

186 1346 347 1378 Piscatione
372 1348 452 1385 super
472 1347 574 1384 Mari,
603 1347 636 1376 δε
656 1346 914 1384 Qerimoniarum
938 1347 1004 1376 inde
1031 1346 1254 1385 dependentium

187 1385 372 1416 Discuffione
383 1409 392 1424 ,
407 1385 579 1416 concordata
595 1385 628 1415 ὃς
648 1383 797 1421 conclusa;

226 1424 271 1455 ΙΝ
284 1434 302 1454 Ρ
312 1434 336 1454 R
349 1434 360 1454 1
371 1433 398 1455 M
409 1434 420 1454 1
431 1433 442 1454 s
489 1422 709 1454 Concordatum
730 1422 772 1453 est
789 1422 870 1460 quod
883 1447 892 1460 ,
919 1423 955 1452 ab
974 1422 1073 1454 Hodie
1092 1425 1120 1453 in
1141 1424 1254 1462 Sempi-

186 1470 317 1500 ternum,
335 1472 436 1493 omnes
456 1447 650 1498 Mercatores,
666 1461 724 1490 tam
743 1460 841 1497 Regni
861 1461 988 1500 Angliae,
1012 1463 1098 1499 quam
1117 1461 1254 1493 Dominii

185 1501 337 1531 Hiberniae
355 1524 365 1538 ,
389 1501 474 1531 Villae
493 1501 526 1531 ὅτ
547 1500 744 1530 Marchiarum
762 1498 898 1536 Calefiae,
924 1500 1012 1537 quam
1032 1501 1118 1531 etiam
1136 1500 1254 1532 Merca-

185 1548 260 1570 tores
280 1542 439 1569 Patriarum
459 1539 622 1568 Brabantiae
638 1561 648 1575 ,
676 1537 813 1567 Flandriae
827 1562 837 1575 ,
861 1538 1048 1576 Hannoniae,
1069 1538 1254 1579 Hollandiae,

187 1577 353 1608 Zeelandiae
371 1599 381 1615 ,
407 1576 492 1607 Villae
509 1577 543 1607 &
563 1577 592 1606 Τ
593 1586 662 1606 errae
684 1575 853 1606 Mechliniae
869 1601 877 1613 ,
901 1578 935 1607 &
960 1577 1078 1607 aliarum
1097 1578 1252 1610 Patriarum

185 1617 220 1646 &
238 1615 445 1646 Dominiorum
464 1618 640 1644 Dominarum
658 1618 763 1643 Ducum
783 1614 1004 1653 predictorum,
1023 1617 1081 1646 tam
1102 1616 1254 1648 Mercato-

184 1664 228 1684 res
249 1654 408 1692 Lanarum,
427 1653 602 1690 Curiorum,
624 1652 797 1683 vietualium
809 1677 818 1691 ,
833 1654 922 1690 quam
941 1654 1056 1685 aliarum
1076 1654 1252 1687 Mercantia-

185 1703 251 1722 rum
276 1702 521 1730 quarumcumque
536 1716 546 1729 ,
572 1701 686 1722 necnon
703 1701 804 1721 eorum
825 1692 959 1722 Factores
975 1715 985 1731 ,
1012 1693 1190 1732 Familiares,
1219 1696 1253 1726 &

183 1730 311 1761 Ministri
325 1754 334 1770 ,
359 1739 493 1769 poterunt
515 1730 651 1768 deinceps
670 1731 708 1760 ire
726 1730 823 1760 secure
842 1741 892 1768 per
908 1732 1030 1761 Terram
1049 1755 1058 1769 ,
1083 1733 1223 1769 pedestres
1241 1757 1251 1772 ,

183 1769 346 1808 equestres,
364 1777 411 1800 aut
430 1779 605 1808 quocunque
625 1769 680 1798 alio
701 1769 792 1799 modo
809 1791 818 1805 ,
836 1779 906 1799 cum
926 1770 1010 1800 Bonis
1029 1771 1062 1800 &
1084 1770 1254 1803 Mercantiis

182 1807 251 1847 suis,
268 1809 454 1847 invicemque
471 1807 697 1838 communicare
721 1809 755 1840 &
781 1807 907 1839 Mercari
923 1831 934 1847 ,
964 1809 1050 1847 quarn
1065 1809 1123 1840 aliis
1140 1811 1255 1849 quibus-

184 1856 255 1878 cum
279 1857 314 1877 ue

219 1857 335 1924 Ipsiqu}
357 1884 476 1916 Ducere
495 1886 529 1918 &
553 1883 707 1916 Reducere
719 1907 730 1923 ,
755 1884 813 1916 five
830 1883 911 1916 Daci
926 1887 960 1917 ὃς
977 1886 1091 1917 Reduci
1108 1887 1202 1918 facere
1217 1888 1253 1919 ad

182 1933 284 1955 eorum
306 1924 420 1955 libitum
441 1925 475 1956 δε
496 1923 693 1961 voluntatem,
717 1923 754 1953 de
777 1923 885 1954 Calefia
907 1925 936 1954 in
953 1924 1149 1964 Brabantiam,
1170 1926 1254 1956 Flan-

183 1961 292 2001 driam,
310 1962 496 1993 Harmoniam
513 1985 523 2001 ‚
549 1962 751 2000 Hollandiam,
767 1962 970 2001 Zeelandiam,
990 1964 1200 2003 Mechliniam,
1218 1966 1252 1996 δι’.

182 2001 237 2032 alia
254 2001 393 2032 Dominia
410 2004 589 2032 Dominarum
608 2004 715 2031 Ducum
736 2001 940 2039 praedictorum
958 2025 968 2039 ,
993 2003 1027 2033 &
1041 2002 1078 2033 de
1093 2003 1255 2043 Brabantia,

183 2040 310 2070 Flandria
326 2063 336 2078 ,
357 2039 510 2071 Harmonia
525 2063 535 2079 ,
557 2039 729 2079 Hollandia,
746 2039 927 2080 Zeellandia,
945 2040 1105 2073 Mechlinia
1119 2065 1130 2081 ‚
1148 2043 1182 2074 &
1199 2043 1256 2074 aliis

183 2078 333 2110 Dominiis
351 2079 475 2117 praeFatis
491 2078 520 2108 in
537 2077 678 2109 Calcfiam
690 2103 699 2115 ,

220 2117 374 2156 Qodque
389 2117 567 2148 Mercatores
582 2118 663 2148 unius
680 2117 786 2156 Partis,
804 2127 905 2148 eorum
927 2118 1058 2150 Factores
1071 2119 1105 2151 ὃς
1121 2119 1254 2151 Familia-

182 2167 242 2195 res,
261 2159 294 2189 &
308 2157 433 2195 ipsorum
447 2156 565 2194 quilibet
582 2157 630 2194 qui
647 2157 736 2195 magis
752 2156 925 2196 indiguerit,
949 2166 1085 2195 poterunt
1102 2168 1117 2188 a
1135 2159 1253 2190 Merca-

183 2197 293 2226 toribus
305 2196 413 2226 alterius
426 2194 514 2225 Partis
532 2194 673 2226 Vidiualia
687 2196 774 2226 libere
793 2194 916 2234 Emere,
934 2196 1047 2234 ipsaque
1064 2207 1114 2235 per
1130 2197 1255 2229 Terram

181 2234 300 2265 Ducere
315 2234 471 2272 (videlicet)
492 2233 532 2264 illi
557 2233 594 2264 de
615 2234 716 2274 Anglia
728 2257 737 2272 ,
771 2234 908 2265 Hibernia
924 2257 934 2272 ,
953 2236 986 2266 ὃς
1001 2234 1126 2273 Calena,
1142 2237 1172 2266 in
1188 2237 1252 2268 Bra-

183 2273 308 2304 bantIam
319 2297 328 2311 ,
355 2273 514 2303 Flandriam
525 2296 534 2311 ,
561 2272 748 2304 Harmoniam
759 2298 768 2311 ,
793 2273 978 2304 Hollandiam
995 2297 1004 2312 ,
1031 2274 1225 2306 Zeellandiam
1243 2300 1253 2315 ,

184 2310 392 2350 Mechliniam‚
411 2312 444 2342 &
468 2311 518 2340 alia
541 2310 682 2344 Dominia
704 2314 881 2342 Dominarum
905 2315 1011 2342 Ducum
1030 2313 1254 2353 praedistorum,

182 2350 232 2388 &,
252 2361 268 2380 e
281 2360 398 2388 contra,
416 2349 458 2379 illi
471 2350 503 2379 de
520 2350 697 2388 Brabantia,
717 2351 861 2390 Flandria,
881 2351 1037 2382 Harmonia
1054 2375 1063 2390 ,
1079 2353 1252 2392 Hollandia,

183 2388 351 2420 Zeellandia
368 2411 378 2427 ,
404 2388 565 2419 Mechlinia
580 2412 589 2427 ,
619 2391 653 2420 &
675 2390 733 2420 aliis
753 2390 849 2420 Patriis
865 2390 898 2421 ὃς
915 2389 1060 2420 Dominiis
1074 2394 1253 2422 Dominarum

182 2430 289 2457 Ducum
302 2427 507 2466 praedietorum
523 2429 559 2458 ab
576 2428 637 2466 ἱρῆς
653 2429 751 2459 Patriis
767 2429 800 2458 &
818 2428 964 2458 Dominiis
979 2432 1009 2458 in
1020 2429 1174 2468 Angliam,
1193 2430 1251 2460 Hi—

183 2465 330 2504 berffiam,
345 2467 379 2497 &
394 2465 532 2497 Calefiam
543 2489 552 2503 ,
570 2467 628 2496 fine
641 2468 737 2505 aliquo
752 2466 967 2505 Impedimento
981 2477 1030 2497 aut
1046 2467 1249 2500 prohibitione

179 2513 361 2543 quacumque
374 2506 402 2534 in
417 2506 610 2543 contrarium,
620 2505 722 2542 absque
737 2516 773 2535 eo
790 2505 870 2543 quod
887 2506 1033 2543 propterea
1049 2506 1171 2544 aliquam
1179 2507 1251 2538 Poe-

181 2553 248 2573 narn
265 2544 428 2579 incurrant,
448 2543 493 2572 seu
510 2543 589 2580 quod
605 2554 654 2582 per
671 2544 980 2574 DominosPatriarum
997 2545 1030 2575 ὃ(
1044 2545 1247 2583 ρῑεεάἰᾶοτυῑῑι

185 2581 397 2612 Dominiorum
417 2582 549 2612 hincinde
570 2605 579 2619 ,
605 2591 652 2613 aut
669 2584 685 2600 ¹*
706 2593 807 2612 eorum
830 2582 994 2613 Officiarios
1011 2583 1250 2624 &justiciarios,

184 2619 289 2657 poffint
303 2620 367 2651 inde
382 2620 525 2659 redargui,
542 2622 663 2651 accusari
679 2622 723 2651 vel
739 2622 840 2659 puniri.

220 2657 346 2696 ITEM,
365 2659 445 2697 quod
465 2669 567 2689 omnes
583 2663 751 2689 Mercatores
768 2659 898 2697 Angliae,
926 2659 1076 2690 Hiberniae
1087 2683 1096 2698 ,
1115 2659 1249 2700 Calefice,

183 2696 243 2728 tam
259 2696 416 2728 Coriorum
430 2720 441 2735 ,
459 2697 632 2729 Victualium
649 2721 658 2736 ,
686 2700 774 2735 quarn
793 2699 909 2728 aliarum
932 2697 1159 2729 Mercantiarum
1182 2710 1252 2736 qua-

184 2745 376 2773 rumcumque
390 2760 399 2773 ,
428 2746 543 2766 necnon
565 2747 666 2767 eorum
691 2738 839 2775 Fa&ores,
858 2737 1034 2774 Familiares,
1053 2737 1087 2768 &
1104 2737 1250 2778 Ministri,

183 2773 292 2804 Nautae
313 2774 359 2804 seu
385 2774 521 2811 Magistri
539 2774 674 2806 Navium
695 2777 728 2807 &
753 2775 899 2806 Marinarii
915 2798 924 2813 ,
942 2784 1076 2813 poterunt
1090 2776 1126 2806 de
1142 2787 1249 2808 caetero

183 2813 225 2842 ire
241 2813 274 2843 ὃς
289 2813 401 2843 transire
415 2823 463 2850 per
479 2813 580 2852 Mare,
598 2817 631 2845 ὃς
649 2814 755 2844 Eundo
776 2815 809 2845 ὃ(
825 2814 987 2845 Redeundo
1003 2816 1179 2853 conversari,
1199 2827 1250 2847 ve-

181 2852 241 2881 nire
251 2874 260 2888 ,
278 2851 352 2889 esse,
369 2852 401 2882 ὃς
414 2852 516 2881 morari
530 2852 628 2887 secure
645 2853 673 2882 in
689 2852 770 2884 dietis
786 2856 890 2883 Patriis
901 2853 1084 2891 Brabantiae,
1094 2854 1251 2893 Flandriae,

181 2889 349 2920 Hannoniae
362 2913 370 2926 ,
398 2889 561 2919 Hollandiae
576 2913 586 2929 ,
609 2890 801 2929 Zeellandiae,
822 2891 1010 2929 Mechliniae,
1027 2894 1060 2924 &
1076 2893 1134 2922 aliis
1150 2893 1250 2925 Patriis

180 2929 215 2959 &
233 2927 381 2958 Dominiis
395 2931 569 2958 Dominarum
585 2932 692 2958 Ducum
706 2929 927 2967 praediCtorum,
946 2931 981 2961 &
997 2931 1026 2959 in
1039 2931 1179 2962 diffarum
1194 2932 1249 2962 Pa-

180 2967 297 2997 triarum
311 2968 344 2998 &
361 2966 571 2997 Dominiorum
588 2967 745 2998 Littoribus
763 2968 796 2998 &
812 2967 970 3006 Portubus,
990 2978 1059 2999 cum
1074 2979 1174 3000 eorum
1191 2971 1249 3001 Bo-

181 3006 242 3042 nis,
261 3005 461 3044 Mercandifis,
480 3005 513 3036 &
534 3005 682 3043 Navibus,

218 3042 388 3082 Ibidemque
404 3054 473 3074 cum
492 3043 703 3076 Mercatoribus
715 3043 890 3081 Brabantiae,
908 3044 1063 3083 Flandriae,
1073 3045 1250 3086 Hannoniae,

183 3080 364 3120 Hollandiae,
383 3082 574 3120 Zeellandiae,
594 3083 761 3114 Mechliniae
778 3105 788 3122 ,
808 3083 841 3113 ὃς
865 3084 978 3113 aliarum
996 3083 1170 3123 Patriarum,
1188 3089 1249 3116 Do-

180 3122 312 3150 minarum
333 3125 439 3151 Ducum
460 3121 665 3159 praedistorum
681 3144 689 3159 ‚
712 3122 745 3152 &
768 3131 870 3151 eorum
887 3122 1070 3159 Fadtoribus,
1090 3123 1246 3154 Familiari-

180 3158 250 3196 bus,
268 3159 302 3190 &
319 3159 457 3190 Ministris
474 3162 591 3191 mercari
613 3160 658 3191 seu
683 3159 892 3191 Mercandisam
917 3160 1009 3191 facere
1023 3184 1032 3199 ,
1048 3161 1107 3191 tarn
1125 3161 1246 3194 Victua-

178 3196 251 3228 lium
264 3199 352 3236 quam
368 3198 515 3237 cujussibet
529 3198 638 3229 alterius
652 3199 775 3230 Generis
789 3198 1055 3230 Mercimoniorum
1065 3222 1074 3237 ,

217 3235 271 3274 Et,
289 3238 348 3276 pari
363 3238 474 3276 modo,
489 3240 658 3267 Mercatores
680 3237 842 3268 Brabantiae
854 3261 864 3275 ,
884 3237 1041 3275 Flandriae,
1060 3239 1244 3277 Hannoniae,

182 3271 361 3313 Hollandiae,
377 3275 567 3314 Zeellandiae,
586 3277 774 3314 Mechliniae,
792 3277 826 3308 &
840 3277 954 3307 aliarum
971 3276 1128 3307 Patriarum
1149 3281 1245 3308 Dami-

181 3322 275 3354 rqorum
297 3317 402 3343 Ducum
424 3314 645 3353 praedic'torum,
665 3316 724 3346 tam
741 3315 918 3346 Mercatores
933 3314 1110 3353 Coriorum,
1125 3317 1245 3347 vicina-

182 3348 271 3388 hum,
295 3353 381 3390 quam
396 3353 513 3383 aliarum
530 3352 752 3384 Mercantiarum
774 3363 1040 3391 quarumcumque,
1059 3364 1174 3385 necnon
1196 3366 1247 3386 eo-

184 3396 250 3432 rum
268 3389 416 3429 Factores,
434 3391 611 3431 Familiares,
627 3392 661 3423 ὃ(
677 3391 802 3422 Ministri
817 3415 827 3430 ,
850 3392 959 3422 Nautae
973 3392 1017 3423 seu
1034 3392 1162 3431 Magistri
1179 3394 1245 3424 Na-

183 3434 264 3456 vium
279 3428 311 3458 &
327 3428 489 3469 Marinarii,
507 3439 641 3468 poterunt
654 3430 716 3470 Ire,
729 3431 863 3461 Transire
878 3454 888 3468 ,
905 3431 939 3462 &
954 3431 1061 3461 Redire
1078 3441 1127 3469 per
1143 3431 1244 3471 Mare,

183 3466 359 3509 conversari,
369 3469 483 3506 effe,&
499 3471 602 3500 morari
617 3469 713 3500 secure
730 3470 759 3499 in
770 3469 876 3508 Regno
893 3469 1003 3509 Angliae
1014 3493 1023 3508 ,
1034 3469 1179 3501 Dominio
1187 3470 1244 3501 Hi-

182 3502 308 3542 bernlae,
325 3505 358 3535 &
373 3506 446 3536 Villa
459 3506 593 3546 Calefiae,
609 3509 641 3540 &
655 3509 740 3540 etiam
754 3509 783 3539 in
800 3508 945 3539 Portubus
956 3508 1002 3539 seu
1020 3508 1177 3539 Littoribus
1200 3511 1244 3547 ip-

183 3540 287 3585 sorum.
305 3551 353 3579 per
377 3543 492 3582 Regem
507 3546 697 3585 auctorisans,
716 3548 746 3577 in
764 3547 814 3577 illis
830 3549 839 3584 (
842 3546 985 3584 videlicet)
1004 3547 1054 3577 ubi
1069 3546 1243 3579 Custumarii

183 3580 218 3623 ὃς
245 3579 288 3608 aln
311 3579 452 3612 Officiarii
471 3582 556 3623 Regii
574 3585 636 3615 sunt
656 3585 776 3616 ordinati
792 3586 872 3624 super
886 3585 1008 3616 Introitu
1027 3587 1059 3616 &
1076 3585 1160 3616 Exitu
1175 3586 1244 3618 Na-

182 3627 265 3661 vium
281 3618 314 3648 ὃ(
338 3618 578 3652 Mercandisamm
590 3645 599 3661 ,
617 3624 651 3654 &
673 3633 733 3653 non
746 3624 829 3662 alibi,
845 3634 914 3654 cum
929 3634 1030 3655 eorum
1046 3624 1131 3655 Bonis
1141 3647 1151 3662 ,
1162 3624 1243 3654 Mer-

183 3655 300 3700 candrfis
315 3678 325 3694 ,
350 3658 383 3688 ὃ(
399 3656 532 3689 Navibus
549 3684 558 3697 ,
583 3662 616 3691 &
633 3670 702 3691 cum
720 3661 930 3692 Mercatoribus
949 3662 1061 3702 Angliae
1081 3663 1125 3693 seu
1139 3673 1241 3693 eorum

185 3694 369 3731 Faeton'ous,
390 3695 593 3734 Familiaribus,
611 3699 656 3729 vel
671 3698 812 3728 Ministris
827 3700 864 3729 de
881 3700 1049 3736 quibussibet
1066 3700 1243 3741 Mercantiis,

182 3733 243 3764 tam
259 3732 432 3764 victualium
447 3734 532 3772 quam
547 3736 621 3771 aliis,
639 3738 758 3766 mercari
771 3738 805 3768 ὃς
823 3737 1032 3769 Mercandisam
1048 3739 1159 3777 facere,

220 3771 432 3810 Poteruntque,
449 3773 477 3801 in
494 3773 634 3808 praedietis
649 3773 791 3805 Portubus
804 3774 931 3813 Angliae,
950 3775 1116 3815 Hiberniae,
1135 3779 1169 3809 ὃς
1184 3776 1241 3808 Ca-

182 3809 271 3849 lefiae,
290 3811 349 3841 tam
363 3820 464 3841 eorum
481 3809 559 3840 Bona
573 3813 683 3848 propria
700 3835 710 3849 ,
734 3814 820 3851 quarn
845 3815 929 3843 etiam
945 3814 1024 3846 Bona
1036 3815 1070 3846 ad
1085 3817 1154 3846 alios
1168 3826 1241 3854 prae-

138 3853 139 3856 ’
183 3848 323 3879 dictarum
340 3848 494 3880 Patriarum
509 3848 682 3887 Brabantiae‚
700 3850 1044 3891 Flandriae,Hannoniae,
1059 3853 1242 3893 Hollandiae‚

184 3885 358 3918 Zeellandiae
368 3911 378 3926 ‚
396 3887 571 3926 Mechlinae,
589 3888 622 3917 &
640 3887 754 3919 aliarum
773 3889 928 3920 Patriarum
944 3894 1121 3922 Dominarum
1136 3896 1242 3922 Ducum

184 3925 388 3961 praedffitorum
403 3926 550 3966 spe&anna
560 3949 570 3964 ,
587 3925 692 3956 ducere
714 3927 760 3957 vel
776 3928 843 3958 duci
864 3928 972 3967 facere,
990 3930 1024 3960 &
1038 3932 1074 3961 ab
1090 3931 1154 3971 ipsis
1170 3932 1243 3962 Por-

185 3963 269 3994 tubus
283 3965 328 3995 seu
347 3965 504 3996 Littoribus
517 3964 665 3995 Recedere
682 3964 715 3995 &
733 3966 840 3997 Redire
854 3966 950 3998 secure
969 3977 1038 3999 cum
1058 3979 1161 4000 eorum
1186 3969 1244 4001 Bo-

184 4001 244 4037 nis,
262 4002 446 4042 Mercantiis,
462 4005 495 4035 &
512 4003 647 4034 Navibus
657 4026 668 4041 ,
685 4042 690 4047 .

223 4039 418 4081 Poteruntque
442 4042 619 4074 Mercatores
643 4051 725 4072 unius
745 4040 835 4072 Partis
848 4065 857 4081 ,
876 4043 922 4074 seu
937 4054 1040 4076 eorum
1055 4045 1189 4076 Factores
1208 4046 1242 4077 &

184 4076 342 4111 Familiares
355 4103 366 4119 ,
387 4082 421 4112 &
441 4081 566 4119 ipsorum
581 4079 716 4119 quilibet,
740 4081 789 4118 qui
807 4082 894 4119 magis
911 4083 1076 4122 indiguerit,
1093 4084 1197 4114 habere
1209 4085 1243 4116 &

184 4125 280 4149 emere
296 4118 382 4150 libere
395 4119 535 4153 Vic'tualia
556 4129 571 4151 a
588 4119 797 4152 Mercatoribus
818 4119 928 4151 alterius
943 4120 1030 4153 Partis
1043 4145 1054 4159 ,
1072 4122 1106 4153 &
1121 4123 1175 4160 ipsa
1193 4132 1243 4161 per

1299 192 1789 260 PUBLICA-
2324 226 2375 278 87

1286 296 1370 329 Mare
1393 301 1505 333 Vehere
1522 304 1556 334 δε
1579 303 1694 336 Ducere
1717 306 1761 336 seu
1781 306 1855 337 Vehi
1889 308 1923 340 &
1941 306 2021 339 Duci
2045 308 2136 353 facere
2164 309 2318 355 (videlicet)
2337 311 2376 341 illi
2390 313 2467 345 Ann.
2481 312 2524 344 D.

1294 373 1501 416 Harmoniam,
1528 380 1715 412 Hollandiam
1731 405 1740 420 ,
1769 383 1853 414 Zeell
1866 346 2377 425 2dessmsstalixasietgilslri‘ni’aglffngcniffis
2393 353 2499 428 Εἱζ-ῩΞ

1288 336 1324 366 de
1345 337 1468 378 Anglia,
1495 341 1661 380 Hibernia,
1685 345 1718 375 &
1743 343 1853 376 Calesia

1291 414 1396 459 Patrias
1412 418 1588 459 Dominarum
1606 423 1711 449 Ducum
1727 422 1931 457 praedidtorum
1957 447 1967 460 ,
1995 424 2026 454 ὃ(
2056 424 2234 456 Mercatores
2251 427 2376 465 iplorum

1290 463 1319 483 1n
1338 453 1470 492 Angham
1481 477 1490 492 ,
1510 456 1682 500 Hiberniam
1695 482 1705 497 ,
1720 460 1754 489 ὃς
1770 460 1927 499 Calefiam,
1956 462 2057 498 abique
2079 473 2114 492 eo
2132 464 2210 501 quod
2227 465 2276 502 ipsi
2290 475 2376 503 prop-

1289 500 1363 536 terea
1379 503 1428 529 per
1442 492 1591 525 Domrnos
1610 498 1808 531 praedictarum
1826 499 1982 529 Patriarum
2006 501 2038 530 δε
2065 500 2272 533 Dominiorum
2293 505 2376 533 hinc-

1290 531 1357 561 mde
1373 555 1382 570 ,
1405 531 1451 561 seu
1479 542 1582 576 eorum
1601 534 1766 566 Officiarios
1792 539 1896 574 quovis
1917 537 2008 569 meto
2050 538 2195 577 Redargui
2215 542 2260 572 vel
2282 541 2374 579 aliqua

1290 569 1384 600 Poena
1400 570 1512 617 multari
1536 572 1661 614 possint,
1679 573 1724 603 seu
1740 576 1820 611 quod
1834 597 1843 613 ,
1862 585 1909 611 per
1926 576 1987 606 illos
2021 576 2056 606 de
2072 578 2175 615 Angli&
2186 603 2195 617 ,
2214 579 2372 619 Hibernia,

1292 609 1325 639 ὃς
1339 607 1448 639 Calefia
1461 632 1471 647 ,
1498 612 1560 647 rplis
1580 610 1790 642 Mercatoribus
1814 613 1987 651 Brabantiae,
2021 614 2173 654 Flandtiae,
2189 618 2371 657 Hannoniae,

1290 647 1470 686 Hollandiae,
1487 648 1678 688 Zeellanffiae,
1699 649 1888 687 Mechliniae,
1908 653 1941 683 &
1964 653 2014 683 alia
2025 662 2089 682 rum
2105 653 2258 687 Patriarum
2275 661 2372 687 Domi-

1290 696 1383 715 narum
1399 689 1505 716 Ducum
1520 687 1725 725 praedictorum
1741 688 1854 726 aliquod
1873 689 2061 729 Dampnum,
2091 694 2306 734 praejudicium,
2324 698 2369 728 vel

1292 723 1536 761 impedimentum
1554 726 1613 757 fieri
1629 736 1676 758 aut
1696 727 1790 758 inferri
1808 727 1911 765 possit,

1329 763 1399 793 Nec
1421 774 1437 794 e
1460 774 1579 803 contra,
1603 776 1651 805 per
1672 766 1847 796 Mercatores
1871 767 1905 796 &
1926 766 2066 797 Subditos
2083 767 2257 808 Brabantiae,
2279 773 2362 803 Flan-

1289 801 1374 840 driae,
1392 801 1575 842 Hannoniae,
1593 804 1759 835 Hollandiae
1772 827 1782 843 ,
1807 804 1982 835 Zeellandiae
1993 829 2002 842 ,
2035 805 2203 837 Mechliniae
2220 833 2229 844 ,
2247 811 2280 840 ὃς
2296 812 2366 841 alio-

1289 850 1354 870 rum
1378 840 1588 872 Dominiorum
1611 846 1787 873 Dominarum
1809 846 1916 873 Ducum
1940 843 2171 883 praedietorum,
2191 845 2363 880 Mercatori-

1289 879 1341 909 bus
1363 879 1475 919 Angliae
1493 904 1503 919 ‚
1528 880 1678 912 Hiberniae
1695 905 1704 920 ,
1729 882 1762 912 &
1787 881 1923 919 Calesrae,
1949 892 1997 919 per
2013 883 2090 913 viam
2108 884 2194 922 fac'ii,
2211 888 2360 918 occafione

1290 917 1412 948 Guerrae
1437 919 1482 950 vel
1507 919 1763 958 Depraedarionum
1781 943 1790 958 ,
1823 921 1855 951 &
1879 922 2123 958 Attemptatorum
2151 923 2293 955 fanorum
2315 927 2360 958 vel

1290 955 1469 996 fiendorum,
1487 966 1534 989 aut
1549 959 1604 989 alio
1620 960 1712 991 modo
1728 968 1762 990 ex
1778 969 1961 998 quacumque
1979 958 2090 999 Causa,

1329 995 1478 1026 Solvendo
1493 1005 1605 1028 tantum
1615 1020 1625 1036 ,

1329 1034 1480 1072 Qantum
1495 1037 1612 1074 attinet,
1631 1035 1810 1067 Mercatores
1826 1036 1955 1075 Angliae,
1976 1036 2126 1068 Hiberniae
2137 1061 2147 1077 ,
2172 1039 2207 1070 ὃς
2225 1039 2359 1080 Calefiae,

1291 1071 1319 1100 in
1337 1073 1417 1103 dietis
1439 1073 1536 1104 Patriis
1560 1074 1715 1105 Brabantiae
1731 1098 1739 1113 ,
1769 1074 1908 1105 Flandriae
1923 1099 1932 1114 ‚
1958 1075 2125 1107 Hannoniae
2142 1101 2151 1114 ,
2180 1077 2362 1117 Hollandiae,

1293 1109 1483 1151 Zeellandiae,
1506 1112 1692 1151 Mechliniae,
1710 1114 1744 1144 δε
1757 1113 1874 1144 aliarum
1887 1113 2042 1144 Patriarum
2059 1118 2237 1145 Dominarum
2255 1120 2360 1148 Ducum

1291 1150 1497 1187 praediCtorum
1513 1151 1549 1181 de
1564 1152 1733 1183 Mercantiis
1747 1162 1815 1190 quas
1830 1153 1871 1182 ibi
1884 1152 2026 1183 adducent
2043 1153 2088 1182 vel
2102 1154 2203 1185 adduci
2221 1155 2344 1194 facient,

1329 1188 1368 1218 Et
1384 1189 1506 1220 similiter
1521 1199 1660 1227 quantum
1674 1192 1773 1221 attinet
1790 1214 1799 1228 ,
1821 1191 1996 1222 Mercatores
2012 1191 2186 1230 Brabantiae,
2207 1193 2230 1223 F
2233 1195 2363 1234 landriae,

1291 1225 1476 1266 Hannoniae,
1495 1227 1676 1268 Hollandiae,
1696 1228 1891 1268 Zeellandiae,
1909 1229 2079 1261 Mechliniae
2090 1253 2099 1268 ,
2117 1231 2150 1261 &
2167 1232 2286 1262 aliorum
2296 1233 2362 1263 Do-

1292 1266 1450 1296 miniorum
1476 1270 1652 1297 Dominarum
1674 1271 1779 1297 Ducum
1794 1268 1997 1305 praedictorum
2016 1292 2026 1307 ,
2044 1279 2097 1307 pro
2116 1268 2216 1300 Rebus
2229 1272 2262 1301 δε
2278 1271 2363 1302 Mer-

1292 1305 1390 1334 cantiis
1410 1315 1478 1342 quas
1500 1307 1530 1335 in
1548 1306 1684 1345 Regnum
1707 1306 1837 1345 Angli-x,
1857 1307 2045 1346 Hiberniam,
2066 1308 2100 1339 &
2119 1307 2259 1339 Calenam
2274 1310 2364 1341 addu-

1293 1352 1359 1374 cent
1376 1344 1421 1373 vel
1439 1344 1540 1374 adduci
1555 1345 1674 1381 facient,

1330 1381 1460 1419 Antiqua
1470 1383 1538 1421 Jura
1554 1384 1588 1414 &
1602 1383 1773 1413 Theolonea
1788 1384 1919 1415 consueta
1935 1385 1969 1416 &
1985 1395 2045 1414 non
2059 1384 2124 1415 alia:

1336 1419 1372 1450 Et
1384 1421 1586 1452 nichilominus
1600 1431 1734 1458 poterunt
1750 1423 1889 1460 utriusque
1906 1423 1992 1453 Partis
2009 1423 2155 1461 Principes
2170 1424 2199 1453 in
2217 1423 2367 1456 Dominiu's

1292 1456 1363 1501 suis,
1384 1460 1478 1496 quoad
1490 1460 1625 1491 Subditos
1640 1461 1717 1499 suos,
1737 1461 1798 1491 talia
1810 1460 1878 1499 Jura
1895 1463 1928 1493 &
1945 1462 2115 1493 Theolonea
2130 1472 2195 1501 quae
2212 1464 2366 1496 voluerunt

1294 1496 1454 1535 mstituere,

1330 1534 1470 1567 Poterunt
1489 1538 1575 1566 etiam
1592 1560 1601 1574 ,
1629 1547 1689 1567 non
1705 1536 1882 1568 obstantibus
1896 1538 2055 1578 praedietis,
2073 1539 2164 1570 Causa
2180 1538 2366 1572 Neceffitatis

1292 1573 1469 1605 Vistualiurn
1490 1577 1523 1606 ὃς
1548 1576 1600 1606 alia
1618 1575 1692 1614 justa
1715 1576 1748 1606 &
1767 1577 1923 1606 rationabili
1941 1576 2053 1616 Causa,
2072 1578 2244 1616 prohibere,
2263 1580 2297 1609 &
2313 1580 2363 1611 de-

1289 1613 1422 1650 fendere,
1440 1614 1533 1652 quoad
1557 1615 1608 1645 tale
1631 1623 1719 1651 genus
1742 1613 1919 1645 Viciualium
1934 1638 1943 1653 ,
1964 1615 2041 1653 quod
2055 1618 2093 1646 eis
2113 1618 2202 1654 magis
2217 1617 2361 1649 videbitur

1289 1652 1438 1690 expedire,
1458 1654 1495 1683 ne
1513 1663 1528 1682 a
1544 1653 1692 1683 Dominiis
1709 1653 1876 1683 extrahatur.

1327 1690 1374 1721 ΙΤ
1384 1701 1402 1721 Ε
1415 1700 1459 1729 Μ,
1479 1692 1558 1730 quod
1574 1695 1744 1721 Mercatores
1760 1691 1889 1729 Angliae,
1908 1691 2058 1722 Hiberniae
2069 1715 2079 1730 ,
2097 1693 2129 1722 &
2146 1691 2279 1731 Calefiae,
2295 1704 2366 1725 nec-

1291 1739 1354 1760 non
1377 1740 1479 1760 eorum
1503 1730 1636 1761 Factores
1650 1753 1660 1768 ,
1686 1730 1847 1760 Familiares
1860 1754 1871 1768 ,
1891 1731 1923 1760 &
1940 1729 2088 1768 Ministri,
2109 1730 2218 1761 Nautae
2234 1736 2278 1762 seu
2298 1732 2366 1764 Ma-

1291 1768 1372 1805 gistri
1386 1768 1519 1798 Navium
1537 1769 1570 1799 &
1590 1768 1754 1805 Marinarii,
1773 1769 1790 1787 ⁷*
1803 1777 1938 1807 poterunt
1954 1769 2029 1808 esse,
2045 1770 2205 1800 conversari
2224 1770 2257 1801 &
2273 1780 2367 1801 mora-

1290 1845 1354 1883 dia,
1375 1845 1535 1877 Mechlinia
1549 1869 1559 1884 ,
1585 1847 1618 1877 δε
1639 1847 1695 1876 aliis
1709 1846 1806 1876 Patriis
1820 1849 1998 1876 Dominarum
2013 1849 2119 1876 Ducum
2142 1847 2344 1884 praedictorum
2355 1873 2364 1886 ,

1291 1885 1324 1915 &
1339 1886 1368 1914 in
1384 1885 1503 1922 ipsarum
1519 1885 1663 1916 Portubus
1679 1885 1724 1915 seu
1741 1885 1898 1916 Littoribus
1914 1909 1923 1922 ,
1941 1894 2010 1915 cum
2029 1895 2130 1915 eorum
2148 1885 2251 1924 Bonis,
2270 1886 2365 1918 Navi-

1290 1923 1359 1960 bus,
1375 1924 1409 1954 δε
1427 1923 1613 1954 Mercandifis
1631 1923 1808 1954 Vi&ualium
1825 1924 1858 1954 ὃς
1874 1923 1932 1953 aliis
1951 1923 2201 1962 quibuscumque,

1327 1961 1384 2000 Et,
1403 1963 1460 2000 pari
1479 1962 1591 2001 modo,
1611 1965 1780 1992 Mercatores
1801 1961 1984 2001 Brabantiae,
2004 1962 2160 2000 Flandriae,
2179 1962 2363 2003 Hannoniae,

1290 2000 1472 2039 Hollandiae‚
1491 2001 1681 2038 Zeellandiae,
1702 2000 1871 2040 Mechliniae
1884 2025 1894 2039 ,
1913 2001 1946 2032 &
1966 2002 2081 2031 aliarum
2097 2000 2253 2032 Patriarum
2266 2005 2364 2033 Domi-

1289 2050 1384 2069 narum
1406 2042 1513 2070 Ducum
1541 2040 1745 2077 praedic'iorum
1760 2063 1770 2077 ,
1800 2041 1833 2072 &
1858 2050 1961 2070 eorum
1987 2040 2122 2070 Fadiores
2140 2062 2150 2078 ,
2177 2040 2337 2072 Familiares
2352 2065 2362 2080 ,

1291 2078 1418 2117 Nautae,
1435 2079 1480 2110 seu
1498 2078 1631 2118 Magistri
1654 2078 1787 2109 Navium
1808 2079 1841 2110 &
1859 2077 2005 2108 Marinarii
2020 2101 2030 2117 ,
2049 2087 2184 2116 poterunt
2200 2078 2277 2118 esse,
2291 2090 2364 2111 con-

1291 2118 1389 2148 versari
1413 2119 1447 2150 &
1469 2120 1572 2149 morari
1594 2118 1691 2149 secure
1714 2118 1744 2147 in
1761 2117 1868 2156 Regno
1884 2117 2016 2156 Angliae,
2036 2117 2180 2148 Dominio
2195 2117 2362 2158 Hiberniae,

1291 2156 1367 2187 Villa
1382 2158 1415 2188 &
1432 2157 1571 2188 Marchiis
1581 2155 1717 2194 Calefiae,
1735 2157 1768 2187 &
1785 2157 1815 2186 in
1832 2155 1958 2194 ipsorum
1976 2155 2120 2186 Portubus
2136 2156 2182 2186 seu
2194 2156 2364 2196 Littoribus,

1291 2195 1394 2234 absque
1405 2206 1441 2226 eo
1459 2197 1540 2235 quod
1550 2219 1559 2235 ‚
1578 2206 1626 2234 per
1643 2195 1819 2227 Mercatores
1833 2195 1867 2226 &
1883 2194 2017 2225 Subditos
2033 2194 2204 2232 Brabantiae,
2215 2195 2363 2234 Flandriae,

1290 2233 1476 2273 Hannoniae,
1493 2234 1674 2272 Hollandiae,
1694 2233 1889 2272 Zeellandiae,
1907 2233 2077 2264 Mechliniae
2089 2256 2098 2272 ,
2124 2234 2157 2265 &
2175 2234 2291 2264 aliarum
2306 2234 2361 2265 Pa-

1290 2274 1404 2304 triarum
1417 2276 1593 2303 Dominarum
1606 2277 1712 2303 Ducum
1726 2272 1951 2310 praediCtorum‚
1969 2280 2016 2303 aut
2038 2281 2088 2310 per
2102 2271 2169 2302 alios
2186 2273 2361 2311 (cujuscum-

1290 2321 1347 2349 que
1367 2311 1502 2342 Nationis
1526 2312 1571 2343 vel
1594 2310 1777 2343 Conditionis
1794 2310 1924 2349 existant)
1941 2310 1988 2341 fiat
2003 2319 2052 2341 aut
2064 2309 2123 2340 fieri
2140 2310 2225 2348 possit
2244 2311 2360 2349 aliquod

1290 2351 1462 2387 Dampnum
1484 2351 1529 2381 vel
1551 2351 1797 2388 impedimentum
1820 2349 2032 2380 Mercatoribus
2045 2348 2173 2387 Angliae,
2192 2349 2358 2389 Hiberniae,

1289 2390 1322 2421 &
1339 2388 1456 2420 Calefiae
1468 2412 1478 2426 ,
1500 2389 1545 2420 seu
1566 2399 1614 2426 per
1635 2389 1814 2419 Mercatores
1836 2388 1870 2418 &
1888 2387 2024 2418 Subditos
2041 2387 2171 2425 Angliae,
2188 2387 2355 2427 Hiberniae‚

1288 2429 1322 2458 ὃς
1338 2427 1470 2465 Caleiiae,
1489 2438 1535 2458 aur
1552 2428 1621 2458 alios
1646 2428 1862 2465 (cujuscumque
1884 2426 2021 2457 Nationis
2040 2426 2085 2456 vel
2102 2424 2288 2456 Conditionis
2301 2429 2361 2457 exi-

1289 2466 1372 2503 stant)
1394 2467 1604 2497 Mercatoribus
1622 2465 1793 2502 Brabantiae,
1813 2464 1967 2503 Flandriae‚
1986 2463 2360 2505 Hannoniae,Hollandiae,

1289 2505 1479 2543 Zeellandiae,
1499 2504 1686 2542 Mechliniae,
1706 2505 1739 2535 ὅτ
1754 2504 1869 2534 aliarum
1884 2503 2043 2534 Patriarum
2059 2505 2237 2532 Dominarum
2253 2507 2360 2534 Ducum

1287 2544 1512 2581 praediCtorum,
1540 2545 1585 2574 sen
1611 2543 1810 2573 Mercatorum
1832 2542 1973 2580 utriusque
1990 2541 2080 2571 Partis
2097 2541 2278 2579 Pastor-ibus,
2298 2542 2362 2573 Mi-

1288 2582 1400 2619 nistris,
1419 2582 1539 2621 Nautis,
1558 2582 1603 2612 seu
1623 2581 1764 2620 Magistris
1787 2580 1916 2611 Navium
1941 2581 1973 2611 &
1997 2580 2157 2610 Marinariis
2173 2603 2181 2618 ,
2206 2581 2358 2612 occasione

1288 2621 1411 2652 Guerrae
1425 2621 1468 2651 vel
1483 2620 1739 2659 Depraedationum
1753 2620 1785 2650 ὅτ.
1798 2619 2040 2657 Attemptatorurn
2055 2627 2135 2648 antea
2149 2618 2291 2649 factorum
2310 2620 2356 2651 vel

1286 2659 1467 2697 fiendorum,
1486 2669 1532 2690 aut
1553 2661 1648 2698 quavis
1664 2659 1717 2688 alia
1730 2657 1842 2695 Causa,

1300 2712 1303 2714 ·
1324 2698 1443 2729 Proviso
1463 2708 1558 2729 tamen
1580 2697 1662 2735 quod
1687 2696 1863 2727 Mercatores
1884 2695 2001 2726 aliarum
2022 2694 2177 2726 Patriarum
2193 2696 2228 2726 &
2251 2696 2358 2727 Natio-

1287 2747 1359 2768 num
1377 2746 1460 2767 erunt
1475 2738 1508 2768 ὅ(
1527 2737 1711 2767 morabuntur
1724 2736 1838 2772 secure,
1857 2744 1926 2765 cum
1941 2744 2042 2764 eorum
2058 2734 2143 2766 Bonis
2159 2759 2167 2772 ,
2191 2734 2357 2765 Mercandi-

1286 2776 1318 2805 srs
1329 2800 1336 2812 ‚
1355 2777 1389 2807 ὃς
1405 2775 1559 2812 Navibus,
1580 2776 1609 2805 in
1629 2773 1775 2805 Brabantia
1791 2797 1800 2812 ,
1828 2772 1956 2803 Flandria
1966 2796 1976 2811 ,
1993 2772 2164 2810 Harmonia,
2184 2773 2357 2812 Hollandifi,

1287 2814 1466 2851 Zeellandia,
1486 2813 1647 2844 Mechlinia
1658 2836 1666 2850 ‚
1683 2814 1716 2843 δε
1735 2813 1843 2844 caeteris
1861 2811 1958 2841 Patriis
1974 2813 2007 2842 &
2020 2811 2163 2841 Dor-niniis
2181 2814 2358 2842 Dominarum

1286 2856 1393 2883 Ducum
1405 2852 1609 2891 praedidiorum
1620 2875 1629 2890 ,
1648 2853 1681 2883 ὃ(
1694 2853 1722 2880 in
1735 2851 1858 2889 ipsorum
1877 2849 2018 2880 Portubus
2033 2850 2077 2879 vel
2095 2849 2254 2879 Littoribus
2269 2874 2278 2887 ,
2292 2852 2356 2881 abs-

1287 2902 1343 2929 que
1359 2901 1396 2922 eo
1409 2891 1486 2928 quod
1503 2892 1562 2929 eis,
1580 2901 1629 2928 per
1646 2890 1821 2920 Mercatores
1838 2888 1967 2926 Angliae,
1987 2887 2157 2925 Hiberniae,
2175 2888 2209 2918 &
2225 2887 2355 2927 Calefiae,

1285 2930 1402 2968 aliquod
1420 2930 1534 2960 Malum
1549 2930 1594 2959 vel
1610 2928 1853 2966 Impedirnentum
1867 2926 1914 2956 fiat
1925 2927 1986 2965 ,seu
2002 2925 2061 2955 fieri
2078 2927 2121 2955 vel
2137 2926 2232 2956 inferri
2252 2927 2350 2966 poffit3

1288 2979 1342 2999 nec
1356 2970 1441 2999 etiam
1453 2992 1462 3006 ,
1483 2978 1533 3006 per
1550 2967 1729 2998 Mercatores
1742 2967 1775 2997 &
1791 2965 1925 2996 Subditos
1938 2965 2052 2994 aliarum
2067 2965 2223 2995 Patriarum
2235 2967 2269 2996 &
2290 2966 2355 2996 Na-

1285 3008 1398 3038 tionum
1408 3031 1417 3045 ,
1434 3007 1643 3037 Mercatoribus
1658 3005 1784 3041 Anuli-x,
1804 3003 1972 3040 Hiberniae,
1992 3002 2125 3042 Calene,
2137 3013 2237 3033 eorum
2249 3004 2353 3034 Fac'to-

1286 3047 1385 3084 ribus,
1412 3046 1603 3077 Familiaribus
1616 3067 1626 3082 ,
1651 3045 1685 3075 &
1707 3029 1850 3073 Kiinistris
1865 3066 1874 3081 ,
1898 3043 1929 3071 in
1952 3041 2033 3072 dietis
2058 3041 2354 3081 Patriis'Brabantiae‚

1285 3084 1424 3115 Flandriae
1441 3107 1450 3122 ,
1476 3083 1638 3113 Hollandiae
1653 3105 1662 3120 ,
1688 3081 1861 3112 Zeellandiae
1878 3104 1887 3119 ,
1914 3079 2082 3111 Mechliniae
2097 3104 2106 3119 ,
2125 3082 2158 3111 ὃς
2173 3080 2229 3109 aliis
2248 3080 2349 3111 Patriis

1282 3127 1460 3154 Dominarum
1473 3125 1580 3152 Ducum
1596 3120 1817 3157 praedic'torum,
1836 3119 1951 3158 aliquod
1972 3118 2141 3157 Dampnum
2164 3119 2208 3148 vel
2222 3117 2352 3162 'Impedi-

1283 3171 1414 3193 mentum
1432 3162 1462 3190 in
1475 3170 1576 3190 eorum
1592 3159 1721 3190 Personis
1736 3159 1781 3189 vel
1796 3159 1880 3189 Bonis
1896 3157 1954 3188 fieri
1968 3158 2013 3188 vel
2030 3158 2123 3187 inferri
2139 3165 2249 3194 poterit.

1321 3200 1426 3237 ITEM,
1444 3199 1526 3237 quod
1544 3209 1632 3228 omnes
1646 3198 1812 3237 Pistatores,
1830 3199 1889 3228 tam
1908 3196 2037 3234 Annine,
2057 3196 2225 3232 Hiberniae,
2241 3196 2274 3226 ὃς
2290 3196 2351 3228 Ca-

1279 3239 1353 3270 lesrae
1369 3261 1378 3277 ,
1398 3239 1486 3276 quam
1502 3238 1587 3268 etiam
1601 3236 1773 3274 Brabantiae,
1793 3237 1816 3266 F
1818 3221 2149 3278 landriaefHannoniae,
2165 3233 2348 3274 Hollandiae‚

1281 3277 1462 3314 Zeelandiae,
1483 3276 1670 3313 Mechliniae,
1689 3276 1722 3306 &
1740 3276 1856 3305 aliarum
1877 3274 2029 3304 Patriarum
2049 3276 2224 3316 Dominarum
2242 3276 2349 3304 Ducum

1283 3314 1698 3354 (cujuscumqueConditionis
1714 3313 1839 3349 existant)
1855 3320 1989 3350 poterunt
2004 3312 2045 3340 ire
2063 3312 2170 3357 ubique
2186 3321 2236 3349 per
2254 3312 2349 3350 Mare,

1280 3355 1376 3385 secure
1395 3354 1514 3392 Piscari,
1533 3354 1637 3392 absque
1662 3354 1758 3392 aliquo
1785 3351 2014 3389 mpedimento,
2037 3349 2165 3380 chentra
2189 3349 2235 3380 vel
2261 3350 2349 3383 Salvo

1283 3392 1620 3470 cfficiuesiueontingeret
1637 3430 1744 3469 aliquos
1762 3438 1796 3459 ex
1815 3426 2005 3458 piscatoribus
2025 3425 2137 3464 Angliae
2150 3449 2160 3464 ,
2179 3426 2348 3466 Hiberniae,

1281 3472 1315 3503 &
1334 3471 1452 3501 Calefiae
1463 3495 1472 3508 ,
1491 3480 1540 3508 per
1559 3470 1733 3506 Fortunam,
1750 3465 1966 3509 Tempestatem
1982 3463 2089 3502 Maris,
2107 3463 2179 3496 Vim
2195 3465 2345 3505 Hostium,

1276 3519 1322 3541 aut
1340 3510 1396 3540 alio
1418 3509 1528 3547 modo,
1551 3508 1686 3545 compelli
1706 3509 1805 3537 intrare
1823 3504 1944 3540 aliquem
1962 3502 2104 3534 Portuum
2122 3503 2166 3534 vel
2187 3504 2345 3535 Distrietu-

1278 3558 1328 3578 um
1348 3547 1506 3578 Brabantiae
1524 3571 1534 3585 ,
1554 3546 1692 3577 Flandriae
1706 3568 1716 3580 ,
1740 3543 1903 3574 Hannoniae
1915 3564 1925 3580 ,
1944 3540 2126 3580 Hollandiae,
2145 3542 2319 3573 Zeellandiae
2332 3565 2343 3581 ,

1278 3586 1445 3617 Mechliniae
1460 3608 1470 3623 ,
1492 3586 1526 3617 &
1552 3585 1671 3615 aliorum
1695 3582 1904 3614 Dominiorum
1920 3583 2098 3610 Dominarum
2117 3584 2222 3610 Ducum
2240 3581 2344 3619 praedi-

1276 3626 1392 3656 &torum
1409 3635 1419 3661 3
1445 3624 1491 3653 vel
1517 3623 1537 3652 fi
1562 3624 1742 3658 contingeret
1764 3620 1870 3657 aliquos
1890 3627 1923 3648 ex
1940 3617 2128 3650 Piscatoribus
2146 3621 2265 3657 ipsarum
2285 3619 2343 3650 Pa-

1275 3665 1391 3695 triarum
1415 3663 1444 3691 in
1463 3661 1586 3698 aliquem
1606 3660 1746 3689 Portuum
1764 3657 1810 3688 vel
1827 3656 2020 3688 Distrietuum
2040 3658 2152 3694 Angliae
2171 3659 2203 3688 ὃς
2224 3656 2342 3689 Calesrae

1276 3703 1395 3737 intrare,
1416 3699 1525 3730 ibidem
1546 3697 1663 3735 pacifice
1679 3698 1712 3727 &
1731 3696 1911 3726 amicabiliter
1931 3697 2101 3734 recipientur
2125 3697 2158 3726 &
2176 3697 2338 3727 tractabun-

1275 3750 1320 3772 tur
1338 3740 1491 3770 Piscatores
1510 3738 1591 3766 unius
1611 3735 1699 3765 Partis
1711 3757 1721 3772 ,
1751 3734 1855 3771 quibus
1872 3734 1933 3764 talia
1951 3736 2167 3774 contingerent,
2185 3745 2200 3763 a
2217 3734 2343 3766 Subditis

1274 3779 1384 3809 alterius
1402 3776 1505 3811 Parti53
1523 3774 1660 3806 solvendo
1676 3774 1706 3802 in
1721 3773 1808 3811 locis,
1828 3773 1878 3803 ubi
1889 3773 2086 3811 applicabunt,
2102 3771 2170 3810 Jura
2190 3774 2224 3804 ὃς
2238 3773 2343 3804 Theo-

1275 3817 1350 3847 lonia
1368 3814 1518 3853 praedicta3
1537 3813 1570 3842 &
1587 3813 1625 3842 ab
1643 3812 1694 3841 illis
1710 3810 1854 3842 Portubus
1873 3812 1907 3842 &
1926 3812 2014 3843 Locis
2029 3820 2161 3849 poterunt
2174 3810 2264 3842 libere
2280 3811 2343 3843 Re-

1277 3856 1377 3886 cedere
1404 3854 1437 3883 &
1466 3851 1572 3881 Redire
1588 3873 1598 3888 ,
1623 3860 1692 3881 cum
1717 3860 1819 3881 eorum
1838 3850 1974 3881 Navibus
1999 3851 2032 3880 &
2049 3849 2151 3887 Bonis,
2171 3849 2227 3879 sine
2246 3850 2342 3889 aliquo

1278 3892 1491 3930 Impedimento
1508 3901 1518 3927 3
1543 3888 1706 3919 dummodo
1734 3897 1828 3919 tamen
1847 3899 1896 3925 per
1915 3888 1986 3927 ipsos
2008 3887 2162 3917 Piscatores
2179 3897 2239 3919 non
2257 3899 2344 3920 cotn—

1279 3933 1405 3963 mittatur
1422 3929 1523 3964 Fraus,
1541 3927 1586 3957 seu
1606 3937 1656 3964 per
1676 3927 1750 3964 ipsos
1767 3927 1826 3958 aliis
1846 3928 2017 3964 Dampnum
2037 3925 2093 3956 fiat.

1317 3970 1424 4004 ITEM,
1443 3966 1523 4004 quod
1540 3966 1568 3995 in
1588 3965 1720 3996 Portubus
1737 3966 1794 3996 five
1809 3966 1964 3996 Littoribus
1980 3964 2163 4003 Brabantiae‚
2183 3964 2343 4004 Flandriae,

1278 4006 1442 4038 Hollandiae
1457 4027 1467 4041 ,
1496 4003 1670 4035 Zeellandiae
1685 4028 1694 4043 ,
1721 4005 1754 4035 &
1773 4004 1887 4034 aliarum
1909 4004 2067 4034 Patriarum
2086 4006 2263 4034 Dominarum
2279 4007 2343 4034 Du-

1279 4058 1336 4076 cum
1348 4043 1537 4083 praedic‘lorum
1555 4042 1624 4073 nulli
1642 4045 1765 4080 Piratae,
1784 4044 1844 4072 tam
1861 4041 1999 4073 Nationis
2019 4041 2176 4080 Flandriae,
2196 4043 2340 4081 Franciae‚

1280 4087 1365 4125 quam
1383 4082 1492 4112 alterius
1512 4081 1648 4112 Nationis
1664 4082 1866 4118 cuiuscumque
1880 4102 1890 4118 ,
1910 4080 2005 4118 aliquo
2026 4080 2118 4111 modo
2137 4080 2344 4119 Receprabun-

1279 4132 1344 4161 tur,
1378 4129 1432 4152 nec
1451 4120 1490 4151 eis
1507 4120 1560 4152 erit
1577 4119 1753 4152 Permissum
1773 4119 1803 4150 in
1821 4118 1883 4158 ipsis
1901 4118 2044 4151 Portubus
2069 4118 2172 4151 habere
2189 4119 2344 4186 Introituni

2297 4165 2333 4189 VC

2387 1781 2406 1800 εκ

1290 1808 1315 1837 ri
1330 1807 1425 1838 secure
1443 1808 1471 1836 in
1492 1807 1655 1846 Brabantia,
1675 1807 1825 1845 Flandria,
1843 1807 1997 1837 Harmonia
2011 1832 2020 1845 ,
2039 1807 2215 1845 Hollandia,
2235 1808 2367 1840 Zeellan-
2390 1831 2402 1841 -,
2426 1783 2493 1850 {HL
