2555 4266
742 192 853 234 ET
938 187 1202 233 ACTA

1283 187 1740 237 PUssLch.
2287 215 2334 253 13

31 283 158 318 Ann.D.
181 287 281 310 contra
296 276 417 310 eundem
432 277 573 308 Galbrm
584 281 680 317 Regem
695 279 729 310 &
742 280 804 310 suos
817 287 870 319 pro
884 279 987 310 viribus
1003 277 1101 308 fecerit
1116 277 1150 307 &
1165 273 1242 305 reali-
1282 272 1449 305 stimonium
1473 276 1541 308 Nos
1562 289 1662 310 omnes
1683 281 1717 312 δε
1740 281 1837 321 singuli
1856 285 2035 314 Romanorum
2055 284 2094 319 &¹
2114 286 2266 323 Anglorurn
2286 290 2340 317 Re-
2352 283 2415 314 Anu
2440 284 2482 316 D.

51 333 136 365 1490.

33 370 95 393 Hen.
110 373 137 399 7.

39 488 55 504 ⁶
76 488 147 516 xit.

37 534 101 563 399·

39 3333 60 3352 ⁸
74 3335 145 3364 XII.

36 3382 104 3408 400.

182 328 222 349 ter
236 318 320 348 Prose
342 327 431 347 uatur.

221 355 235 386 I
243 327 346 394 TEMq,
361 354 438 385 Inter
452 355 520 386 Nos
535 355 671 387 Oratores
684 357 718 388 &
732 356 953 388 Commiffarios
975 354 1133 385 antedictos
1147 350 1243 381 oom-

185 396 377 432 municatum,
396 393 634 433 Concordatum,
652 394 857 432 Conventum,
876 392 1094 435 &Conclusum
1101 390 1144 421 est
1153 388 1245 427 quod,

184 432 334 474 postquam
353 441 471 470 uterque
483 437 662 463 Romanorum
679 432 717 469 ό»
732 433 845 471 Angliae
859 435 957 469 Regum
972 430 1177 473 praedidiorum
1187 427 1246 470 Re-

205 480 274 502 num
296 470 424 502 Franciae
445 481 513 502 curn
537 473 580 502 sua
605 472 736 503 Potentia
761 470 935 509 personaliter
952 470 970 487 *
992 467 1126 506 ingr-effus
1146 466 1246 512 fuerit,

184 480 514 548 {enumqueinvasivum
532 519 562 540 ut
578 510 740 548 praedicitur
749 510 819 539 inibi
833 509 948 545 fecerit,
966 515 1064 549 neuter
1074 503 1245 535 eorumdem

182 547 301 617 Regum
313 548 371 579 fine
383 549 490 579 alterius
508 549 595 588 Regis
608 548 642 579 N
644 548 722 579 otitia
738 545 925 578 &Consensu
941 544 1042 577 aBello
1057 551 1174 581 incepto
1183 541 1247 571 De-

230 596 265 617 et.

221 624 267 655 Ιτ
279 634 297 654 Ε
308 633 350 662 Μ,
369 623 604 662 Concordatum,
629 622 834 661 Conventum,
849 623 882 654 δε
903 621 1081 652 Conclusum
1101 620 1157 657 est,
1173 620 1246 664 inter

185 662 256 695 Nos
270 662 405 694 Oratores
423 663 591 700 antedictos,
608 663 641 693 &
658 662 850 699 Auctoritate,
866 661 922 700 qua
938 663 966 691 in
981 661 1032 691 hac
1049 660 1131 690 Parte
1152 659 1245 697 fungi-

187 712 271 740 mur,
286 702 386 743 nostros
402 705 537 738 Supremos
550 700 719 740 suprudic‘ios
740 700 947 738 Astringimus,
967 700 1000 730 ὃς
1019 709 1069 737 per
1093 698 1246 728 Praesentes

186 740 258 771 Obl'
279 750 356 771 amus
413 741 470 770 uod
507 742 527 769 s1

185 749 336 818 utruffique
347 751 526 809 iimqnanor'um
544 776 582 811 ό»
595 777 709 815 Angliae
725 780 824 816 Regum
870 778 1024 807 aedicfforum
1038 775 1142 806 fastam
1177 773 1248 805 Ali-

185 822 245 858 quis
256 817 424 849 eorumdem
440 816 558 854 Regum
573 815 664 853 aliqua
680 814 795 854 Castra,
814 786 915 854 filias,
934 815 1129 852 Munitiones,
1148 797 1247 844 Porta-

183 858 257 895 litia,
275 856 320 887 vel
336 853 445 894 Opida,
462 854 496 883 ad
510 853 642 884 Alterum
661 855 828 885 eorumdem
848 855 971 885 duorum
992 853 1109 891 Regum
1125 852 1162 883 de
1176 851 1246 890 Jure

182 895 350 936 spectantia,
367 892 484 922 evicerit
498 900 546 922 aut
564 902 681 932 quoquo
701 893 792 924 modo
813 893 856 924 Ad
878 893 995 930 unierit,
1012 892 1059 922 ille
1072 891 1112 932 fic
1133 891 1246 931 Adqui-

182 943 262 971 rem,
278 941 327 969 per
344 928 475 971 Aliquem
495 933 592 973 Regem
613 932 646 962 ad
660 942 746 970 quern
765 943 797 963 ea
816 904 936 971 deffiure
952 931 1076 970 spectare
1094 931 1247 961 noscuntur

184 969 368 1009 Requifitus,
385 968 487 1008 magna
503 972 559 1000 ime
580 969 745 1001 difficultate
765 971 799 1002 &
817 970 948 1001 dilatione
969 969 1070 1000 eadem
1091 968 1188 998 Eidem
1204 978 1247 997 re-

185 1010 304 1053 quirenti
319 1005 468 1046 Reddere,
482 1007 625 1046 Tradere,
643 1010 676 1041 δε
692 1009 857 1040 Deliberare
869 1009 995 1039 debebit.

223 1047 331 1078 ITEM
341 1068 352 1084 ,
369 1044 592 1078 Concordatum
608 1048 641 1078 &
657 1047 836 1079 Conclusum
854 1048 914 1086 est,
932 1049 1002 1079 inter
1017 1044 1248 1084 Nos,0rat0res

185 1087 221 1118 &
242 1083 462 1115 Commiffarios
477 1084 649 1125 antedictos,
664 1087 744 1125 quod
765 1094 859 1117 neuter
875 1087 1020 1117 dictorum
1044 1085 1248 1127 Romanorum

185 1125 222 1157 &
235 1123 348 1162 Angliae
365 1123 481 1162 Regum
493 1123 638 1163 Treugas,
657 1125 820 1164 Amicitias,
838 1124 1125 1161 confoederationes,
1141 1131 1187 1153 aut
1200 1121 1250 1151 ali-

185 1172 254 1202 quas
267 1162 328 1192 alias
335 1159 548 1201 Intelligentias,
566 1163 668 1202 absque
683 1163 801 1197 Affensu
816 1164 849 1194 ὃς
859 1163 1005 1193 Consensu
1019 1160 1187 1192 eorumdem
1201 1159 1247 1189 al-

185 1205 270 1231 terius
279 1223 288 1239 ,
305 1210 373 1231 cum
389 1200 483 1231 Carolo
493 1200 632 1231 Gallorum
646 1203 785 1241 Principe,
803 1209 850 1233 aut
863 1202 960 1239 aliquo
971 1199 1174 1231 Successorutn
1186 1199 1251 1230 suo-

177 1245 268 1277 rum,
283 1238 347 1277 post
360 1239 540 1271 invasionem
555 1249 605 1278 pet
619 1240 732 1270 eosdem
746 1249 777 1271 ut
795 1239 942 1279 praefertur
960 1240 989 1269 in
1009 1240 1147 1284 Regnum
1165 1238 1251 1268 Fran-

188 1279 243 1310 ciae
257 1277 438 1318 inchoatam,
457 1278 539 1309 inibit
553 1288 600 1310 aut
615 1277 717 1318 faciet,
736 1278 783 1311 seu
797 1279 870 1318 inire⁴
885 1287 933 1309 aut
946 1277 1006 1309 fieri
1019 1278 1118 1315 faciet,
1135 1285 1180 1307 aut
1201 1285 1248 1306 ac-

186 1319 322 1356 ceptabit.

187 1396 274 1425 Tenor
291 1395 359 1423 verb
379 1395 479 1422 Commi
497 1396 564 1423 zonis
581 1396 689 1424 Sacrati
708 1397 755 1424 imi
773 1396 954 1424 Romanorum
972 1395 1068 1431 Regis,
1086 1390 1251 1422 Oratoribus

388 1441 460 1460 conce
482 1442 522 1470 ιε,
532 1430 659 1472 sequitur
669 1391 723 1472 ᾖ
742 1432 793 1462 hac
812 1433 955 1463 Verborum
963 1433 1044 1471 serie.

187 1507 446 1564 MAximilian,
466 1519 513 1548 par
528 1508 553 1538 la
564 1508 661 1539 Gracc
673 1508 709 1539 de
731 1508 825 1555 Dieu,
844 1511 898 1548 Roy
914 1509 959 1538 des
981 1510 1108 1553 Romairzs
1123 1506 1254 1552 tousjours

279 1546 406 1587 August,
425 1545 485 1581 &a
503 1554 535 1576 ut
550 1546 632 1586 fiapra
649 1547 682 1576 de
699 1550 772 1577 Dat.
791 1547 912 1589 vtcefimo
922 1547 1037 1587 secundo
1055 1547 1098 1576 dte
1118 1548 1203 1575 Man.

201 1632 289 1662 Tenor
305 1630 374 1662 verb
391 1631 576 1672 Commiffionir
593 1631 854 1711 Anghmmffegi‘l'
882 1631 1044 1662 Oratoribus
1060 1632 1177 1672 tonceffae
1187 1631 1236 1672 fi-

561 1675 672 1711 quitur,
687 1671 725 1707 ό
742 1683 755 1700 e
796 1679 827 1701 ta
840 1674 871 1701 is.

187 1749 378 1804 HEnricus,
397 1747 457 1778 Dei
471 1747 579 1788 gratia,
593 1750 654 1778 Rex
663 1747 777 1786 Angliae
791 1746 829 1782 ὠ·
842 1750 984 1786 Franciae,
1000 1745 1038 1781 &
1058 1750 1188 1778 Dominus
1198 1749 1255 1777 Hi-

222 1824 244 1854 s
258 1786 546 1856 kffm’fgmnlbuffi
561 1788 609 1818 has
621 1788 767 1825 praesentes
784 1787 909 1825 Literas,
925 1787 1037 1825 visuris,
1055 1786 1189 1818 Salutem.

246 1835 324 1856 cratis
359 1836 399 1856 uo

219 1860 282 1893 Pro
300 1836 437 1902 fingulari'
451 1864 485 1894 &
502 1863 611 1894 summa
631 1863 842 1901 Benivolentia,
860 1862 987 1902 Amore,
1007 1863 1040 1894 δε
1066 1862 1250 1901 Αίῖῐεᾶἰοηε,

185 1911 274 1939 quam
291 1900 359 1932 Nos
375 1902 512 1933 habemus
527 1902 562 1932 ad
585 1901 858 1933 Excellentiffimum
875 1903 908 1933 &
926 1901 1156 1932 Potentiffimum
1174 1901 1253 1931 Prin-

185 1938 1254 2018 ΣὶξῖξῖἱξιῶἓοῗηῗηῗῗμὲὓχῖἓὲἓῗᾛῖἒηΡὲῗὲωαλῗέἆῖἑὸἒωΜῗὲᾜὶῗῖ

188 2016 308 2048 Ducem
331 2017 515 2056 Burgundiae,
540 2017 682 2057 Lothriae,
709 1978 886 2054 Brabgntiiss,
909 2016 1112 2056 Lembourgiae,
1130 2002 1257 2048 Luem-³

190 2054 321 2094 bourgiae,
340 2057 373 2087 &
387 2055 522 2095 Geldriae,
542 2056 693 2087 Comitem
703 2055 841 2087 flandriae
852 2079 861 2094 ,
878 2055 1010 2094 Thirolis,
1026 2055 1165 2097 Artefiae,
1180 2057 1254 2087 Bur-

207 2095 316 2132 undiae,
327 2092 488 2125 Palatinum
509 2095 543 2125 de
561 2098 683 2137 Dynan,
709 2094 862 2125 Hollandiae
873 2117 882 2132 ,
906 2094 1079 2135 Zellandiae,
1102 2097 1251 2134 Numurci,

185 2106 339 2171 {utphem
361 2134 394 2164 δε
412 2133 444 2163 de
465 2133 594 2172 Malyns,
617 2133 822 2164 Marchionem
838 2136 914 2163 Sacri
935 2136 1065 2172 Imperii,
1091 2135 1125 2165 δε
1143 2133 1256 2165 Domi-

190 2181 263 2202 num
282 2170 371 2212 Frtfiae
385 2170 423 2206 ό»
437 2171 470 2201 de
482 2172 573 2202 Salins
583 2195 592 2209 ,
610 2172 727 2204 scientes
739 2173 772 2204 &
790 2173 864 2204 bene
879 2171 1024 2202 affecurati
1059 2172 1118 2202 uod
1132 2182 1191 2203 non
1200 2174 1255 2203 mi-

189 2210 255 2240 nori
269 2208 435 2239 Dilectione
448 2210 517 2241 Nos
530 2210 722 2250 prosequitur,
740 2212 809 2242 sicut
816 2212 930 2250 ipsemet
943 2211 1029 2249 ampli
1053 2221 1111 2241 ime
1118 2211 1198 2249 dixit,
1206 2212 1255 2242 de-

190 2248 305 2279 claravit
318 2249 351 2279 ὃ(
369 2258 423 2286 pro
439 2258 519 2280 certo
534 2248 684 2280 affirmavit
703 2259 752 2287 per
769 2250 832 2280 suos
847 2249 982 2279 Oratores
992 2250 1026 2279 ad
1043 2249 1111 2279 Nos
1120 2251 1256 2281 transmis-

190 2287 252 2324 sOS,
269 2287 302 2317 &
314 2287 392 2317 sicuti
406 2287 440 2317 ad
455 2287 523 2317 Nos
535 2287 637 2326 scripsit
650 2290 685 2320 ὃς
698 2288 811 2319 diverfis
825 2287 942 2318 Vicibus
955 2289 1081 2318 nunciati
1094 2287 1180 2327 fecit,

229 2325 298 2369 Nos
314 2325 542 2370 Deliberavimus
554 2336 655 2373 capere
670 2327 703 2358 &
712 2328 815 2358 habere
830 2336 896 2356 cum
905 2327 1036 2364 praedilio
1054 2330 1154 2357 Fratre
1168 2327 1255 2367 nost-ro

190 2363 1170 2443 ffi3222⁵affigffggfgff³gffb3lg⁶ffgpgng’spfflggffisg}“gc‘gssffigffas
1181 2376 1253 2397 Μ’

226 2442 333 2471 Notum
341 2440 461 2481 facimus
475 2442 555 2481 quod
571 2442 657 2480 Nos,

226 2478 317 2510 Plene
334 2480 511 2512 confidentes
534 2481 570 2511 de
590 2479 743 2518 Industria,
758 2479 918 2519 fidelitate,
946 2480 1114 2519 Prudentia,
1139 2483 1173 2513 &
1190 2481 1254 2513 Do-

189 2517 294 2557 ἃῐίηε,
313 2518 498 2550 Β11εᾶοτυῑη
512 2519 545 2550 &
558 2519 698 2550 Fidelium
715 2519 895 2557 nostrorum,
911 2519 1020 2550 Thomae
1033 2519 1139 2550 Lovell
1152 2520 1254 2552 Militis

189 2556 368 2588 Thesaurarii
384 2556 515 2589 Camerae
531 2557 652 2595 nostrae,
669 2559 702 2589 δε
721 2557 855 2595 Magistri
867 2561 979 2588 Henrici
994 2558 1182 2598 Aynesworth
1198 2560 1254 2590 Le-

191 2605 266 2633 gum
281 2594 421 2627 Doc‘toris
437 2598 466 2626 in
484 2595 599 2628 Officio
621 2596 727 2627 Privati
743 2596 830 2637 Sigilli
847 2596 937 2627 nostri
955 2597 1135 2636 Secundarii,
1150 2597 1255 2630 Conli-

189 2634 333 2665 liariorum
347 2633 513 2666 nostrorum
521 2657 532 2673 ,

227 2671 341 2703 Eisdem
351 2695 360 2710 ,
375 2682 428 2712 pro
444 2673 602 2712 hujusmodi
617 2672 715 2706 Cauiis
730 2673 763 2704 &
776 2673 833 2704 aliis
847 2673 917 2704 Nos
930 2675 1128 2712 moventibus,
1145 2683 1193 2713 per
1201 2675 1255 2705 bo-

192 2720 265 2741 num
286 2712 499 2742 Avisamentum
517 2713 551 2743 ὃ(
573 2712 837 2750 Deliberationem,
859 2712 998 2744 Dedimus
1017 2713 1051 2743 &
1076 2712 1188 2743 Damus
1207 2724 1254 2751 per

191 2748 362 2788 Praesentes,
388 2749 482 2781 Manu
502 2749 599 2781 nostra
612 2751 630 2782 si
652 2761 742 2789 natas,
762 2751 991 2790 Auctoritatem,
1011 2751 1203 2789 Facultatem,
1221 2754 1254 2783 &

189 2789 303 2826 plenam
318 2787 490 2819 Potestatem
499 2788 625 2820 Tradian
647 2791 673 2829 i,
684 2789 817 2820 Faciendi
850 2790 883 2821 ὃ(
892 2789 1110 2828 Concludendi,
1125 2801 1177 2831 pro
1187 2790 1255 2821 No-

190 2827 231 2857 bis
249 2827 283 2856 &
298 2826 438 2870 Nomine
449 2827 567 2871 nostrO,
586 2838 655 2859 cum
669 2813 875 2866 spectabilibus
882 2828 970 2872 Viris,
991 2828 1125 2859 Domino
1138 2830 1253 2859 Ladron

188 2865 221 2895 de
237 2863 373 2894 Ghevara
388 2864 484 2897 Milite
499 2865 669 2897 Confiliario
692 2868 726 2898 &
743 2865 909 2898 Camerario
924 2867 1048 2905 ejusdem
1074 2870 1182 2897 Fratris
1208 2880 1256 2897 no-

179 2903 237 2974 {tri
246 2926 254 2940 ,
274 2904 307 2933 &
325 2901 467 2941 Magistro
483 2903 589 2942 Jacobo
603 2905 775 2936 Gondebault
789 2904 839 2935 suo
853 2906 882 2935 in
895 2905 1075 2936 Ordinanciis
1090 2906 1122 2936 ὅ(
1136 2905 1255 2937 Guerris

196 2943 238 2974 uis
254 2941 427 2979 Secretario,
446 2941 671 2981 Auitoritatem,
692 2944 882 2981 Facultatern,
897 2945 930 2975 &
946 2945 1058 2982 plenam
1078 2943 1253 2976 Potestatem

186 2981 224 3013 ab
238 2981 343 3011 eodem
357 2979 452 3010 Fratre
467 2980 566 3010 nostro
581 2981 616 3011 ad
635 2981 692 3013 hoc
714 2983 897 3020 habentibus,
914 2992 1017 3013 omues
1037 2981 1234 3022 Intelligcntias
1244 3007 1253 3022 ,

187 3018 472 3057 confoederationes,
487 3019 520 3050 &
537 3019 714 3058 Alligantias,
732 3030 796 3059 quae
812 3020 982 3051 videbuntur
997 3021 1054 3051 esse
1069 3022 1155 3051 bonae
1171 3022 1205 3053 &
1219 3033 1252 3053 u-

186 3057 249 3089 tiles
262 3067 316 3097 pro
329 3057 503 3089 Commodo
517 3058 550 3089 &
565 3058 688 3090 Honore
707 3058 848 3098 utriusque
868 3057 1017 3091 Nostrum
1036 3059 1252 3100 Patriammque

186 3097 222 3129 &
235 3095 422 3127 subditorum
437 3095 620 3136 nostrorum,

226 3133 443 3174 Promittentes,
458 3136 487 3166 in
503 3134 601 3166 Verbo
625 3134 741 3173 Regio,
759 3135 887 3173 Ratum,
905 3135 1054 3176 Firmum,
1073 3137 1251 3176 Acceptum,

187 3173 223 3205 ὅ(
238 3173 344 3204 Stabile
357 3173 459 3206 habere
471 3183 562 3204 omne
576 3174 609 3206 &
622 3184 716 3205 totum
728 3174 797 3205 illud
813 3175 890 3212 quod
910 3175 938 3205 in
952 3176 1004 3205 hac
1059 3185 1099 3205 rte
1115 3186 1164 3213 per
1178 3185 1250 3215 prae-

185 3212 280 3243 dictos
294 3210 478 3244 consiliarios
486 3211 597 3243 nostros
605 3213 773 3244 Traffltum
809 3213 947 3250 Factum,
964 3215 996 3245 δε
1034 3214 1181 3244 onclusum
1189 3215 1250 3245 fue-

185 3251 235 3282 rit,
254 3251 324 3282 sicut
339 3250 358 3280 fi
372 3260 456 3286 penes
469 3248 624 3295 Personam
639 3250 765 3295 nostram
781 3235 902 3282 Paetum
912 3252 1156 3296 ,Tractatum,&
1166 3252 1250 3284 Con-

185 3289 296 3320 clusum
310 3288 401 3319 fuisset
410 3310 420 3325 ‚
435 3299 562 3326 quamvis
576 3291 606 3320 in
623 3291 661 3322 eis
674 3299 825 3328 requiratur
835 3289 1006 3321 Mandatum
1024 3300 1112 3329 magis
1126 3292 1250 3331 speciale.

225 3326 290 3394 “l?
303 3328 383 3371 cujus
398 3326 455 3359 Rei
469 3327 684 3359 Testimonium
696 3328 882 3360 Praesentibus
906 3329 1037 3369 Sigillum
1058 3329 1186 3360 nostrum
1199 3341 1249 3369 ap-

224 3375 254 3394 m
282 3375 399 3396 ecimus.

182 3374 292 3433 PoDat.
307 3403 381 3441 apud
395 3403 500 3441 Oking,
516 3403 621 3434 ottavo
636 3404 681 3436 die
695 3405 884 3445 Septembris,
902 3405 989 3436 Anno
1009 3405 1135 3435 Domini
1151 3406 1246 3438 Mille-

185 3441 276 3479 fimo,
296 3441 586 3480 Quadringentesimo
601 3442 800 3483 Nonagesimo
810 3467 820 3483 ,
838 3445 872 3476 &
888 3444 984 3485 Regni
998 3445 1087 3475 nostri
1098 3444 1184 3477 sexto.

218 3517 377 3558 Subscriptio
393 3525 483 3548 antem
500 3517 567 3549 talis
583 3519 620 3559 cst
638 3528 670 3550 ut
700 3524 815 3563 equitur.

414 3596 469 3633 Per
482 3594 565 3635 ipfitm
582 3597 679 3635 Regem
696 3597 736 3634 ό·
751 3598 785 3629 de
802 3600 884 3629 Data
899 3599 1048 3638 praediaa,
1066 3600 1246 3631 Auaoritate

496 3633 688 3667 Paliamenti.

822 3685 1137 3719 BacnaLER.

216 3763 297 3803 Quae
311 3762 413 3793 onmia
427 3762 462 3792 &
485 3761 591 3800 singula
611 3763 679 3795 Nos
700 3763 878 3795 Illustriss‘nni
902 3765 1042 3804 Principis
1063 3770 1244 3798 Romanorum

179 3804 259 3840 Regis
269 3801 406 3832 Oratores
420 3800 529 3839 praefati
545 3800 688 3833 Potestate
704 3804 760 3842 qua
777 3804 856 3840 supra
870 3804 1050 3843 Spondemus
1069 3815 1152 3844 atque
1168 3806 1242 3837 Pro-

178 3843 335 3878 mittimus,
352 3840 534 3877 eundemque
551 3839 663 3879 Regem
679 3841 811 3871 nostrum
833 3841 950 3873 firmiter
969 3842 1141 3882 Obligamus
1161 3846 1241 3883 quud

179 3879 257 3910 idem
269 3879 405 3918 Princeps
420 3877 513 3908 noster
534 3880 713 3908 Romanorum
735 3882 796 3909 Rex
813 3880 970 3910 antediCtus
993 3891 1128 3919 quatenus
1148 3884 1237 3923 ipsum

177 3926 359 3950 concernunt
380 3914 539 3948 Ratificabit
557 3918 590 3947 &
607 3916 777 3948 Observabit
791 3941 800 3954 ,
825 3920 857 3949 ὃς
876 3920 905 3948 in
924 3929 957 3949 ac
973 3920 1022 3949 sub
1040 3920 1174 3952 Nomine
1189 3923 1239 3953 suo

176 3957 312 3997 proprio,
329 3957 382 3986 una
397 3965 467 3987 cum
485 3955 590 3986 Manus
605 3956 725 3995 propriae
739 3956 965 3994 Subscriptione‚
982 3958 1015 3989 δε
1030 3959 1070 3988 sui
1085 3959 1187 4000 Magni
1196 3962 1239 3991 Si-

176 3993 236 4036 gilli
253 3994 426 4034 munitione,
445 3994 515 4025 infra
530 3994 605 4025 Tres
619 3993 732 4024 Menses
747 3994 812 4032 post
828 3995 934 4026 Datam
948 3995 1132 4028 Praesentium
1146 4001 1239 4037 proxi-

174 4034 232 4065 mo
248 4032 356 4062 futuros
364 4034 521 4064 innovabit.

214 4070 248 4100 ln
264 4079 386 4108 quorum
397 4073 532 4103 omniurn
546 4072 581 4104 &
596 4071 770 4110 singulorum
785 4071 1000 4103 Praemifforurn
1019 4072 1154 4106 Fidem&
1174 4075 1236 4108 Te-

547 738 611 777 post
633 737 831 778 Invafionem,
850 740 879 769 in
896 738 1034 776 Regnum
1052 737 1179 767 Franciae
1197 745 1248 774 per
1302 748 1305 750 v

1273 323 1338 355 grem
1353 312 1490 356 'Oratores
1504 316 1639 360 antedi&i
1649 320 1700 362 biis
1712 321 1884 358 praesentibus
1900 321 2036 354 Manibus
2060 325 2177 363 propriis
2198 325 2334 364 lubscrip-
2368 332 2453 361 1490-

1280 360 1313 380 tis
1328 349 1424 388 sigilla
1440 353 1532 384 nostra
1548 360 1733 393 apposuimus.

1318 387 1429 431 Datum
1450 395 1522 430 apud
1537 394 1642 438 ijng,
1657 396 1811 426 undecimo
1834 396 1880 428 die
1899 397 2088 439 Septembris,
2105 399 2194 432 Anno
2214 393 2338 433 Domini

1282 425 1457 466 MillelimO,
1475 430 1773 473 Quadringentefirno,
1793 434 1997 475 Nomgefimo.

2349 365 2412 390 Hm.
2425 372 2456 398 5.

1338 501 1581 536 LADRON.

1426 550 1568 574 Not-:B

1429 589 1568 612 oMAs

1428 627 1566 651 NR1c

1635 756 1732 800 Super
1753 754 1832 787 Bello
1849 757 1997 800 praetaslo.

1286 835 1468 890 UNiverfis
1480 835 1519 873 ό
1525 836 1641 879 fingulis
1651 862 1661 877 ,
1678 837 1712 869 ad
1721 849 1791 878 quos
1819 834 1945 872 raesentes
1954 841 2056 872 Literae
2064 846 2237 881 pervenerint
2246 845 2341 884 ,Nos,
2356 841 2423 872 Arm
2447 840 2489 874 D.

1309 912 1315 918 ·
1350 875 1467 906 Ladron
1480 876 1513 905 de
1527 877 1664 908 Ghevara
1680 876 1767 908 Miles
1804 880 1811 887 “
1832 879 1961 910 nfiliarius
1976 880 2010 911 &
2025 879 2215 921 Camerarius,
2230 885 2263 915 ὃς
2276 884 2342 914 Mi-
2376 889 2465 919 1490.

1309 912 1373 944 ister
1386 913 1509 953 Jacobur
1522 915 1555 946 de
1568 916 1739 946 Gondebauit
1753 916 1921 948 Secretarius
1938 919 1967 948 in
1981 918 2159 950 Ordinanciis
2171 922 2203 951 &
2216 921 2341 961 Gueiris,
2356 923 2406 946 A‘J-
2423 923 2449 947 ⁶-

1308 952 1470 983 acratissimi
1488 952 1626 995 Principis
1646 955 1854 993 Maximiliani,
1872 955 1930 986 Dei
1950 958 2054 997 gratia,
2074 960 2251 989 Romanorum
2270 963 2345 999 Regii·
2359 962 2390 984 H.
2408 967 2434 992 7-

1289 989 1505 1031 Commiffarii,
1525 992 1741 1033 Procuratores,
1757 996 1790 1026 &
1809 994 1961 1034 Deputati,
1980 995 2115 1027 Salutem.
2363 1001 2399 1022 Ex
2414 1000 2471 1023 Au-

1325 1029 1423 1060 Sciatis
1443 1031 1542 1070 quod,
2363 1043 2427 1071 ²03?-

1325 1066 1408 1099 Ciim
1424 1068 1622 1102 Sereniffimus
1638 1068 1773 1109 Princeps
1787 1073 1910 1102 Franciae
1926 1073 2045 1103 Karalus
2058 1075 2117 1103 Rex
2131 1075 2265 1105 nonnulla
2278 1074 2353 1113 Opi-

1289 1104 1324 1149 da
1337 1106 1468 1146 insignia,
1487 1107 1603 1147 Castra,
1621 1108 1775 1147 Dominia,
1793 1111 1897 1148 aliaque
1910 1112 2114 1150 quamplurima
2133 1113 2197 1150 Jura
2213 1113 2352 1144 Poterant-

1288 1148 1426 1176 iimorum
1441 1145 1535 1176 Ptinci
1558 1158 1606 1178 um
1623 1151 1803 1178 Romanorum
1822 1149 2028 1191 Anglorumque
2051 1151 2083 1181 &
2104 1151 2283 1191 Hispanorum
2300 1155 2351 1183 Re-

1284 1193 1367 1222 gum,
1382 1194 1495 1215 necnon
1514 1184 1534 1215 11
1547 1185 1689 1216 ustriffimi
1705 1186 1843 1225 Principis
1861 1187 1977 1227 Philippi
1995 1188 2158 1219 Archidam-
2174 1191 2295 1229 Austriae
2316 1193 2350 1223 &

1291 1222 1456 1260 Burgundiae
1472 1226 1571 1262 Ducis,
1590 1224 1831 1264 Sereniffimaeque
1846 1225 1985 1266 Principis
2007 1231 2102 1257 Annae
2121 1231 2275 1259 Britanniae
2290 1226 2351 1259 Du*-

1290 1260 1358 1300 ciffae
1369 1284 1379 1300 ,
1395 1270 1475 1300 atque
1488 1271 1657 1294 caeterorum
1674 1262 1845 1294 Vicinorum
1867 1263 2038 1296 Christianae
2059 1264 2218 1304 Religionis
2243 1267 2356 1299 Princi-

1289 1309 1376 1337 pum,
1393 1309 1493 1330 contra
1508 1311 1628 1331 omnem
1641 1301 1715 1340 juris
1729 1302 1907 1340 AEquitatem
1917 1326 1927 1342 ,
1947 1303 2060 1335 Viribus
2075 1305 2108 1335 &
2124 1304 2237 1336 Astatia
2256 1307 2352 1345 inique

1288 1337 1456 1377 usurpaverit
1470 1348 1503 1369 ac
1513 1339 1620 1377 usurpat
1633 1341 1935 1380 impraesentiarumque
1943 1343 2066 1380 detinet,
2086 1342 2169 1382 usque
2182 1345 2255 1375 adeo
2273 1345 2354 1383 quod

1290 1386 1346 1406 nec
1362 1376 1483 1415 Pietati,
1501 1377 1638 1417 necJuri,
1655 1389 1708 1409 nec
1721 1378 1858 1418 Justitiae,
1876 1389 1922 1411 aut
1933 1380 2080 1421 Religioni
2096 1383 2196 1420 quovis
2210 1384 2296 1422 Paesto
2305 1392 2353 1423 pa·
2413 1406 2416 1407 ν

1291 1423 1346 1445 reat
1360 1423 1407 1445 aut
1423 1426 1518 1453 parere
1533 1417 1599 1447 velit
1609 1439 1618 1454 ,

1329 1452 1467 1492 Cumque
1481 1456 1564 1484 etiam
1580 1463 1655 1485 certa
1670 1454 1798 1493 Capitula
1807 1454 1977 1494 Conventa,
1992 1456 2152 1497 Conclusa,
2169 1461 2202 1492 &
2212 1459 2308 1500 Jurata
2324 1462 2355 1491 in

1291 1491 1457 1529 quibusdam
1475 1495 1576 1530 Dietis,
1594 1494 1666 1531 apud
1677 1492 1886 1533 Frankfordiam
1898 1493 1936 1530 ό»
1952 1494 2058 1527 Ulmam
2071 1497 2215 1535 separatim
2231 1499 2355 1531 celebra-

1294 1531 1346 1566 tis,
1364 1531 1435 1561 inter
1447 1530 1667 1561 Sacratiffirnum
1691 1531 1852 1571 Principem
1874 1536 2052 1563 Romanorum
2067 1538 2161 1573 Regem
2182 1537 2215 1567 &
2231 1538 2354 1570 eundem

1293 1568 1419 1598 carolum
1440 1572 1479 1599 Re
1496 1580 1536 1598 em
1558 1570 1678 1599 minime
1701 1571 1873 1608 observavit,
1892 1573 1972 1609 Imo,
1989 1573 2081 1610 spreto
2101 1575 2150 1604 suo
2169 1575 2354 1617 juramento,

1293 1606 1396 1644 suaque
1411 1617 1446 1637 ex
1490 1607 1555 1645 ulpa
1568 1608 1602 1639 ὃς
1616 1607 1715 1647 Dolo,
1732 1608 1847 1639 scienter
1868 1610 1900 1640 &
1916 1609 2081 1649 spontanie,
2099 1611 2242 1652 Violavit,
2260 1615 2357 1652 sicque

1293 1645 1333 1675 illi
1347 1645 1498 1676 Tractatus
1513 1647 1547 1677 ὃς
1563 1646 1718 1677 Conventa
1730 1648 1759 1677 in
1774 1648 1876 1678 eodem
1892 1649 1991 1678 nullius
2012 1649 2076 1680 sunt
2096 1649 2208 1690 Vigoris
2226 1655 2258 1683 &
2276 1653 2357 1685 Effe-

1295 1682 1359 1715 etus
1374 1694 1457 1725 atque
1469 1694 1521 1724 pro
1538 1685 1646 1716 nichilo
1660 1686 1772 1725 penitus
1788 1686 1944 1724 habentur,

1332 1722 1401 1754 Nos
1411 1747 1422 1760 ,
1436 1724 1551 1753 Ladron
1563 1724 1596 1754 &
1614 1723 1752 1761 Magister
1768 1724 1910 1763 Jacobus,
1925 1725 2030 1763 praefati
2053 1726 2230 1758 Sacratiffimi
2246 1728 2358 1761 Princi⁴

1293 1762 1335 1830 Eis
1349 1762 1439 1792 nostri
1454 1762 1647 1792 Maximiliam'
1669 1766 1747 1800 Regis
1767 1767 1946 1793 Romanarum
1970 1763 2122 1804 Oratores,
2141 1765 2358 1808 Commissarii,

1321 1809 1516 1840 rocuratores,
1534 1802 1566 1832 &
1580 1800 1715 1841 Deputati
1727 1802 1860 1832 antediffi
1870 1825 1880 1841 ,
1897 1804 1998 1839 vigore
2013 1804 2046 1833 ὃ(
2060 1805 2228 1836 auctoritate
2243 1805 2356 1838 Comis-

1295 1838 1379 1869 sionis
1391 1839 1490 1869 Nobis
1505 1840 1541 1870 ab
1555 1840 1615 1878 ipso
1629 1840 1769 1870 concessae
1788 1843 1876 1880 (cujus
1890 1845 1961 1872 ver'o
1977 1840 2193 1874 Commiffionis
2203 1845 2303 1875 Tenor
2315 1847 2357 1876 In-

1294 1876 1377 1908 ferius
1393 1878 1529 1916 inseritur)
1550 1888 1635 1916 cum,
1653 1878 1857 1916 Specstabilibus
1873 1881 1906 1910 &
1927 1879 2161 1911 Praehonorandis
2178 1881 2268 1922 Viris,
2286 1885 2357 1914 Tho-

1295 1926 1346 1946 mae
1361 1916 1455 1946 Lovel
1466 1916 1563 1947 Milite
1576 1917 1763 1948 Thesaurario
1776 1917 1906 1948 Camerae
1924 1917 2112 1949 potentissimi
2128 1919 2267 1959 Principis
2279 1926 2357 1953 Hem

1295 1958 1359 1992 rici,
1379 1954 1437 1986 Dei
1471 1955 1555 1994 tatia,
1574 1957 1652 1993 Regis
1672 1955 1800 1994 Angliae,
1820 1955 1879 1991 &a
1898 1959 1931 1987 ὅ(
1953 1959 2070 1988 Henricu
2090 1958 2280 1998 Aynesworth
2300 1961 2358 1992 Le-

1294 2002 1365 2032 gum
1382 1993 1435 2024 Do
1465 2004 1517 2024 ore
1534 1996 1564 2024 in
1576 1994 1688 2025 Officio
1706 1995 1810 2026 Privati
1824 1995 1912 2034 Sigilli
1928 1995 2049 2032 ejusdem
2064 1995 2151 2036 Regis
2165 1999 2357 2038 Secundario,

1296 2031 1481 2070 Oratoribus,
1500 2032 1725 2071 Commiffitriis,
1744 2032 1993 2071 Procuratoribus,
2011 2033 2203 2074 &Deputatis
2223 2038 2358 2076 (quoium

1316 2071 1410 2101 uidem
1434 2072 1619 2103 Auctoritatis
1637 2073 1672 2102 &
1690 2070 1907 2102 Commiffionis
1932 2073 2033 2103 Tenor
2060 2074 2144 2104 etiam
2171 2074 2359 2114 subinfer-itur)

1324 2110 1489 2149 uetoritate,
1509 2109 1597 2147 Vice,
1617 2110 1650 2141 &
1666 2110 1848 2141 Nominibus
1862 2110 2027 2141 nostrorum
2044 2111 2213 2151 Principum
2227 2117 2359 2145 Romano-

1292 2159 1354 2178 rum
1368 2148 1571 2190 Anglorumque
1586 2152 1684 2186 Regum
1699 2149 1924 2187 antedictorum,
1939 2150 1972 2180 ὃς
1987 2149 2101 2188 Philippi
2113 2152 2276 2182 Archiducis
2293 2158 2360 2183 ΑΒ·

1285 2187 1364 2227 striae
1378 2189 1412 2218 δε
1425 2187 1590 2226 Burgundiae
1604 2191 1707 2226 Ducis,
1726 2187 1876 2226 praehabita
1893 2189 2001 2218 matura
2011 2188 2236 2228 Deliberatione,
2258 2195 2357 2223 unani-

1294 2227 1376 2257 miter
1383 2227 1605 2264 Trat‘jmvimus,
1624 2225 1890 2265 Concordavimus,
1908 2225 2123 2266 Convenimus,
2139 2237 2222 2267 atque
2229 2229 2360 2261 Conclu-

1293 2265 1394 2303 fimus,
1413 2274 1447 2295 ac
1462 2274 1510 2304 pet
1525 2264 1676 2295 Praesentes
1691 2264 1904 2303 Convenimus,
1924 2266 2168 2305 Paciscimurque,
2183 2269 2215 2299 δε
2225 2267 2358 2300 Conclu-

1291 2304 1400 2342 dimus,
1414 2305 1512 2334 omnia
1529 2305 1564 2335 &
1580 2303 1682 2342 lingula
1695 2302 1826 2341 Capitula
1841 2314 1906 2342 quae
1921 2303 1948 2334 se
1968 2313 2089 2343 uuntur,
2109 2306 2199 2336 modo
2217 2307 2250 2338 &
2263 2308 2359 2339 forma

1292 2342 1537 2380 subsequentibus,
1554 2343 1690 2372 omnibus
1702 2342 1736 2372 &
1753 2342 1865 2380 ungulis
1879 2343 1936 2373 aliis
1975 2344 2217 2382 onventionibus,
2236 2347 2306 2376 inter
2315 2348 2359 2385 ip-

1291 2382 1336 2411 sos
1350 2381 1444 2421 Reges
1455 2382 1574 2412 antehac
1591 2381 1683 2419 initis,
1701 2381 1731 2411 in
1744 2381 1794 2412 suo
1808 2381 1930 2412 Robore
1951 2383 2178 2421 permanentibus
2195 2392 2279 2422 atque
2297 2395 2360 2425 per-

1293 2421 1434 2450 mansuris.

1294 2497 1313 2517 *
1333 2500 1420 2528 Tenor
1437 2495 1506 2526 verb
1521 2496 1724 2534 Capitulorum,
1751 2499 1824 2526 inter
1841 2494 1902 2526 Nos
1921 2496 2060 2537 utriuffiue
2078 2499 2210 2537 Principis
2225 2503 2358 2532 antedi&
2372 2511 2390 2528 α
2411 2512 2478 2539 χῃ,

1441 2536 1632 2575 Comrmffisrios
1650 2534 1842 2575 concluffirum,
1859 2534 1996 2575 sequitur,
2014 2535 2053 2571 ὠ
2069 2536 2107 2576 est
2121 2537 2196 2568 talis.
2371 2560 2438 2586 40&

1296 2612 1356 2670 IN
1368 2622 1386 2642 P
1395 2622 1417 2643 R
1429 2621 1441 2642 1
1452 2620 1478 2642 M
1489 2622 1500 2642 1
1510 2622 1522 2642 s
1532 2636 1541 2651 ,
1559 2612 1645 2650 Nos,
1661 2612 1808 2642 didiorum
1816 2611 2069 2642 Illustriffimorum
2083 2612 2250 2654 Principum
2262 2619 2361 2647 Roma-

1339 2663 1435 2682 norum
1452 2650 1489 2687 &
1500 2650 1653 2689 anglorum
1662 2653 1760 2688 Regum
1776 2651 1911 2681 Oratores
1924 2651 2102 2689 &Deputati
2118 2655 2270 2692 antedicti,
2288 2656 2359 2686 Ixo-

1296 2691 1420 2720 minibus
1431 2699 1534 2720 eorum
1548 2691 1581 2721 ὅ(
1595 2699 1648 2728 pro
1663 2690 1718 2726 eis,
1738 2689 1915 2720 Audioritate
1935 2690 1968 2720 δε
1989 2689 2130 2721 Potestate
2146 2692 2243 2723 Nobis
2265 2695 2300 2724 ab
2319 2696 2359 2724 eis

1293 2736 1323 2757 ut
1339 2729 1516 2767 praemittitur
1530 2727 1685 2765 conceffis,
1753 2728 1940 2764 ncordarnus,
1955 2727 2170 2768 Convenimus,
2185 2732 2219 2761 &
2230 2732 2358 2763 Conclu-

1294 2767 1402 2805 dimus,
1420 2767 1547 2806 ipsosque
1569 2766 1713 2806 Principes
1732 2766 1844 2796 nostros
1869 2766 1985 2797 firmiter
2000 2766 2168 2806 Obligamus
2189 2771 2285 2808 quod,
2304 2772 2360 2802 im-

1296 2806 1416 2837 mediate
1426 2805 1493 2844 -post
1507 2806 1580 2836 Tres
1596 2805 1710 2843 Annos,
1729 2804 1793 2842 post
1808 2804 1914 2835 Datam
1929 2804 2111 2836 Praesentium
2132 2809 2266 2844 proximo
2281 2810 2357 2840 futu-⁶

1296 2853 1359 2882 ros,
1378 2844 1421 2874 vel
1437 2845 1531 2882 aliquo
1547 2853 1679 2882 tempore
1693 2844 1776 2874 citius
1791 2843 1811 2873 si
1827 2846 1936 2882 utrique
1950 2843 2075 2880 ipsorum
2095 2843 2212 2883 Regum
2229 2847 2257 2876 id
2274 2847 2356 2879 Utile

1296 2891 1380 2922 atque
1395 2882 1586 2913 Conducibile
1601 2882 1746 2919 videatur,
1764 2890 1881 2919 uterque
1900 2882 2084 2919 praefatorum
2098 2885 2276 2913 Romanorum
2289 2890 2357 2916 An-

1289 2921 1442 2962 glorumque
1459 2925 1559 2958 Regum
1573 2929 1672 2951 contra
1695 2920 1806 2950 dictum
1828 2921 1954 2949 Car-olum
1976 2919 2117 2949 Gallorum
2138 2923 2302 2961 Principem,
2321 2926 2356 2956 ὃς

1290 2969 1492 3000 quemcunque
1508 2960 1565 2997 ejus
1578 2958 1790 2995 Succefforem,
1807 2957 1914 2988 Bellum
1936 2958 2051 2995 publice
2068 2959 2192 2999 indicet,
2209 2965 2291 2999 leque
2307 2964 2350 3002 ip-

1291 3001 1342 3029 iius
1357 2999 1481 3029 Hostem
1500 2996 1644 3028 manifeste
1660 2997 1837 3034 Declarabit,
1855 3006 1937 3034 atque
1953 2996 2001 3027 sua
2011 3006 2080 3027 cum
2096 2999 2223 3029 Potentia
2239 3002 2292 3038 qua
2303 3011 2352 3039 per

1290 3038 1328 3068 Se
1343 3039 1447 3075 poterit
1464 3038 1492 3066 in
1509 3036 1613 3075 Regno
1630 3035 1759 3065 Franci-ae
1773 3034 1873 3065 Castra
1889 3036 2005 3073 metari,
2026 3036 2140 3066 suorum
2163 3036 2349 3069 inimicorum

1289 3075 1406 3114 Injurias
1423 3076 1529 3106 viribus
1542 3075 1610 3105 inibi
1625 3073 1804 3111 propulsare,
1823 3075 1856 3105 &
1872 3073 1916 3103 sua
1934 3073 2000 3111 Jura
2019 3073 2110 3105 Manu
2125 3075 2191 3106 forti
2213 3076 2293 3113 (Deo
2304 3079 2351 3115 ju-

1288 3118 1384 3152 vante)
1403 3114 1582 3150 Recuperare
1606 3112 1713 3151 valeat,
1730 3111 1839 3142 Bellum
1856 3122 1954 3143 contra
1972 3112 2095 3143 eundern
2113 3114 2237 3143 Carolum
2251 3118 2347 3152 Regem

1286 3153 1399 3191 ejusque
1414 3151 1593 3183 Succeffores
1613 3150 1775 3181 Invasivum
1795 3150 1846 3181 suo
1862 3152 1978 3189 proprio
1993 3149 2065 3182 AEre
2085 3152 2189 3181 realiter
2203 3162 2286 3191 aget,
2305 3156 2346 3193 ip-

1283 3192 1401 3229 sumque
1417 3191 1554 3230 Regnum
1571 3190 1695 3220 Franciae
1709 3199 1778 3219 cum
1792 3189 1953 3228 hujusmodi
1969 3189 2097 3219 Potentia
2111 3192 2138 3220 in
2151 3190 2269 3222 Persona
2279 3202 2342 3231 pro-

1285 3232 1343 3269 pria
1360 3230 1490 3267 intrabit,
1509 3229 1540 3259 &
1555 3237 1661 3267 quanto
1673 3227 1832 3258 commode
1852 3229 1954 3269 poterit
1976 3229 2117 3258 continuo
2134 3231 2341 3268 progredietur,-

1285 3269 1378 3307 ficque
1395 3268 1542 3306 praefatum
1558 3266 1683 3297 Carolum
1698 3269 1845 3305 Principem
1864 3271 1975 3296 luorum
1994 3275 2183 3296 communem
2199 3268 2343 3309 Hostem,

1284 3308 1317 3338 &
1332 3308 1390 3345 ejus
1405 3306 1584 3338 Succeffores
1600 3315 1649 3344 per
1664 3305 1786 3335 Terram
1809 3305 1842 3335 δε
1860 3303 1942 3334 Mare
1964 3303 2070 3334 Bellicis
2086 3305 2192 3344 Armis,
2211 3317 2264 3345 pro
2285 3311 2344 3346 ejus

1285 3347 1407 3384 viribus,
1426 3344 1588 3382 Infestabit,
1606 3353 1659 3373 nec
1676 3343 1764 3373 Alter
1780 3353 1870 3372 eorum
1890 3343 1924 3372 ab
1943 3342 2102 3380 hujusmodi
2126 3343 2220 3383 Bello,
2239 3347 2275 3376 iic
2297 3349 2340 3377 in-

1282 3394 1385 3423 cepto,
1404 3384 1461 3414 sine
1476 3384 1603 3423 expressb
1617 3381 1744 3412 Alterius
1756 3381 1898 3412 consensu
1907 3404 1915 3418 ,
1933 3381 2002 3424 infra
2013 3380 2094 3410 Duos
2104 3381 2216 3421 Annos,
2233 3384 2340 3416 dictam

1281 3432 1384 3454 eorum
1396 3423 1426 3452 in
1441 3422 1576 3461 Regnum
1593 3421 1617 3451 F
1619 3422 1720 3450 ranciae
1733 3419 1908 3450 Invalionem
1921 3420 2056 3456 proximo
2071 3419 2104 3449 &
2118 3421 2284 3454 immediate-
2299 3424 2338 3455 se-

1281 3471 1412 3501 quenteS,
1430 3461 1530 3499 quovis
1543 3459 1633 3490 Paeto
1647 3457 1767 3489 desistet.
2140 3498 2145 3502 ”

1317 3500 1371 3538 Et,
1391 3500 1409 3529 li
1425 3500 1574 3535 contingat
1595 3497 1684 3536 (quod
1702 3497 1778 3527 Deus
1797 3494 1912 3538 avertat)
1932 3495 2013 3532 quod
2032 3495 2101 3525 alter
2117 3495 2261 3529 dictorum
2284 3503 2338 3530 Ro-

1278 3549 1418 3568 manorum
1442 3536 1480 3572 &
1507 3535 1660 3575 Anglorum
1684 3539 1782 3572 Regum
1802 3537 1894 3576 (omni
1911 3533 1998 3571 dolo,
2024 3534 2138 3575 colore,
2156 3535 2286 3576 fictione,
2303 3541 2337 3569 &

1281 3577 1377 3608 fraude
1389 3576 1514 3611 semotis)
1532 3584 1566 3604 ex
1578 3575 1668 3612 aliqua
1681 3573 1759 3604 causa
1774 3573 1909 3614 legittima
1931 3572 1964 3601 &
1979 3572 2142 3611 necessaria,
2161 3584 2190 3605 ut
2207 3578 2271 3612 put‘a
2288 3576 2336 3606 ln-

1280 3615 1429 3653 firmitate,
1447 3612 1613 3652 praepeditus
1627 3612 1725 3650 fuerit,
1742 3611 1867 3648 adeoque
1883 3619 1911 3638 m
1924 3609 2005 3640 dieto
2022 3611 2165 3643 Termino
2179 3613 2216 3643 {ic
2231 3614 2334 3645 statuto

1267 3656 1307 3684 'in
1325 3653 1444 3683 Persona
1458 3653 1568 3690 propria
1582 3649 1716 3688 Regnum
1732 3648 1755 3678 F
1757 3650 1857 3678 ranciae
1872 3657 1940 3677 cum
1957 3648 2002 3678 sua
2015 3647 2146 3681 Potentia
2170 3653 2227 3681 uilo
2245 3653 2336 3684 niodo

1279 3702 1310 3723 ut
1327 3692 1506 3730 praemittitur
1524 3688 1628 3728 ingredi
1646 3696 1778 3727 nequeat,
1797 3686 1880 3727 quod
1894 3695 1979 3723 tunc,
1999 3687 2016 3717 fi
2031 3688 2098 3718 alter
2109 3689 2220 3728 ipfiwm
2235 3693 2334 3727 Regum

1279 3732 1309 3761 in
1324 3741 1359 3761 eo
1374 3729 1518 3760 Termino
1532 3728 1560 3756 in
1575 3726 1694 3756 Perlona
1709 3725 1818 3766 propria
1828 3725 1940 3768 diztum
1965 3724 2101 3765 Regnum
2115 3737 2197 3766 prout
2211 3728 2332 3766 supradi-

1280 3770 1360 3799 &um
1374 3769 1414 3798 est
1431 3776 1498 3797 curn
1520 3765 1564 3796 sua
1583 3763 1712 3795 Potentia
1726 3763 1834 3801 ingredi
1856 3763 1921 3804 velit
1954 3763 2023 3793 alius
2041 3767 2101 3794 Rex
2120 3765 2156 3794 fic
2175 3765 2335 3804 Impetiitus

1278 3807 1458 3843 Potentiam,
1475 3804 1584 3844 qualem
1610 3805 1704 3832 secum
1726 3801 1862 3832 habuiffet
1884 3806 1903 3832 li
1922 3786 2058 3841 Regnum
2081 3803 2204 3833 Francize
2220 3807 2248 3834 in
2267 3806 2333 3836 Per-

1274 3845 1341 3876 sona
1358 3846 1468 3882 propria
1482 3851 1512 3873 ut
1523 3840 1666 3879 praefertur
1682 3840 1821 3875 ingreffus
1835 3840 1943 3878 fuisset,
1958 3851 2025 3870 curn
2044 3841 2149 3870 idoneo
2164 3842 2332 3883 Capstmeo,

1275 3885 1304 3914 in
1319 3884 1423 3914 eodem
1449 3881 1591 3912 Termino
1611 3878 1795 3910 transmittere
1812 3888 1955 3915 teneatur,
1973 3879 2010 3909 fic
2030 3880 2109 3920 quod
2129 3889 2176 3918 per
2192 3882 2334 3921 utriusque

1275 3922 1364 3961 Regis
1382 3921 1540 3951 Potentiam
1554 3917 1661 3948 Bellum
1677 3916 1837 3948 Invalivum
1856 3918 1885 3947 in
1903 3918 2007 3953 Regno
2029 3917 2154 3947 l-ranciae
2167 3927 2281 3959 agatur,
2296 3924 2329 3953 &

1274 3962 1455 3992 continuetur
1469 3957 1549 3987 simili
1563 3956 1652 3985 ntodo
1665 3966 1699 3986 ac
1716 3957 1733 3987 ii
1754 3964 1864 3995 uterque
1884 3957 2008 3995 Princeps
2025 3954 2195 3997 inDPersona
2215 3962 2329 3999 propria

1272 3999 1385 4031 dictum
1402 3997 1507 4027 Bellum
1523 3993 1682 4025 Invalivum
1696 4003 1779 4032 prout
1794 4000 1871 4032 iupra
1888 3994 2009 4023 inseritur
2025 3993 2129 4031 egisset.

1310 4037 1354 4067 ir
1365 4044 1437 4072 EM,
1462 4033 1545 4071 Nos,
1563 4032 1708 4063 difiorum
1730 4032 1844 4071 Regum
1866 4030 2020 4069 Oratores,
2034 4033 2212 4065 Auctoritate
2228 4035 2329 4067 Nob'm

1273 4085 1304 4107 ut
1321 4073 1499 4115 praemittitur
1517 4070 1685 4109 commilsa,
1702 4070 1901 4138 Coanenimus
1919 4071 1953 4101 ὃς
1971 4069 2198 4112 Concludimus,
2216 4083 2248 4105 ac
2267 4084 2329 4142 {¹1¹⁰-

1824 4117 1838 4146 3
2294 4123 2326 4142 to
