2555 4266
183 173 265 220 164

39 253 167 287 Ann.D.
188 256 313 286 Dominae
326 251 469 282 Katm'uae
483 245 517 278 ad
534 243 710 275 Terminum
730 242 808 273 Vitae
833 241 901 280 siiae,
919 249 975 279 pro
993 237 1077 270 Dote
1095 237 1140 268 sua
1165 245 1198 267 ac
1223 235 1252 265 in

59 302 145 332 1501.

38 337 101 363 Hm.
120 342 146 369 7.

42 1165 63 1186 ὓ
79 1167 149 1196 ΧΠ.

44 1207 110 1246 ¹83.

189 293 302 330 plenam
331 285 642 325 Recompensationem
673 281 935 312 Contentationem
967 279 1001 310 &
1026 276 1255 323 Satisfad‘rionem

189 332 297 362 Tertiae
318 329 407 361 Partis
430 323 632 364 praedie‘corum
652 319 831 358 Principatus
843 318 976 363 Walliae,
992 315 1125 361 Ducatus
1138 314 1256 360 Cornu-

189 371 245 401 biae
268 371 301 401 &
319 363 482 398 Comitatus
496 361 630 397 Cestriae,
649 370 682 391 ac
698 359 733 390 ad
749 358 977 395 Affignationem
994 363 1082 400 totius
1099 354 1185 398 Dotis
1199 352 1255 395 suae

188 419 251 440 eam
266 409 301 439 de
315 406 419 437 eisdem
433 404 595 438 Pi-incipatu
609 400 727 430 Ducatu
740 398 773 429 &
787 396 937 428 Comitatu
954 403 1053 426 contin
1074 402 1161 431 entis,
1175 401 1208 423 ac
1226 400 1255 420 in

185 448 342 488 plenarium
356 443 614 481 Complementum
628 438 811 477 praefatorum
824 434 1032 466 Conventuum
1041 457 1051 473 ,
1091 432 1256 466 raetatuum,

187 489 223 518 &
241 483 488 519 Conclusionum,
507 480 577 509 inter
598 477 747 516 praefatum
769 473 988 506 Illustrisfimum
1011 474 1106 510 Regem
1136 469 1174 514 φ’
1200 470 1257 497 Ρα-

186 533 257 556 trem
269 522 385 563 nostrum
403 515 669 550 Metuendiffimum
684 525 719 546 ex
742 524 816 552 una,
835 514 868 544 &
891 511 1042 551 praeditstos
1061 506 1258 540 serenissimos

189 567 284 600 Regem
309 560 347 595 ὠ
368 562 498 597 Reginam
519 555 658 597 Castellae,
682 556 824 591 Legionis,
841 555 1019 589 Aragonum,
1037 547 1097 583 &c.
1117 555 1151 575 ex
1173 546 1258 574 altera

189 601 337 638 Partibus,
357 607 388 629 ut
401 595 572 637 praedietum
587 593 645 633 est,
663 592 824 630 Initorum,
843 589 1095 622 Concordatorum
1116 585 1150 615 &
1172 582 1258 615 Con·

187 639 340 671 clusorum.

228 715 293 746 Hiis
305 713 443 746 Testibus
454 738 462 750 ,
481 708 737 744 Reverendiffimis
750 708 779 738 in
795 704 912 737 Christo
926 701 1053 746 Patribus
1069 702 1109 730 H.
1127 702 1258 743 'Cantica‘-

189 754 270 795 rienfi
283 753 414 785 Custode
427 752 531 792 Magni
544 750 633 790 Sigilli
645 749 715 779 dieti
730 743 905 789 Illustriffimi
919 741 1046 773 Domini
1057 738 1146 778 Regis
1166 736 1257 767 Patris

190 794 280 825 noitri
291 816 300 831 ,
318 794 352 824 &
368 792 418 822 Th.
433 791 570 826 Eborum,
589 785 832 828 Archiepiscopis,
969 822 973 826 .
1046 820 1050 825 ι

228 834 274 864 Ac
289 830 505 864 Venerabilibus
521 830 550 859 in
566 826 682 858 Christo
704 823 844 858 Patribus,
862 823 896 850 R.
913 815 1106 865 'Wintomenfi
1125 811 1257 845 Custode

189 870 298 902 Privati
312 871 340 901 Si
362 870 398 901 illi
413 869 537 907 ejusdem
552 864 675 897 Domini
690 861 794 900 Regis,
814 861 857 889 W
879 856 1011 894 meoln,
1030 855 1066 894 J.
1091 858 1256 900 Cojuentren.

190 908 230 946 ό·
246 909 326 940 Lich.
340 879 502 946 Episcopis,
520 901 785 943 Praecariffirnoque
800 898 894 929 Fratre
911 895 1010 926 nostro
1040 896 1157 923 Henrtco
1182 890 1257 919 Ebo-

189 959 251 978 rum
268 952 343 978 Duce
379 945 589 981 Carissimoque
601 941 823 977 Conlanguineo
836 935 937 966 nostro
959 931 1105 978 Easwardo
1128 930 1257 967 Bukyng-

190 987 256 1017 ham
281 972 361 1017 Duce'
390 993 474 1022 atque
498 980 653 1012 Carissimis
677 976 903 1013 Cous-anguineis
921 972 1023 1003 nostris
1034 971 1138 1002 Thomu
1153 972 1256 999 Arun-

190 1025 269 1056 dellae
306 1010 437 1063 Joh‘anne
457 1023 570 1050 Uxouiae
592 1018 644 1049 Ma
665 1027 703 1047 no
726 1015 892 1046 Canierario
912 1011 1041 1056 Angliae,
1061 1012 1157 1048 Henry
1179 1009 1257 1053 Nar-

190 1049 351 1101 thumb’riae,
376 1062 478 1092 Thoma
499 1057 610 1088 Derhiae
635 1026 855 1086 gonstabulario
879 1047 1257 1094 Angliae,·Thoma'Surjrtae

189 1103 377 1135 Thesaurario
398 1098 510 1135 Angliae
525 1120 534 1134 ‚
559 1096 747 1130 Comitibus,
772 1100 888 1131 necnon
909 1089 1030 1120 Dilee'tis
1052 1089 1086 1120 δι
1110 1085 1258 1131 ,Ειιάεἰὼυξ

190 1142 292 1174 nostris
311 1140 427 1172 Roberto
448 1134 620 1175 Wylloughby
639 1134 671 1164 de
690 1132 781 1162 Broke
804 1131 822 1150 ²¹⁵
844 1127 1001 1160 Senescallo
1024 1125 1148 1164 Hospitii
1169 1123 1259 1155 nostri

190 1181 279 1213 Patris
475 1172 703 1205 Metuendifsimi
712 1194 721 1209 ,
917 1166 1052 1203 Daubney
1064 1164 1100 1195 de
1114 1163 1242 1194 Daubne

191 1219 358 1250 Camerario
380 1214 504 1255 ejusdem
525 1212 668 1250 Hospitii,
686 1207 835 1249 Reginaldo
857 1210 918 1237 Bra
941 1230 950 1243 ,
966 1207 1000 1237 &
1021 1202 1124 1249 Thema
1140 1201 1234 1232 Lovel
1252 1224 1262 1239 ,

192 1258 357 1295 Militibus,
374 1265 409 1286 ac
426 1253 542 1284 Roberto
562 1254 614 1282 Fro
746 1246 867 1278 Clerico
889 1217 1071 1276 ancellatio
1090 1240 1208 1280 nostrO,
1226 1241 1260 1272 &

189 1299 258 1330 aliis.

234 1376 303 1406 Dat.
322 1372 373 1405 sub
387 1369 501 1408 Magno
516 1366 616 1399 nostro
1074 1357 1134 1390 Die
1153 1356 1263 1389 Mensis

193 1413 392 1448 Novembri-5,
408 1409 498 1440 Anno
515 1405 690 1443 Millesimo,
709 1400 951 1443 Quingentesimo
963 1400 1080 1444 primo,
1100 1436 1104 1441 ¹

960 1448 1023 1469 imo
1036 1436 1159 1475 septimo
1171 1435 1264 1473 supra-

193 1493 283 1524 (liciis.

194 1559 1262 1588 ff

280 1627 340 1660 Pro
354 1620 474 1657 Thoma
491 1618 612 1667 Wolsey
623 1642 633 1658 ,
659 1613 844 1662 Dispenfiztio
862 1611 907 1646 ad
922 1607 1177 1658 Incompatibilia.

516 1706 563 1739 A.
601 1714 659 1738 DE
691 1703 931 1736 Cas-reti..

50 1809 127 1842 Am,
143 1806 185 1839 Β.
202 1795 409 1863 ALexander
423 1791 579 1863 Elss'fim‘,
597 1793 699 1820 Servus
709 1790 856 1819 Servorum
870 1788 943 1825 Dei,
963 1783 1084 1815 Dileeto
1105 1781 1178 1812 Filio
1195 1780 1266 1812 Tho-

72 1856 158 1887 1501.

50 1891 102 1915 An.
126 1896 168 1922 ¹7.

51 1930 87 1954 Η.
114 1935 139 1958 7.

51 1965 171 2001 Exorig.

278 1847 328 1867 mae
344 1834 438 1873 Wuley
485 1831 576 1862 ectori
593 1827 762 1860 Parochialis
786 1825 923 1857 Ecclesiae
943 1822 980 1868 de
1005 1823 1192 1867 Lytnyngton
1213 1820 1266 1850 Ba-

199 1875 350 1909 thoniensis
370 1875 404 1906 ὃ(
427 1869 578 1903 Wellensis
598 1866 759 1905 Dioecefis,
778 1863 922 1904 Magistro
943 1873 974 1894 in
987 1861 1123 1899 Ambus,
1139 1859 1266 1890 Salutem

199 1917 232 1948 &
248 1913 448 1953 Apostolicam
463 1907 706 1940 Benedictionem.
1030 1942 1035 1948 .
1225 1938 1229 1943 Ι
1243 1937 1249 1942 ,

235 1954 407 1984 Litterarum
422 1945 645 1985 Scientia,Vitae
661 1953 695 1975 ac
713 1942 835 1974 Morum
848 1939 1109 1979 honestas,aliaque
1122 1937 1266 1984 laudabilia

197 1993 348 2026 Probitatis
363 1991 397 2021 &
412 1989 560 2019 Virtutum
575 1984 681 2014 Merita
691 2006 700 2022 ,
718 1983 798 2020 super
814 1982 915 2021 quibus
926 1981 1006 2018 quod
1027 1980 1099 2011 Nos
1122 1978 1267 2018 fidedigno

196 2029 407 2064 commendaris
422 2024 625 2061 Testimonio,
642 2022 711 2052 Nos
726 2021 865 2052 inducunt
879 2029 910 2051 ut
923 2019 971 2051 Te
986 2018 1151 2058 specialibus
1172 2018 1266 2050 Favo-

196 2072 274 2103 ribus
287 2071 320 2101 &
335 2067 442 2099 Gratiis
455 2064 672 2103 prosequamur,
843 2098 848 2103 ι
1014 2098 1019 2103 .
1185 2097 1190 2102 .

236 2109 317 2140 Hinc
335 2107 375 2137 est
391 2103 472 2145 quod
485 2102 570 2139 Nos,
588 2100 724 2131 Volentes
737 2098 785 2129 Te
801 2108 865 2136 qui,
885 2105 916 2127 ut
940 2097 1049 2137 asseris,
1066 2096 1266 2129 Parochialem

197 2148 354 2180 Ecclesiam
369 2146 405 2176 de
420 2144 604 2183 Lymyngton
623 2137 814 2169 Bathoniensis
829 2137 862 2167 &
886 2136 1038 2168 &Vellensis
1060 2136 1202 2168 Dioecesis
1224 2137 1268 2165 in-

197 2197 239 2220 ter
253 2187 301 2216 alia
318 2185 449 2220 obtines,
467 2178 678 2219 praemissorum
694 2176 872 2206 Meritorum
892 2184 1007 2205 tuorum
1031 2176 1133 2206 intuitu
1156 2175 1267 2205 Favore

195 2226 326 2266 prosequi
340 2221 478 2263 gratioso,
495 2219 600 2256 Teque
616 2227 631 2246 a
646 2215 862 2254 quibuscunque
878 2213 1268 2245 ExcommunicationisSus-

236 2264 336 2294 usionis
349 2263 382 2293 &c
398 2258 544 2291 Interdiffi
554 2280 563 2295 ‚
581 2255 690 2294 aliisque
705 2253 906 2285 Ecclesiasticis
917 2253 1071 2296 Sententiis
1087 2253 1219 2284 Censuris
1234 2253 1267 2283 &

224 2304 299 2333 oenis
321 2312 336 2333 a
356 2300 425 2339 Jure
447 2298 491 2329 vel
505 2298 541 2327 ab
558 2296 704 2330 Homine,
724 2294 821 2331 quavis
832 2296 981 2323 occationi:
996 2293 1041 2323 vel
1058 2293 1140 2324 causa
1156 2293 1230 2328 latis,
1248 2294 1267 2320 li

197 2344 300 2381 quibus
319 2336 541 2379 quomodolibet
554 2334 709 2364 innodatus
731 2332 840 2370 existis,
857 2331 892 2362 ad
915 2331 1055 2362 effectum
1080 2331 1267 2363 Praesentium

197 2382 330 2412 duntaxat
344 2374 593 2415 consequendum,
613 2373 713 2403 harum
727 2371 795 2402 serie
807 2370 984 2402 absolventes
995 2371 1030 2402 &
1045 2370 1207 2402 absolutum
1223 2368 1270 2398 f0-

199 2418 484 2491 reffgcsgrgtgsgmma
497 2452 530 2483 &
546 2450 648 2490 singula
662 2449 713 2480 alia
727 2447 867 2480 Beneficia
891 2447 1087 2480 Ecclefiastica
1109 2448 1166 2480 fine
1189 2448 1271 2481 Cur&⁴

198 2507 264 2535 quie
284 2496 414 2532 obtines,
432 2502 466 2523 ac
488 2500 556 2521 cum
579 2488 659 2520 Cura
678 2490 712 2520 ὃς
739 2489 797 2519 fine
817 2487 896 2517 Cura
910 2497 975 2526 quae
986 2488 1137 2528 expectas,
1155 2499 1270 2519 necnon

200 2537 229 2567 in
249 2537 350 2573 quibus
363 2536 397 2565 &
415 2531 449 2563 ad
466 2540 531 2568 quae
544 2529 593 2566 Jus
607 2528 681 2558 Tibi
694 2526 916 2566 quomodolibet
934 2528 1095 2565 competit,
1114 2537 1270 2565 quaecunq,

200 2582 387 2611 quotcunque
409 2572 443 2602 &
466 2569 669 2607 qualiacunque
694 2567 763 2603 sint,
781 2575 961 2603 eorumque,
977 2576 1010 2596 ac
1025 2566 1113 2596 distae
1135 2565 1271 2596 Ecclesiae

201 2611 360 2643 fructuum
374 2608 552 2639 Reddituum
570 2608 603 2638 &
617 2605 817 2636 Proventuum
831 2613 913 2635 veros
927 2604 1049 2634 Annuos
1066 2604 1185 2635 Valores
1196 2605 1272 2635 Prte-

201 2650 324 2681 sentibus
341 2657 395 2686 pro
407 2645 536 2684 expressis
550 2645 698 2682 habentes,
715 2642 789 2673 Tuis
806 2645 835 2674 in
854 2642 908 2673 hac
920 2652 999 2685 parte
1014 2643 1274 2681 Supplicatioiiibus

202 2688 328 2720 inclinati
645 2692 713 2711 cum
728 2682 805 2711 dicia
818 2681 946 2711 Ecclesia
960 2691 1069 2718 unum,
1091 2683 1125 2712 &
1146 2682 1203 2712 sine
1227 2684 1272 2712 illa

204 2734 388 2765 quaecunque
399 2723 451 2753 alia
465 2720 537 2751 Duo
550 2720 655 2750 Curata
669 2720 716 2749 seu
729 2719 794 2747 alias
816 2719 943 2747 invicem
969 2718 1198 2756 Incompatibilia
1220 2720 1273 2750 Be-

205 2765 307 2798 neficia
321 2759 531 2796 Ecclesiastica,
551 2760 636 2789 etiam
652 2757 671 2787 si
686 2756 862 2787 Parochiales
876 2755 1013 2786 Ecclesiae
1027 2757 1072 2786 vel
1094 2767 1190 2787 earum
1214 2768 1275 2795 per-

205 2813 300 2844 petuae
320 2802 458 2838 vicariae,
489 2797 649 2834 Cantariae,
670 2795 784 2826 Liberae
803 2793 953 2839 Capellae,
971 2793 1141 2834 Hospitalia,
1163 2796 1208 2826 vel
1226 2807 1275 2826 an-

206 2843 297 2873 nualia
317 2841 433 2871 Servitia
456 2837 576 2868 Clericis
599 2834 777 2865 Secularibus
800 2843 828 2862 in
852 2833 985 2864 Titulum
1001 2836 1126 2872 perpetui
1142 2834 1275 2865 Beneficii

208 2879 396 2912 Ecclesiastici
418 2876 545 2915 affignari
563 2873 659 2911 solita,
676 2881 723 2904 aut
745 2871 920 2910 Dignitates,
938 2872 1122 2911 Personatus‚
1143 2873 1277 2904 Admini-

210 2919 372 2957 strationes,
391 2916 438 2948 vel
449 2914 559 2945 Officia
572 2914 599 2943 in
616 2911 849 2948 CathedralibuS,
867 2911 951 2941 etiam
978 2910 1209 2949 Metropolitanis
1231 2913 1278 2942 vel

210 2958 375 2997 Collegiatis
409 2956 442 2988 &
461 2951 739 2992 Dignitatesipsaein
757 2949 973 2980 Cathedralibus
997 2951 1082 2979 etiam
1105 2950 1278 2988 Metropoli-

212 2998 281 3029 tanis
295 2995 359 3035 post
374 2979 554 3025 i’ontificaies
570 2990 714 3029 Mnjores,
731 2989 776 3019 seu
792 2987 946 3019 Colleoatis
969 2987 1099 3018 Ecclesiis
1121 2989 1280 3027 hujusmodi

214 3034 387 3072 Principales
398 3040 445 3063 aut
460 3030 522 3061 talia
537 3030 649 3059 mixtim
663 3028 767 3059 fuerint
777 3050 787 3066 ,
803 3027 835 3057 ὃ(
851 3012 897 3070 adt>
906 3026 1079 3065 Dignitates,
1094 3027 1280 3068 Personatus,

213 3072 478 3106 Administrationes
493 3093 503 3107 ‚
530 3068 574 3098 vel
594 3067 702 3097 Officia
722 3065 880 3104 hujusmodi
907 3065 1104 3096 consueverint
1121 3089 1130 3104 ,
1161 3067 1210 3105 qui
1232 3077 1280 3104 per

213 3112 395 3144 Eleetioneni
410 3108 511 3139 affumi
527 3107 618 3145 eisque
635 3106 713 3136 Cura
728 3106 875 3134 immineat
892 3103 1065 3134 Animarum
1075 3126 1085 3142 ,
1096 3103 1115 3134 si
1130 3104 1202 3135 Tibi
1216 3106 1282 3138 alias

214 3151 354 3182 canonice
379 3147 594 3183 Conferantur,
612 3153 659 3175 aut
679 3144 812 3182 fingaris,
831 3143 1024 3181 Praesenteris,
1041 3143 1088 3174 vel
1110 3143 1175 3173 alias
1197 3143 1283 3176 Assu—

218 3190 302 3220 maris
322 3188 357 3219 ad
377 3187 439 3225 illa,
456 3185 490 3215 δε
514 3183 666 3214 instituatis
687 3184 717 3213 iti
738 3182 792 3219 eis,
818 3181 973 3219 Recipere,
996 3182 1031 3212 ὃς
1050 3181 1164 3212 insimul
1186 3183 1282 3222 quoad

219 3229 319 3258 vixeris
336 3226 489 3261 Retinere,
507 3222 609 3260 illaque
623 3221 704 3251 simul
718 3219 888 3257 successive,
908 3219 1087 3257 simpliciter,
1106 3221 1152 3251 vel
1165 3231 1198 3251 ex
1215 3232 1282 3252 cau-

218 3266 249 3296 sa
262 3264 497 3300 permutationis,
513 3262 644 3300 quotiens
654 3260 704 3290 tibi
719 3259 854 3296 placuerit
872 3259 1029 3297 dimittere,
1046 3260 1098 3296 &,
1117 3259 1203 3290 Loco
1226 3260 1282 3290 Di-

221 3303 297 3333 missi
319 3304 364 3333 vel
385 3301 597 3337 Dimifforurn,
615 3299 688 3329 aliud
709 3297 755 3329 vel
776 3297 843 3335 alia>
859 3296 946 3327 simile
961 3297 1007 3328 vel
1022 3296 1170 3335 dissimile,
1188 3308 1235 3330 aut
1248 3299 1282 3329 fi-

221 3342 299 3372 milia
313 3343 358 3371 vel
371 3340 529 3377 dissimilia,
548 3336 723 3368 Beneficium
745 3336 790 3366 seu
813 3335 971 3373 Beneficia,
986 3335 1215 3366 Ecclesiasticum
1237 3338 1284 3368 vel

221 3379 433 3417 Ecclesiastica,
451 3379 510 3408 duo
524 3377 658 3407 duntaxat
678 3374 785 3406 Curata
798 3374 844 3404 seu
859 3374 922 3404 alias
935 3375 1061 3404 invicem
1075 3373 1285 3412 Incompatibi-

222 3417 278 3455 lia,
296 3418 416 3447 similiter
440 3416 602 3452 Recipere,
619 3416 652 3446 δε
675 3413 786 3443 insimul
807 3412 902 3450 quoad
926 3412 1041 3450 vixeris,
1068 3421 1097 3443 ut
1121 3413 1286 3452 praefettur,

227 3455 365 3486 Retinere
375 3456 462 3486 liberi:
476 3456 508 3485 ἃ
522 3453 602 3483 licite
615 3453 723 3490 valeas·‚

267 3493 417 3531 Qiodque
440 3493 610 3523 Litterarum
632 3491 732 3521 Studio
751 3491 780 3520 in
804 3488 889 3519 Loco
903 3488 950 3518 ubi
966 3487 1035 3518 illud
1052 3490 1144 3528 vigeat
1157 3489 1288 3528 generale

226 3531 405 3569 Insistendo,
421 3530 467 3560 seu
478 3532 507 3560 in
525 3530 660 3560 Romana
674 3527 780 3566 Curia,
795 3527 841 3558 vel
852 3528 947 3565 aliquo
959 3526 1171 3559 Beneficiorum
1186 3527 1290 3558 Eccle-

228 3570 404 3603 fiisticorum
418 3577 487 3598 cum
500 3567 579 3599 Crini
591 3569 637 3599 vel
651 3568 708 3598 fine
723 3566 820 3603 Cura,
839 3575 904 3604 quae
919 3566 1032 3596 obtines
1047 3566 1080 3596 &
1094 3576 1148 3604 pro
1159 3574 1290 3605 tempore

229 3610 390 3645 obtinebis,
408 3605 587 3644 Residendo,
605 3608 633 3636 in
654 3607 712 3637 aliis
732 3604 879 3636 Beneficiis
900 3614 949 3642 per
968 3612 997 3634 te
1020 3605 1143 3635 obtentis
1156 3605 1290 3642 quamdiu

231 3649 334 3679 vixeris
359 3645 493 3677 Refidere
510 3646 629 3675 minime
653 3646 784 3682 tenearis,
804 3653 858 3674 nec
883 3643 917 3673 ad
939 3642 968 3673 id
991 3644 1094 3674 invitus
1112 3654 1128 3674 a
1142 3653 1290 3681 quoquam

232 3686 369 3724 compelli
384 3683 487 3723 poffisz,
503 3681 648 3714 Generalis
664 3683 793 3714 Concilii
812 3682 845 3713 ὃ(
865 3681 1006 3720 quibusvis
1029 3682 1086 3713 aliis
1104 3682 1292 3722 Apostolicis‚

233 3735 267 3755 ac
287 3726 373 3756 bonae
395 3723 542 3753 memoriae
563 3725 674 3751 ottonis·
694 3720 732 3756 (ἐν
750 3721 880 3751 ottoboni
905 3720 976 3750 olim
1000 3721 1029 3750 in
1044 3719 1151 3759 Regno
1176 3720 1292 3758 Angliae

235 3763 411 3800 Apostolicae
424 3760 504 3791 Sedis
518 3759 711 3798 Legatorum,
728 3769 843 3790 necnon
858 3761 886 3788 in
908 3758 1133 3789 Provincialibus
1152 3759 1186 3789 &
1209 3759 1294 3790 Sino-

237 3801 343 3832 dalibus
359 3800 498 3831 Conciliis
512 3799 592 3828 editis
605 3798 790 3829 Generalibus
801 3797 846 3827 vel
862 3798 1053 3835 Specialibus,
1072 3797 1293 3829 Constitutioni-

238 3839 291 3869 bus
315 3841 348 3871 &
370 3838 604 3869 Ordinationibus
640 3836 753 3867 Statutis
771 3846 888 3874 quoque
908 3836 940 3866 &
964 3835 1223 3867 Consuetudinibus
1235 3837 1294 3867 Ec-

240 3877 383 3907 clesiarum
398 3902 408 3914 ,
432 3878 461 3906 in
490 3876 591 3914 quibus
612 3862 839 3912 incompatibilia
861 3873 999 3905 Beneficia
1019 3875 1180 3914 hujusmodi
1202 3875 1293 3905 forsan

239 3914 339 3946 fuerint
355 3916 524 3953 juramento
543 3938 553 3952 ,
577 3912 809 3945 confirmatione
833 3912 998 3949 Apostoliccl
1014 3936 1024 3950 ‚
1048 3914 1093 3944 vel
1113 3913 1210 3951 quavis
1233 3914 1295 3944 Fir-

242 3953 340 3983 mitate
359 3954 410 3984 alia
430 3955 583 3991 roboratis,
601 3953 738 3990 caeterisq,
751 3953 896 3982 contrariis
911 3961 1089 3989 nequaquam
1101 3951 1295 3992 obstantibus,

242 3990 419 4020 Auetoritate
440 3991 605 4030 Apostolica
642 3992 760 4021 Tenore
782 3989 983 4027 Praesentium,
1003 3994 1039 4021 de
1059 3990 1178 4028 specialis
1202 3990 1294 4023 Dono

240 4027 351 4059 Gratiae
361 4028 574 4071 DispeniamuS,
589 4015 695 4067 tibique
708 4030 809 4067 pariter
822 4027 1016 4066 Indulgemu53

278 4065 400 4097 Proviso
414 4068 493 4104 quod
506 4068 630 4099 Ecclesia
641 4069 773 4105 obtenta,
791 4069 824 4100 &
840 4067 890 4097 alia
907 4067 1136 4106 incompatibilia
1157 4065 1295 4100 Beneficia

630 141 1883 200 coNvENTioNES,L1TERAE,

1290 230 1453 271 hujusmodi
1465 229 1567 261 debitis
1580 237 1730 268 propterea
1746 238 1808 260 non
1823 228 1986 270 fraudentur
2003 232 2023 252 ³*
2047 232 2218 272 obsequiis,
2237 234 2271 266 δε
2294 237 2365 269 Ani-
2379 234 2456 266 Arm.
2467 236 2508 269 D.

1298 281 1410 302 marum
1433 268 1514 301 Cura
1535 270 1565 299 in
1587 270 1710 312 obtenta.
1726 267 1873 312 Ecclesia,
1895 270 1929 300 &
1953 269 1974 300 si
1994 280 2050 308 qua
2068 273 2120 303 illis
2141 274 2289 306 immineat
2307 277 2366 310 aliis
2397 283 2484 314 1501.

1296 309 1563 348 Incompatibilibus
1577 306 1724 338 Beneficiis
1739 306 1883 344 praedie'cis
1896 307 2051 340 nullatenus
2065 312 2239 351 negligatur,
2257 314 2302 344 sed
2317 317 2362 354 ip-
2380 319 2442 344 Hen.
2463 324 2492 350 7.

1296 349 1391 418 sgrum
1407 347 1620 417 Bemgsiciorum
1632 347 1662 377 iri
1675 345 1776 385 quibus
1790 355 1851 376 non
1866 344 2007 377 Refideris
2023 352 2155 387 congrue
2167 351 2364 392 supportentur
2378 353 2393 369 ¹⁵
2411 355 2480 384 XII.

1330 398 1396 419 nera
1411 397 1470 418 con
1482 395 1558 424 ueta,
2400 391 2416 417 8
2441 412 2447 419 ,

1334 427 1419 458 Nulli
1432 436 1502 463 ergo
1518 425 1643 456 omnino
1654 423 1821 454 Hominum
1836 423 1918 455 liceat
1929 424 2004 457 hanc
2016 424 2151 466 Paginam
2171 430 2278 463 nostrae
2299 432 2364 464 Ab-
2382 400 2396 427 ⁷
2418 400 2437 426 4

1297 465 1442 498 solutionis
1454 466 1489 496 &
1502 464 1720 503 Dispensationis
1735 463 1908 502 infringere,
1929 464 1991 495 διε.

1333 552 1403 583 Dat.
1421 546 1513 582 Ro'mae
1525 551 1600 591 apud
1607 552 1738 582 Sanctum
1750 552 1862 581 Petrum
1871 573 1881 590 ‚
1900 549 1991 582 Anno
2006 549 2208 585 Incarnationis
2222 554 2364 591 Domini-

1297 600 1342 621 cae
1365 589 1523 621 Millesimo
1543 589 1785 629 Quingentesimo
1804 592 1902 628 primo
1915 613 1926 629 ‚
1951 591 2037 622 tertio
2055 590 2141 624 Non.
2165 592 2349 630 Novembris

1297 627 1484 661 Pontificatus
1498 628 1590 659 nostri
1604 628 1692 659 Anno
1708 628 1848 660 Decimo.
2354 623 2365 638 '

1403 714 1510 746 ΑΒΕ
1533 712 1777 745 MUMAUTH.

1403 753 1447 784 H.
1467 751 1708 783 neVALms.

1403 791 1493 822 Pane.

1418 841 1450 861 οι
1470 839 1519 861 ne
1539 829 1684 863 Puto.

1432 869 1588 899 ,Tuum

1402 905 1433 937 S.
1453 907 1684 937 ScusTALL.

1402 945 1653 977 B.B13c;u·r1s.

1401 983 1457 1016 W.
1474 984 1507 1015 F.
1526 982 1577 1015 Ct
1589 991 1721 1016 Ncius.

1992 1023 2083 1063 Super
2094 1025 2212 1064 plicam:

1849 1104 2242 1144 P.Ti-10MAR0·1·1us;

1482 1193 1537 1225 Sub
1538 1192 1676 1263 551:on
1689 1192 1782 1232 Sigillo
1787 1194 1922 1232 pendente
1935 1206 1954 1225 a
1969 1194 2037 1226 Filis
2047 1194 2139 1235 siricis
2151 1197 2228 1237 flavi
2246 1199 2370 1243 rubeique

1539 1381 1589 1413 De
1611 1377 1751 1423 Custodia
1766 1381 1989 1426 ‘I‘cmporalium
2001 1380 2134 1416 London.

1305 1472 1425 1533 REX
1444 1473 1609 1514 Omnibus,
1628 1475 1663 1507 ad
1679 1487 1772 1516 quos,
1787 1476 1851 1508 &c-
1866 1476 2000 1509 Salutem.

1403 1514 1501 1545 Sciatis
1514 1514 1594 1552 quod
1603 1536 1613 1552 ‚
2389 1481 2467 1512 Ann.
2478 1478 2525 1514 D.

1340 1552 1422 1584 Cum
1437 1552 1562 1584 Ecclesia
1575 1551 1748 1584 Cathedralis
1762 1554 1858 1584 Sanc-Tri
1873 1553 1954 1585 Pauli
1970 1554 2135 1587 Londoniae
2156 1557 2190 1590 &
2213 1556 2367 1596 Episcopa-
2384 1529 2506 1596 Affoits.

1302 1598 1346 1622 tus
1358 1592 1500 1630 ejusdem,
1518 1601 1568 1629 per
1583 1590 1816 1623 Transsationem
1828 1593 2003 1625 Venerabilis
2020 1594 2108 1626 Patris
2119 1595 2228 1626 Thomae
2247 1597 2369 1626 Eburum
2388 1603 2422 1626 H.
2442 1607 2470 1633 7.

1303 1630 1501 1675 Arcbqiepiftopi
1516 1629 1734 1675 nuper-Epifiopi
1749 1631 1959 1671 Londonienfi5‚
1971 1634 2032 1672 jam
2050 1644 2173 1674 vacent,
2190 1635 2225 1667 &
2248 1635 2371 1666 Pastoris
2389 1641 2450 1665 Par.
2478 1640 2524 1671 17.¹

1302 1669 1401 1700 solatio
1415 1669 1622 1708 sint.destituti,
2053 1685 2057 1688 ·
2390 1680 2425 1704 Η.
2436 1685 2462 1710 7.
2469 1680 2526 1713 μὶ,

1340 1707 1379 1739 Et
1407 1707 1487 1746 quod
1510 1707 1610 1739 Nobis
1634 1717 1683 1745 per
1708 1708 1911 1752 Demeam-&u
1930 1707 2084 1754 Capitulum
2099 1711 2180 1742 dielae
2198 1710 2322 1754 Ecclefiae
2340 1714 2374 1745 δε
2394 1724 2431 1745 m.
2450 1723 2482 1750 5.

1304 1746 1486 1778 Success'ores
1505 1746 1583 1783 suos,
1610 1756 1664 1783 pro
1682 1745 1822 1777 Custodia
1839 1747 1961 1784 ejusdem
1979 1747 2172 1787 Episcopatus
2189 1752 2223 1782 &
2241 1753 2378 1791 Tempo-

1305 1786 1406 1816 talium
1430 1785 1552 1824 ejusdem
1567 1808 1576 1823 ,
1604 1785 1775 1823 Episcopatu
1794 1785 1843 1816 illo
1863 1785 1990 1816 Vacante
2004 1810 2015 1824 ,
2040 1787 2061 1817 fi
2079 1797 2130 1826 per
2147 1799 2237 1820 unum
2256 1790 2377 1822 Annum

1304 1826 1464 1862 vacaverit,
1482 1825 1514 1854 de
1534 1822 1616 1853 Mille
1635 1823 1729 1853 Libris
1748 1833 1801 1861 pro
1820 1824 1910 1854 Anno
1928 1825 1995 1861 illo,
2013 1826 2065 1864 &,
2084 1827 2104 1856 fi
2125 1829 2231 1858 minori
2249 1829 2296 1859 vel
2318 1840 2380 1861 ma-

1302 1865 1359 1904 jori
1383 1864 1534 1902 Tempore
1557 1863 1647 1901 quam
1671 1873 1720 1900 per
1749 1863 1867 1893 Annum
1893 1863 2052 1901 hujusmodi
2074 1863 2195 1896 Vacatio
2212 1867 2354 1900 duraverit
2369 1891 2382 1908 ,

1307 1912 1376 1935 tunc
1397 1913 1447 1941 per
1466 1902 1582 1933 eosdem
1600 1904 1741 1931 Decamam
1758 1901 1795 1937 ὠ
1812 1902 1966 1940 Capitulum
1981 1903 2015 1934 δε
2032 1902 2215 1935 Successor&
2228 1906 2291 1937 suos
2328 1917 2381 1939 rae-

1307 1941 1402 1973 dictos
1429 1942 1465 1973 de
1490 1941 1563 1971 Rata
1588 1940 1732 1971 diffitarum
1759 1940 1842 1971 Mille
1867 1942 2018 1971 Librarum
2031 1951 2082 1982 per
2098 1946 2216 1974 Annum
2233 1955 2288 1983 pro
2337 1956 2380 1978 ata

1308 1982 1464 2019 temporis,
1484 1980 1586 2011 Nobis
1603 1979 1764 2017 responderi
1782 1980 1899 2018 debeat,

1346 2019 1396 2051 De
1413 2020 1512 2052 Gratia
1528 2017 1623 2049 nostra
1641 2019 1770 2057 speciali,
1795 2028 1828 2049 ac
1847 2028 1881 2050 ex
1899 2028 1975 2050 certa
1993 2018 2118 2052 Scientia
2134 2022 2169 2053 &
2187 2031 2269 2053 mero
2286 2022 2377 2055 Motu

1308 2059 1411 2090 nostris
1430 2059 1541 2090 Damus
1557 2057 1591 2088 &
1609 2056 1822 2096 Concedimus,
1841 2067 1896 2095 pro
1913 2058 2013 2088 Nobis
2028 2060 2062 2090 &
2076 2059 2251 2093 Haeredibus
2266 2062 2382 2102 nostris,

1307 2097 1430 2129 Dile&o
1448 2099 1482 2129 ὃ(
1502 2095 1590 2128 Fideli
1610 2095 1782 2127 Consiliario
1801 2097 1918 2134 nostro,
1937 2097 2087 2129 Willielmo
2105 2100 2240 2130 Warham
2258 2100 2381 2133 Clerico

1307 2137 1431 2168 Custodi
1451 2136 1631 2167 Rotulorum
1650 2134 1835 2166 Cancellariae
1853 2135 1958 2166 nostrae
1976 2136 2183 2169 Executoribus
2198 2139 2233 2170 &
2251 2139 2382 2180 Affigna-

1308 2178 1341 2206 tis
1358 2177 1425 2214 suis,
1450 2176 1530 2214 quod
1550 2175 1614 2215 ipsi,
1640 2175 1778 2213 quamdiu
1796 2175 1906 2205 dietum
1927 2175 2132 2214 Episcopatum
2151 2177 2314 2209 Londoniae
2329 2189 2381 2210 va-

1306 2225 1370 2246 care
1397 2216 1574 2252 contigerit,
1598 2211 1720 2244 habeant
1744 2214 1777 2245 &
1805 2215 1988 2251 percipiant,
2013 2225 2061 2253 per
2087 2215 2194 2246 Marius
2210 2219 2317 2248 Decam'
2338 2217 2380 2254 ὠ·

1307 2253 1449 2293 Capellam·
1465 2253 1551 2284 dieta:
1569 2251 1703 2283 Ecclesiae
1722 2250 1897 2283 Cathedralis
1915 2253 2011 2284 Sancti
2030 2253 2106 2284 Pauli
2126 2257 2159 2287 &
2173 2255 2377 2287 Successorum

1308 2294 1441 2332 suorum,
1468 2292 1557 2322 dietas
1575 2291 1658 2321 Mille
1675 2291 1796 2329 Libras,
1823 2293 1842 2322 si
1864 2291 1983 2324 Vacatio
2001 2293 2072 2324 dieti
2089 2292 2276 2333 Episcopatus
2294 2295 2380 2326 Lon-

1307 2332 1402 2362 doniae
1421 2342 1470 2370 per
1489 2340 1580 2361 unum
1598 2331 1718 2361 Annum
1736 2331 1896 2370 duraverit,

1346 2370 1405 2409 Et,
1431 2371 1451 2401 si
1475 2369 1657 2409 Episcopatus
1681 2369 1726 2399 ille
1750 2371 1853 2406 majori
1875 2370 1921 2401 vel
1948 2371 2061 2402 minore
2078 2379 2209 2410 tempore
2228 2374 2314 2411 quarn
2332 2383 2382 2411 per

1310 2420 1402 2441 unum
1422 2410 1540 2440 Annum
1559 2410 1700 2439 vacaverit
1716 2431 1726 2446 ,
1747 2409 1830 2446 quod
1850 2418 1920 2440 tunc
1937 2409 2007 2440 idem
2024 2409 2191 2441 Willielmus
2206 2411 2384 2443 Executores

1309 2451 1344 2481 &
1372 2448 1509 2488 Affignati
1534 2447 1574 2478 sui
1598 2448 1729 2485 praedieti
1746 2447 1867 2479 habeant
1882 2449 1915 2479 &
1935 2449 2117 2487 percipiant,
2143 2460 2193 2487 per
2212 2450 2320 2481 Manus
2338 2451 2383 2481 di-

1311 2488 1426 2519 elorum
1454 2489 1560 2530 Decimi
1580 2487 1628 2530 (ἐν.
1645 2485 1765 2525 Capituli
1787 2487 1820 2517 &
1845 2486 2049 2518 Successorum
2065 2488 2182 2518 suorum
2197 2512 2206 2525 ,
2229 2498 2332 2520 omnes
2348 2499 2383 2520 ac

1311 2536 1397 2558 tantas
1417 2537 1450 2557 ac
1469 2526 1629 2568 hujusmodi
1649 2525 1844 2555 Denariorum
1863 2525 1998 2556 Summas
2016 2537 2082 2564 quae
2097 2526 2131 2557 ad
2151 2526 2220 2558 Nos
2235 2550 2247 2567 ,
2273 2529 2384 2558 ratione

1312 2567 1466 2597 vacationis
1484 2565 1607 2603 ejusdem
1627 2563 1815 2602 Episcopatus
1843 2563 2007 2594 Londoniae
2024 2588 2034 2602 ,
2058 2566 2201 2603 pertinent
2225 2575 2273 2597 aut
2299 2567 2386 2604 perti-

1312 2615 1380 2635 nete
1405 2612 1542 2642 poterunt
1565 2603 1611 2633 seu
1635 2603 1794 2633 debuerunt
1810 2625 1820 2640 ‚
1843 2603 1920 2639 juxra
1944 2603 2048 2633 Raram
2068 2604 2210 2634 dictarum
2230 2605 2313 2635 Mille
2330 2608 2385 2635 Li-

1311 2644 1423 2673 brarum
1434 2653 1491 2687 ⁴per
1511 2642 1647 2687 Annum,
1665 2652 1718 2679 pro
1736 2640 1811 2671 Rata
1827 2641 1986 2680 Temporis
1997 2652 2062 2686 ‘quo
2080 2642 2285 2680 Episcopatum
2305 2643 2386 2674 illum

1313 2681 2001 2762 ΞῖἒέὲιᾸΞεἝξῶἲῖῗῗι-[ἶεῧῖἲὲνέἔέἑὲἕέἒ“
2013 2682 2149 2750 &roffi
2157 2681 2387 2759 ἷὶἲέὲῖἕὲἒὲἓέ

1314 2760 1384 2788 tinet
1402 2767 1449 2788 aut
1467 2766 1605 2796 pertinere
1619 2756 1721 2787 debeat
1737 2765 1785 2786 aut
1805 2757 1926 2795 poterit,

1353 2795 1507 2826 Habendas
1523 2819 1533 2833 ,
1558 2794 1732 2832 Teiiendas,
1755 2795 1789 2825 &
1809 2794 2009 2832 percipiendas
2024 2795 2120 2826 eidem
2139 2796 2290 2827 Willielmo
2309 2797 2386 2829 Exe-

1317 2835 1462 2866 cutoribus
1481 2835 1514 2865 &
1533 2833 1681 2872 Affignatis
1699 2832 1753 2863 suis
1769 2832 1909 2870 praedietis
1924 2833 1961 2864 de
1982 2833 2076 2865 Dono
2094 2834 2212 2873 nostro,
2230 2836 2304 2867 adeo
2322 2837 2385 2875 ple-

1316 2875 1353 2903 ne
1367 2896 1376 2911 ,
1404 2874 1512 2912 integre
1536 2872 1570 2902 &
1596 2872 1685 2901 libere
1704 2895 1714 2908 ,
1747 2880 1833 2909 prout
1852 2871 1921 2902 Nos
1940 2871 1986 2903 vel
2002 2872 2141 2904 Haeredes
2158 2874 2273 2912 nostri,
2296 2884 2385 2905 occa-

1318 2913 1396 2943 sione
1413 2911 1577 2951 hujusmodi
1592 2909 1756 2941 Vacationis
1770 2909 1840 2940 dieti
1859 2909 2050 2948 Episcopatus
2070 2911 2248 2950 Londoniae,
2266 2913 2384 2945 habere-

1318 2961 1383 3020 }nus
1399 2959 1446 2981 aut
1464 2950 1671 2989 perciperemus
1687 2949 1708 2979 fi
1725 2948 1845 2988 praesens
1860 2948 2020 2982 Conceffio
2038 2949 2134 2982 nostra
2150 2951 2223 2982 faeta
2239 2960 2300 2981 non
2316 2951 2386 2983 fuis·-

1330 2998 1358 3021 et

1356 3012 1396 3058 Et
1422 3027 1534 3065 insuper
1549 3049 1559 3065 ,
1581 3025 1618 3057 de
1645 3027 1767 3057 uberiori
1791 3025 1890 3057 Gratia
1914 3026 2011 3058 nostra
2031 3026 2166 3066 speciali,
2195 3037 2228 3059 ac
2249 3036 2285 3058 ex
2310 3037 2387 3061 certa

1319 3066 1444 3098 Scientia
1468 3067 1503 3098 &
1527 3075 1610 3096 mero
1634 3064 1725 3097 Motu
1744 3064 1846 3096 nostris
1862 3065 2004 3103 praedistis
2017 3089 2028 3104 ‚
2051 3065 2164 3096 Damus
2182 3067 2216 3097 &
2236 3065 2388 3098 Concedi-

1320 3115 1385 3135 mus
1397 3127 1406 3142 ,
1431 3114 1486 3142 pro
1505 3103 1605 3134 Nobis
1622 3105 1656 3135 &
1676 3103 1848 3134 Haeredibus
1865 3103 1967 3135 nostris
1984 3104 2124 3142 praedietis
2137 3127 2147 3142 ‚
2165 3103 2287 3144 praefato
2306 3106 2384 3136 Wil-

1318 3142 1408 3174 lielmo
1426 3143 1635 3174 Executoribus
1652 3143 1687 3174 &
1702 3142 1850 3182 Affignati's
1865 3142 1919 3174 suis
1937 3142 2093 3180 praedieti‘s,
2117 3144 2216 3174 omnia
2236 3144 2269 3175 &
2288 3146 2388 3175 omni-

1320 3183 1409 3212 moda
1426 3181 1522 3212 Feoda
1541 3181 1672 3212 Militum
1692 3191 1757 3220 quae
1774 3190 1906 3212 tenentur
1922 3181 1959 3212 de
1974 3180 2056 3210 disto
2074 3180 2246 3220 Episcopatu
2265 3181 2389 3215 Londo-

1321 3222 1378 3251 niae
1392 3242 1403 3258 ,
1426 3230 1461 3250 ac
1482 3220 1697 3250 Advocationes
1714 3220 1902 3251 Ecclesiatum
1945 3218 2142 3257 Capellarum,
2168 3220 2365 3252 Cantariarum

1321 3259 1561 3295 Praebendarum,
1579 3258 1885 3301 Archidiaconatuutn,
1900 3241 2100 3297 bignitatum,
2118 3258 2327 3299 Hospitalium‚
2352 3245 2388 3292 δὲ

1321 3298 1441 3328 aliorum
1460 3297 1670 3328 Beneficiorum
1688 3296 1954 3328 Ecclesiasticorum
1973 3307 2224 3337 quorumcumque
2239 3323 2249 3336 ,
2274 3308 2308 3329 ac
2335 3298 2390 3330 Es-

1322 3345 1412 3367 caetas
1429 3336 1464 3366 &
1484 3335 1682 3366 Forisfadturas
1696 3336 1851 3366 Terrarum
1869 3335 1902 3365 &
1922 3335 2174 3366 Tenementorum
2189 3336 2339 3368 Bonorum
2354 3338 2390 3369 &

1323 3374 1499 3405 Catauorum
1517 3384 1768 3411 quorumcumque
1782 3397 1792 3412 ,
1820 3383 1889 3404 curn
1907 3374 2082 3411 pertinentiis
2095 3374 2191 3404 eidem
2209 3373 2393 3414 Episcopatui

1326 3411 1489 3442 Londoniae
1505 3413 1747 3449 qualitercumque
1766 3414 1946 3450 pertinentia,
1962 3412 2126 3449 spectantia,
2144 3413 2202 3443 sive
2218 3414 2392 3445 incumben-

1326 3449 1791 3518 siani‘zaero‘iifflivevssffiaffssss
1803 3449 2389 3523 Ξὲἲῗξὲῗηἓρζῗῗξὲἑῗέεῇἓῗάἐῧίἶἐέἒ

1328 3528 1390 3557 nire
1405 3526 1580 3563 debuerunt,
1597 3525 1718 3556 debeant
1735 3535 1782 3557 aut
1799 3526 1944 3556 debebunt
1961 3525 2007 3558 seu
2023 3527 2177 3560 devenient
2190 3529 2310 3561 durante
2333 3529 2390 3561 Va-

1329 3566 1442 3596 catione
1458 3564 1582 3603 ejusdem
1600 3563 1786 3602 Episcopatus
1802 3564 1966 3595 Londoniae
1982 3588 1992 3604 ,
2019 3575 2052 3597 ac
2072 3577 2174 3599 omnes
2192 3568 2389 3600 Denariorum

1330 3603 1462 3635 Summas
1482 3603 1518 3632 de
1542 3602 1694 3633 Praemiffis
1711 3603 1770 3635 five
1786 3612 1887 3634 eorum
1903 3604 1998 3642 aliquo
2015 3607 2245 3643 provenientium
2259 3629 2271 3646 ,
2294 3610 2311 3626 ⁸*
2327 3605 2392 3636 Ha·
2409 3603 2503 3631 *XH-

1330 3641 1426 3673 benda
1450 3641 1483 3671 &
1506 3641 1646 3672 Tenenda
1670 3642 1768 3672 eadem
1787 3642 1881 3672 Feoda
1900 3642 2029 3674 Militum
2044 3667 2054 3682 ,
2078 3644 2314 3684 Advocationes,
2339 3643 2392 3674 Es-
2409 3640 2474 3677 785·

1331 3689 1444 3718 metas,
1468 3679 1502 3710 &
1521 3679 1720 3711 Forisfaeturas
1745 3691 1815 3711 cum
1842 3681 2015 3718 pertinentiis
2029 3706 2039 3720 ,
2072 3693 2105 3715 ac
2128 3682 2298 3714 Custodiam
2322 3692 2391 3713 om-

1331 3721 1412 3753 nium
1428 3717 1614 3757 eorumdem,
1632 3729 1666 3750 ac
1684 3729 1785 3750 omnes
1801 3720 1890 3750 dieras
1908 3720 2102 3752 Denariorum
2120 3721 2265 3759 Summas,
2285 3721 2393 3761 praefa-

1331 3766 1360 3788 to
1378 3755 1527 3788 Willielmo
1548 3756 1752 3788 Executoribus
1770 3758 1804 3789 &
1821 3758 1968 3798 Affignatis
1987 3759 2039 3789 suis
2056 3760 2213 3798 praedietis,
2231 3769 2246 3789 a
2258 3769 2391 3797 tempore

1331 3797 1419 3827 dietae
1437 3793 1601 3839 Vacationis
1617 3795 1754 3834 quamdiu
1772 3796 1883 3827 dietum
1901 3797 2102 3835 Episcopatum
2121 3798 2284 3829 Londoniae
2307 3808 2392 3830 vaca-

1331 3846 1362 3866 re
1387 3835 1560 3872 contigerit,
1583 3844 1616 3864 ac
1641 3836 1739 3867 omnia
1760 3835 1811 3865 alia
1830 3836 1863 3866 &
1888 3845 1990 3866 caetera
2009 3835 2154 3866 Praemiffa
2171 3837 2276 3874 absque
2293 3837 2390 3875 aliquo

1332 3873 1486 3908 Compoto
1499 3894 1513 3916 ².
1534 3871 1683 3910 Responso
1700 3897 1710 3912 ,
1734 3874 1779 3904 seu
1805 3873 1899 3912 aliquo
1915 3874 2016 3906 Nobis
2033 3876 2079 3905 vel
2096 3874 2269 3905 Haeredibus
2288 3876 2392 3906 nostris

1329 3921 1384 3983 gro
1408 3910 1560 3942 Praemiffis
1584 3912 1629 3942 seu
1653 3912 1749 3952 aliquo
1774 3910 1989 3944 Praemifforum
2013 3912 2177 3944 Reddendo
2199 3914 2245 3944 seu
2271 3913 2390 3945 Facien-

1350 3961 1370 3981 o

1370 3972 1409 4019 Et
1423 3987 1535 4018 ulterius
1554 3986 1752 4020 Concedimus
1770 3987 1890 4028 praefato
1915 3988 2064 4020 Willielmo
2086 3989 2239 4027 plenariam
2262 3989 2390 4021 Potesta-

1332 4037 1412 4066 tem,
1429 4026 1548 4057 Tenore
1566 4025 1770 4067 Praesentium,
1791 4028 1950 4065 hujusmodi
1967 4027 2122 4066 Ecclefias,
2144 4028 2187 4059 Ca
2211 4029 2289 4066 ellas,
2311 4027 2390 4059 Can-

1331 4067 1425 4105 tarias,
1449 4065 1602 4103 Abbatias,
1627 4065 1784 4103 Prioratus,
1810 4065 1948 4098 Ecclesias
1964 4063 2154 4106 Collegiatas,
2198 4067 2392 4106 raepofituras,

2330 4102 2395 4141 De,
