2555 4266
224 104 269 129 12

71 175 148 207 Ann.
164 173 203 204 Dv
257 173 292 204 Et
305 172 341 203 de
356 172 490 202 omnibus
506 171 625 209 Pannis,
642 171 809 202 habentibus
827 169 1049 208 Longitudinem
1071 167 1183 204 Viginti
1199 166 1282 197 06ὶο

101 223 185 253 1471.

72 255 139 282 ἱόν.
158 264 185 288 4.

93 1162 108 1176 ⁸
131 1162 185 1190 XI.

219 212 380 242 Gardarum
401 219 448 253 aut
474 211 566 248 ultra,
590 220 638 248 per
659 210 789 247 praefatos
811 210 842 239 de
855 212 921 239 Veer
938 208 1071 239 Emendis
1084 230 1094 245 ,
1115 205 1281 243 Ducendis,

220 252 264 281 vel
289 248 445 295 Carcandis
467 259 542 280 eirtra
556 249 726 287 praedidfflm
742 248 883 285 Regnum
902 246 1031 277 nostrum
1045 255 1091 276 aut
1105 245 1281 284 pertinentias

220 287 414 329 Angl1ae‚[pfi
427 290 598 318 tenebuntur
614 288 739 325 solvere,
756 287 791 317 ad
806 286 970 317 Utilitatem
987 285 1133 322 nosti-am,
1144 294 1196 323 pro
1207 293 1282 321 quo-

219 330 287 360 libet
309 328 355 358 tali
377 327 478 357 Panno
495 327 640 357 Duodecim
656 329 791 357 Deuarios
816 324 1027 363 sterlingorum,
1044 324 1076 359 ὃς
1089 333 1149 354 non
1164 321 1282 360 amplius

218 375 440 436 prcffgrlgeaffis.
457 404 607 449 vero-Gra
628 405 696 435 natis
712 412 823 447 tantum
840 402 982 433 exsolvent
1000 401 1100 432 Nebis
1117 400 1151 431 δε
1171 398 1284 436 nostris,

214 443 471 513 quantumsNatio
488 414 658 482 Orientalis,
677 443 826 483 vulgariter
843 450 1001 479 nuncupata
1019 438 1183 479 Ellerlinges
1198 460 1208 476 ,
1233 437 1286 467 sol-

219 493 288 516 vere
301 493 358 514 con
372 492 463 514 uevit:

258 522 458 554 Concedimus
476 522 561 563 etiarn
578 531 627 559 per
644 519 798 550 Praesentes
812 541 821 557 ,
840 518 921 556 qnod
939 516 1067 556 praediffl
1085 516 1118 546 de
1136 517 1202 544 Veer
1219 523 1286 551 pos-

222 562 296 600 sint,
315 561 348 592 &
366 561 484 602 quilibet
501 570 602 590 eorum
621 558 706 597 poffit
719 582 730 597 ,
748 569 802 596 pro
821 557 919 587 futuris
935 556 1074 593 perpetuis
1090 553 1287 592 temporibus,

223 603 253 632 in
275 610 377 631 eorum
404 599 538 630 Navibus
562 608 612 636 per
627 607 729 628 omnes
748 597 851 628 Portu»v
869 595 967 633 Regni
986 592 1076 624 nostri
1092 593 1125 623 &
1144 591 1286 631 pertinen-

223 641 273 672 tias
299 639 469 670 eorumdem
495 637 668 675 Adducere,
695 636 729 667 &
757 635 791 665 ad
817 635 939 664 Terram
965 632 1078 663 Ponere
1096 629 1288 669 quascumque

224 678 414 710 Mercandisas
429 701 438 714 ,
461 687 514 714 pro
529 685 660 714 tempore
674 685 735 705 non
751 673 928 709 Prohibitas,
947 672 1120 708 cuicumque
1137 667 1287 705 Personae,

222 718 323 750 Nobis
339 727 398 748 non
418 716 581 747 Rebellanti
598 724 652 745 nec
671 712 819 744 Hostiliter
840 710 1003 742 Adversanti
1019 733 1028 746 ,
1054 709 1241 746 pertinentes,
1258 715 1288 735 a·

222 757 327 796 liasque
344 758 373 786 in
391 765 492 786 eorum
510 753 643 785 Navibus
661 753 773 783 Ponere
786 772 796 788 ,
821 750 854 780 &
873 749 906 778 ad
926 747 1115 787 quascumque
1131 745 1224 776 Partes
1239 753 1288 775 ex-

223 805 330 828 traneas
347 794 516 826 Transferre
532 816 543 829 ,
568 794 605 823 ita
624 792 710 821 libere
727 790 762 820 &
779 787 896 828 pacifice
915 787 995 817 sicuti
1015 786 1196 817 Mermtores
1213 783 1288 814 Sub·

219 836 290 876 jeffi
316 835 349 866 &
366 833 537 869 privilegiati
556 829 644 860 nostri
662 827 792 866 praediffi
811 827 904 865 Regni
924 826 1036 864 Angliae
1047 847 1055 863 ,
1080 834 1132 862 pro
1148 830 1287 861 perpetuo

223 877 258 908 δε
275 875 378 912 absque
393 873 485 910 aliqua
503 867 757 904 Contradiffloneg
777 865 909 903 Exceptis
927 863 1129 900 Praeexceptis:

261 913 382 945 Proviso
409 921 441 942 ac
469 909 555 940 Salvo
581 906 679 937 Nobis
698 906 732 936 &
751 904 869 935 Nostris
888 903 968 941 quod
987 902 1034 939 ipsi
1050 902 1083 930 de
1101 903 1167 930 Vm
1185 900 1288 931 faciant

220 953 331 990 semper
349 948 594 980 Certificationem
613 946 800 981 autenticam,
818 943 854 974 de
871 952 975 973 eorum
991 940 1138 978 Personis,
1156 938 1292 971 Navibus

224 994 259 1024 &
288 987 472 1021 Mercandisis
487 1008 497 1023 ‚
523 985 573 1016 sub
599 984 698 1024 Sigillo
722 983 866 1021 praedkftae
885 981 969 1010 Villae
984 980 1019 1009 de
1037 978 1112 1010 Veer
1129 1003 1138 1015 ,
1160 978 1206 1008 seu
1225 978 1289 1008 alias

223 1030 365 1063 autentice
383 1029 418 1058 δε
437 1025 626 1060 sufficienter,
644 1023 682 1052 ne
700 1032 753 1052 nos
771 1022 804 1052 ὃ(
818 1019 956 1050 Haeredes
973 1017 1062 1048 nostri
1078 1017 1289 1048 Defraudemur

220 1070 290 1109 Jure
307 1066 405 1098 nostro
423 1063 518 1101 quoad
533 1063 596 1093 alias
614 1060 748 1091 Personas
767 1061 801 1091 &
821 1057 1012 1089 Mercandisas
1030 1056 1212 1095 earumdem,

263 1106 385 1136 Volumus
402 1105 486 1134 etiam
501 1102 535 1133 &
551 1100 721 1131 concedimus
739 1098 856 1137 praefaris
869 1099 966 1126 Com-iti
981 1096 1014 1127 δε
1030 1095 1201 1125 Haeredibus
1214 1095 1287 1132 Suis,

224 1157 256 1176 ac
276 1146 295 1165 '¹‘
321 1140 544 1181 Buraimagistris
561 1164 570 1179 ,
594 1139 721 1170 Scabinis
737 1161 747 1176 ,
772 1136 966 1173 Consulibus,
995 1136 1029 1166 &
1054 1134 1289 1166 inhabitatoribus

223 1185 310 1216 dictae
336 1182 409 1213 Ville
435 1181 467 1211 de
494 1183 582 1217 Veer,
607 1188 640 1209 ac
667 1177 843 1207 Libertatum
863 1176 898 1206 &
918 1173 1148 1205 Franchesiarum
1166 1172 1288 1209 ejusdem

223 1224 326 1259 Villae,
345 1224 393 1259 qui
409 1230 485 1251 nunc
499 1220 559 1249 sunt
572 1218 605 1248 ὅ(
618 1226 672 1255 pro
686 1225 816 1253 tempore
830 1223 928 1251 erunt,
943 1222 976 1244 ac
990 1211 1160 1243 Haeredibus
1170 1213 1203 1243 ὅ(
1217 1211 1289 1242 Suc-

223 1262 379 1293 cefforibus
395 1260 446 1290 suis
464 1259 497 1289 &
513 1266 613 1287 eorum
633 1255 771 1290 cuilibet,
797 1252 877 1290 quod
896 1251 950 1290 Ipsi
971 1251 1129 1287 huiusmodi
1148 1249 1290 1281 Denarios

223 1301 418 1339 suprascriptos
434 1296 577 1328 exsolvent
596 1294 696 1324 Nobis
713 1294 746 1325 &
764 1292 931 1323 Haeredibus
950 1290 1050 1320 nostris
1065 1314 1074 1327 ,
1100 1291 1133 1321 ὃ(
1151 1299 1210 1319 non
1230 1289 1290 1327 plu-

224 1352 266 1372 res
282 1365 291 1376 ,
316 1348 369 1377 pro
391 1344 573 1376 quacumque
591 1333 720 1363 Ratione
739 1332 785 1362 vel
804 1330 916 1369 Causa,
945 1330 977 1361 δε
1001 1339 1062 1360 non
1087 1328 1152 1359 alias
1171 1338 1217 1360 aut
1234 1329 1290 1358 alio

222 1380 314 1411 modo
331 1378 417 1415 quam
437 1375 651 1413 suprascriptum
670 1370 728 1410 est,

260 1418 298 1448 Et
327 1416 414 1454 quod
434 1414 486 1451 Ipsi
511 1414 719 1449 imperpetuum
748 1408 800 1439 (int
818 1408 915 1439 Liberi
934 1407 967 1438 &
987 1407 1088 1446 Qiieti
1105 1405 1291 1444 Nobiscum,

222 1459 255 1488 ec
277 1466 344 1487 cum
364 1453 533 1484 Hzeredibus
553 1453 586 1483 ὅτ
602 1448 817 1481 Successoribus
829 1446 945 1483 nostris,
962 1446 997 1476 de
1010 1446 1144 1476 omnibus
1158 1445 1216 1475 aliis
1229 1443 1292 1474 Cu-

224 1496 323 1526 stumis
339 1517 347 1530 ,
375 1493 537 1528 Oneribus,
565 1487 814 1526 impositionibus,
833 1485 982 1523 Subsidiis,
998 1485 1152 1523 Tallagiis,
1171 1482 1292 1514 Contri-

222 1534 388 1565 buiionibus
403 1557 412 1569 ,
438 1529 656 1565 Exacffionibus,
675 1527 708 1558 ὃς
727 1525 902 1564 Demandis,
920 1534 985 1563 quae
1001 1525 1037 1554 ab
1055 1523 1117 1560 ipsis
1137 1532 1189 1560 pro
1208 1521 1293 1552 Bonis

221 1575 255 1604 8<
276 1571 458 1603 Mercandisis
475 1578 522 1599 aut
542 1567 670 1597 Personis
687 1566 757 1603 suis,
775 1564 810 1595 ad
829 1574 901 1602 opus
920 1562 1049 1594 nostrum
1062 1562 1118 1592 sive
1132 1561 1290 1592 Haeredum

220 1612 386 1643 nostrorum
397 1633 406 1648 ,
431 1608 570 1646 aliquibus
589 1606 686 1637 futuris
703 1604 899 1642 Temporibus
916 1625 926 1642 ,
945 1603 1056 1642 exigere
1073 1601 1227 1640 poterimus
1243 1599 1290 1630 seu

223 1650 411 1682 demandare:

260 1688 381 1719 Proviso
399 1686 507 1723 semper
526 1682 607 1722 quod
625 1692 730 1712 omnes
748 1682 781 1712 &
807 1679 907 1718 finguli
928 1678 1040 1710 Subditi
1059 1677 1147 1708 nostri
1165 1677 1199 1707 &
1216 1675 1291 1707 Hae-

222 1728 323 1759 redum
351 1725 515 1756 nostrorum
532 1746 541 1759 ,
563 1722 598 1752 ad
619 1721 728 1751 dietam
754 1718 858 1750 Villam
884 1719 916 1748 de
938 1720 1004 1747 Veer
1029 1726 1062 1747 ac
1083 1716 1239 1747 Libertates
1255 1716 1289 1746 &

223 1766 400 1798 Francheiias
428 1762 550 1802 ejusdem
577 1770 630 1800 pro
656 1768 786 1796 tempore
813 1757 988 1795 Reparantes
1003 1779 1013 1796 ,
1031 1756 1088 1786 sive
1106 1753 1289 1785 Concursum

221 1806 358 1836 habentes
381 1811 428 1833 aut
455 1801 587 1832 facientes
611 1798 786 1836 temporibus
810 1797 912 1827 fururis
931 1819 940 1833 ,
964 1796 994 1825 in
1017 1793 1202 1825 Mercandifis
1221 1791 1292 1830 suis,

224 1845 271 1875 seu
297 1844 363 1874 alias
389 1851 442 1879 pro
468 1838 598 1871 Personis
622 1838 674 1868 suis
689 1860 698 1875 ,
722 1837 755 1867 &
775 1845 827 1874 pro
845 1835 980 1866 omnibus
998 1832 1102 1871 Bonis,
1121 1831 1241 1870 Rebus,
1257 1831 1291 1862 δί

224 1881 413 1913 Mercandisis
438 1878 490 1909 suis
504 1876 750 1917 quibuscumque,
778 1877 805 1904 in
822 1873 897 1904 dista
915 1873 989 1904 Villa
1004 1872 1041 1903 de
1057 1871 1132 1901 Veer
1151 1871 1186 1902 δε
1204 1870 1291 1901 Fran-

223 1922 322 1954 chesiis
342 1919 466 1959 ejuidem
482 1941 492 1956 ,
517 1927 570 1954 pro
591 1924 728 1954 perpetuo
751 1923 834 1944 erunt
854 1912 953 1943 Liberi
971 1913 1004 1942 &
1023 1911 1121 1949 Quieti
1140 1918 1203 1947 erga
1217 1918 1291 1978 Εκ-

223 1960 335 1991 dictum
361 1957 616 1993 Consanguineum
636 1952 766 1984 nostrum
782 1955 929 1983 Dominum
951 1951 984 1980 de
1006 1952 1072 1979 Veer
1089 1950 1123 1980 ὃς
1138 1949 1201 1979 suos
1252 1958 1290 1978 ae-

224 2000 304 2031 redes
324 1999 358 2030 δε
375 1995 574 2032 Succeffores,
593 2002 711 2024 necnon
727 1991 885 2027 Scabinos,
905 1987 1156 2028 Burgimagistros,
1175 1986 1291 2018 Consu-

223 2041 283 2077 les,
300 2035 554 2069 Communitatem
573 2034 606 2064 &
626 2031 828 2063 Inhabitatores
847 2028 1012 2066 praedictos,
1031 2029 1242 2065 imperpetuum
1255 2025 1292 2056 de

223 2077 359 2110 omnibus
377 2072 609 2112 Impositionibus
626 2094 635 2108 ,
660 2068 814 2105 Subsidiis,
830 2068 978 2107 Tallagiis,
998 2065 1290 2102 Contributionibus,

224 2115 447 2151 Exactionibus,
463 2113 495 2144 &
516 2109 691 2147 Demandis,
710 2118 788 2139 nunc
805 2107 943 2146 impositis
961 2115 1008 2136 aut
1027 2107 1057 2136 in
1075 2105 1204 2135 futurum
1224 2113 1292 2142 qua-

224 2156 416 2191 litercumque
433 2149 616 2189 imponendis
634 2158 684 2187 per
701 2147 815 2179 eosdem
827 2169 836 2184 ,

262 2194 300 2226 Et
328 2191 408 2231 quod
427 2189 515 2222 nichil
531 2189 615 2219 eidem
642 2189 758 2218 Domino
780 2185 812 2215 de
825 2187 906 2221 Veer,
925 2193 978 2222 pro
997 2191 1129 2221 ternpore
1148 2179 1292 2218 existenti,

223 2234 281 2265 sive
299 2231 491 2267 Reitoribus,
510 2227 655 2264 Scabinis,
674 2223 908 2263 Burgirnagistris,
927 2221 1101 2252 Consulibus
1115 2245 1124 2258 ,
1144 2219 1292 2251 Commu-

223 2273 302 2304 nitati
317 2294 328 2309 ,
351 2270 385 2300 &
411 2267 648 2300 Inhabitatoribus
668 2264 704 2294 de
724 2263 799 2294 Veer
818 2260 959 2303 praedietis
973 2284 982 2298 ,
1009 2261 1117 2291 solvent
1132 2259 1168 2289 de
1187 2258 1291 2297 praedi-

225 2312 278 2342 c'iis
292 2334 301 2347 ,
321 2310 380 2348 jam
399 2306 539 2344 Impositis
555 2306 588 2337 δε
608 2306 638 2335 in
657 2303 785 2334 futurum
805 2299 986 2340 imponendis
1000 2323 1010 2338 ,
1035 2310 1088 2338 pro
1108 2307 1292 2336 quacumque

226 2349 316 2382 Causa
333 2348 378 2378 vel
396 2345 563 2377 occasione:

262 2389 300 2419 Et
327 2385 408 2425 quod
433 2385 510 2415 idem
535 2387 616 2414 Dom.
635 2381 667 2411 de
685 2383 750 2411 Veer
772 2378 1011 2410 Consanzuineus
1031 2375 1127 2405 noster
1146 2374 1228 2405 faciat
1244 2374 1290 2404 seu

226 2429 283 2460 fieri
303 2426 386 2456 faciet
397 2423 515 2461 Nobis,
535 2421 706 2452 Haeredibus
724 2419 757 2449 ὅ(
775 2416 988 2448 Successoribus
1007 2414 1110 2444 nostris
1124 2436 1134 2452 ,
1150 2423 1183 2444 ac
1199 2414 1294 2443 omni-

226 2468 279 2499 bus
304 2463 429 2494 Subditis
450 2463 483 2493 δε
512 2461 605 2499 Ligeis
629 2457 754 2496 nostris,
780 2455 978 2486 Sufficientem
1007 2452 1236 2496 Concessionem
1258 2452 1294 2482 de

226 2504 360 2536 omnibus
379 2501 434 2531 istis
457 2500 615 2536 Privilegiis
631 2521 640 2534 ,
664 2496 874 2530 Libertatibus,
892 2493 1077 2529 Francheiiis,
1098 2492 1130 2522 &
1148 2490 1294 2521 Exonera-

227 2543 370 2577 smmbus,
385 2540 458 2571 adei>
476 2539 559 2577 plene
577 2538 610 2568 δε
629 2537 739 2571 integi-‘e
759 2542 841 2571 prout
856 2533 979 2569 superius
995 2539 1142 2566 motatur,
1159 2531 1192 2561 ὅ(
1208 2528 1292 2560 Con-

227 2582 386 2613 cessionem
403 2578 478 2608 illam
496 2576 594 2606 Nobis
613 2576 658 2606 vel
678 2573 848 2603 Haeredibus
867 2570 966 2600 nostris
983 2594 992 2606 ,
1017 2571 1083 2599 citra
1103 2568 1219 2598 Festum
1242 2568 1293 2599 Pa-

225 2622 300 2653 scbae
325 2618 459 2656 proximo
485 2623 638 2645 venturum
656 2636 665 2649 ,
689 2612 738 2642 sub
760 2610 872 2648 Magno
892 2609 990 2648 Sigillo
1009 2607 1058 2638 suo
1077 2608 1110 2637 &
1134 2607 1223 2646 Signo
1243 2607 1293 2637 suo

228 2659 376 2693 manuali,
401 2665 434 2685 ac
458 2655 507 2684 sub
532 2652 632 2691 sigilio
660 2650 804 2689 praedie'tae
826 2648 908 2678 Villae
928 2648 963 2677 de
983 2646 1075 2683 Veer,
1092 2646 1225 2676 deliberet
1245 2645 1291 2676 seu

228 2697 374 2730 deliberari
391 2694 489 2725 faciet:

265 2736 304 2768 Et
323 2735 451 2769 ulterius,
468 2739 502 2761 ex
519 2729 649 2766 ampliori
669 2726 766 2757 Gratia
787 2724 880 2755 nostra
895 2747 903 2761 ,
921 2722 1137 2761 Cognoscentes
1156 2721 1188 2751 &
1209 2721 1294 2751 Con-

230 2775 377 2806 siderantes
390 2770 580 2808 Sapientiam,
599 2765 811 2796 Provideniam
832 2765 865 2794 ὅ(
884 2762 1075 2792 Nobilitatem
1094 2760 1221 2797 praedic‘ii
1242 2770 1295 2790 no-

232 2815 280 2845 stri
304 2808 516 2845 Consanguinei
536 2808 648 2836 Domini
664 2804 695 2833 de
714 2806 779 2833 Veer
792 2827 801 2840 ,
818 2802 907 2839 ipsum
927 2800 1050 2830 eundern
1072 2799 1295 2835 Acceptavimus

232 2855 267 2885 ὃς
290 2861 340 2892 per
365 2843 517 2880 Praisentes
540 2846 730 2882 Acceptamus
757 2843 785 2872 in
802 2839 1003 2870 Consiliarium
1025 2838 1059 2868 &
1076 2836 1295 2868 Cubicularium

232 2891 380 2927 nostrum,
401 2898 432 2918 ac
451 2886 485 2916 ad
497 2885 566 2924 Jura
582 2884 614 2914 ὃ(
630 2881 767 2913 Honores
782 2879 861 2909 simul
880 2879 913 2910 &
934 2877 1082 2908 Profestus
1100 2876 1134 2906 ad
1153 2876 1217 2905 haec
1236 2885 1298 2914 per-

233 2930 350 2962 tinentia
363 2951 373 2966 ,
398 2925 474 2957 unde
496 2922 551 2961 ipse
576 2921 675 2952 Nobis
694 2918 821 2958 praestitit
839 2917 939 2948 Fidem
964 2918 992 2946 in
1015 2914 1149 2945 Manibus
1169 2913 1298 2952 nostris,

235 2971 285 3006 ἃ,
305 2976 375 2998 cum
393 2966 452 2996 hoc
463 2988 472 3001 ,
487 2962 577 3001 ipsum
588 2985 597 2997 ,
612 2958 770 2996 omnesque
791 2957 853 2987 suos
872 2955 1018 2986 Homines
1030 2978 1039 2992 ,
1059 2954 1232 2989 ServiroreS,
1246 2952 1298 2982 Fa-

237 3009 357 3038 miliares
370 3027 380 3041 ,
408 3003 496 3034 Cives
512 3026 521 3039 ,
548 2999 656 3030 incolas
671 3021 681 3036 ,
707 2998 739 3028 δε
763 2995 953 3026 Inhabitantes
978 2996 1005 3023 in
1022 2992 1164 3030 praedietis
1179 2991 1251 3021 Villa
1265 2993 1299 3023 δε

238 3044 410 3077 Franclieiiis
423 3041 459 3071 de
472 3039 546 3069 Veer
560 3061 570 3076 ,
586 3047 619 3068 ac
631 3046 732 3067 omnes
748 3035 816 3065 alios
830 3035 892 3063 suos
903 3032 1038 3063 Subditos
1047 3054 1055 3068 ‚
1074 3031 1300 3070 Acceptavimus

237 3086 270 3117 ὃς
286 3094 335 3122 per
351 3080 502 3113 Praesentes
515 3076 656 3108 Ponimus
671 3076 700 3105 in
710 3074 893 3104 Securitatem
903 3095 912 3109 ,
931 3071 1163 3108 protectionem,
1175 3069 1301 3099 Salvam-

239 3124 363 3156 §ardiam
385 3120 418 3150 δί
437 3116 586 3155 specialem
600 3113 716 3144 Salvum
738 3111 926 3142 Conductum
943 3135 951 3147 ,
968 3120 1021 3147 pro
1037 3109 1152 3146 Nobis,
1172 3107 1302 3138 Haeredi-

235 3158 304 3200 505,
323 3162 356 3192 Sc
378 3155 592 3189 Successoribus
610 3151 711 3182 nostris
727 3174 737 3188 ,
760 3150 793 3179 ad
814 3149 946 3179 Eundum
965 3150 997 3178 &
1021 3146 1258 3177 conversandum
1272 3147 1302 3176 in

238 3201 352 3238 lingulis
374 3199 407 3229 δε
430 3195 566 3226 omnibus
582 3192 669 3221 nostri
690 3189 786 3228 Regni
799 3188 914 3225 Terris,
933 3188 965 3218 ὃ(
984 3187 1148 3223 Dominiis,
1166 3195 1216 3223 per
1234 3184 1302 3215 Ma-

238 3251 276 3270 ria
292 3241 323 3270 el<
340 3247 389 3276 per
405 3235 524 3271 Terras,
539 3233 765 3268 imperpetuum,
783 3227 839 3258 litas
855 3226 1040 3261 Mercantias,
1059 3234 1089 3254 ut
1106 3225 1303 3261 proemittitur,

242 3275 431 3308 Lxcercendo
445 3297 454 3312 ,
480 3273 513 3304 &
535 3270 599 3301 alias
621 3268 666 3299 seu
688 3266 743 3297 alio
762 3264 852 3296 modo
869 3274 952 3303 prout
969 3265 1007 3293 eis
1023 3264 1056 3293 &
1073 3262 1189 3292 cuilibet
1203 3271 1304 3293 eorum

242 3315 426 3346 necessarium
442 3312 546 3349 fuerit3
809 3343 814 3348 ·
1251 3339 1256 3344 ¹
1299 3339 1304 3344 ι

281 3354 365 3384 Salvo
390 3353 496 3389 semper
518 3349 686 3387 juramento
708 3343 814 3381 praefati
838 3344 949 3371 Domini
964 3340 996 3369 de
1011 3341 1076 3380 Vter
1093 3336 1305 3375 Consanguinei

246 3392 350 3428 nostri,
370 3401 418 3428 per
439 3388 561 3420 eundem
579 3384 678 3416 nostro
697 3381 863 3421 praecinctio
881 3390 912 3410 ac
929 3377 1128 3417 praecarissimo
1143 3375 1228 3405 Fratri
1244 3377 1306 3404 Ka-

247 3430 316 3467 rclo,
339 3429 393 3458 Dei
408 3427 514 3467 gratia,
532 3428 604 3456 Duci
623 3420 788 3459 Burgundiae
805 3417 939 3462 praestito.
1063 3454 1068 3458 .
1248 3452 1252 3456 Ι

285 3469 397 3499 Damus
420 3469 501 3502 igitur
523 3467 550 3495 in
573 3461 732 3498 MandatiS,
751 3469 804 3496 pro
826 3456 924 3487 Nobis
942 3456 974 3485 &
988 3453 1123 3485 omnibus
1137 3450 1310 3481 Haeredibus

250 3510 283 3542 &
307 3499 518 3537 Succciloribus
543 3502 664 3539 nostris,
687 3498 823 3529 omnibus
840 3497 873 3527 ὃς
891 3493 1004 3531 singulis
1021 3489 1310 3534 nostrisJusticiariis,

250 3545 403 3577 Officiariis
418 3567 426 3579 ,
449 3542 608 3580 Capitaneis
625 3563 634 3577 ,
660 3537 804 3568 Gentibus
830 3534 990 3565 Armorum
1006 3540 1088 3574 ,aper
1106 3528 1195 3574 Maria
1211 3529 1244 3559 ὃς
1261 3537 1310 3570 per

250 3587 354 3616 Terras
365 3605 374 3620 ,
398 3581 578 3611 Pac'iionariis
592 3603 602 3616 ,
630 3575 818 3608 Reddituariis
830 3596 839 3611 ,
858 3571 1045 3602 Custumai‘iis
1059 3577 1192 3599 omnium
1208 3567 1240 3597 &
1257 3568 1312 3595 iin-

254 3625 392 3662 gulorum
406 3619 629 3649 Theolonorum
645 3616 677 3646 ὃς
693 3614 899 3644 Custumarum
917 3610 1055 3639 portuum
1070 3608 1102 3638 δε
1118 3605 1311 3649 Paffagiorum

253 3664 340 3694 totius
356 3659 452 3698 Regni
465 3655 554 3686 nostri
569 3654 680 3693 Angliae
694 3651 874 3692 praesentibus
890 3650 922 3680 &
939 3647 1053 3690 futuriS,
1071 3648 1104 3677 ὃς
1115 3653 1246 3675 omnium
1263 3652 1313 3673 eo-

251 3711 318 3730 rum
342 3695 583 3729 Locatenentibus
598 3715 607 3730 ,
633 3694 664 3722 &
678 3692 793 3722 cuilibet
808 3698 909 3719 eorum
925 3688 954 3716 in
970 3685 1091 3716 solidum
1109 3706 1119 3727 ,
1137 3683 1215 3726 super
1236 3680 1313 3710 Prte-

254 3740 352 3776 scripta
369 3735 502 3774 requisitis
518 3756 527 3770 ,
545 3740 678 3767 quatenus
695 3730 747 3760 hac
764 3728 891 3766 praesenti
905 3724 1022 3761 Gratia,
1037 3723 1192 3758 Privrlegio
1229 3718 1313 3749 Con-

252 3777 376 3807 cei'sione
391 3798 400 3812 ,
426 3773 511 3804 Salvo
537 3768 694 3800 Conduetu
708 3790 717 3804 ,
740 3766 915 3804 Salvagardia
928 3789 937 3802 ,
960 3772 1044 3801 atque
1060 3761 1096 3791 de
1112 3769 1175 3791 t0to
1193 3742 1314 3788 ³ren0re

254 3815 439 3845 Praesentium
467 3812 646 3844 Literarum,
674 3805 883 3842 permittant&
901 3803 1003 3833 faciant
1016 3797 1313 3841 nostrumpraedicJum

519 3848 552 3879 ὃς
567 3846 628 3876 suos
642 3842 778 3874 Haeredes
791 3842 956 3878 praedidios,
977 3835 1226 3875 Burgimagistros,
1244 3836 1314 3864 Sca-

528 3888 560 3917 &
574 3883 776 3914 Inhabitatores
792 3879 934 3917 praedictae
953 3881 979 3908 V
981 3876 1036 3907 illae
1052 3877 1084 3906 de
1101 3878 1165 3905 Vm
1180 3875 1213 3905 ὅ(
1229 3872 1315 3903 Fran-

254 3854 481 3890 Consanguineum
492 3872 502 3889 ,

260 3891 357 3927 binos,
377 3890 487 3919 incolas
502 3911 512 3926 ,

688 77 1914 127 CONVENTIONES‚LITERAE,

1326 163 1432 209 ciendo
1444 187 1454 202 ,
1482 163 1642 207 ponendo,
1666 165 1711 209 yel
1733 163 1842 202 dando,
1861 174 1954 202 neque
1969 163 2158 203 permittendo
2173 162 2233 195 fleri
2250 171 2298 196 aut
2310 164 2387 206 dari,
2404 158 2482 191 Am·
2493 158 2536 195 D.

1325 206 1388 238 ipiis
1409 203 1454 232 seu
1471 212 1572 234 eorum
1595 202 1677 232 alicui
1693 226 1702 241 ,
1721 213 1778 247 ‘pro
1799 213 1977 241 quacumque
1993 202 2083 233 Causa
2098 203 2143 233 vel
2160 201 2339 243 Occasione,
2358 206 2388 236 in
2428 207 2513 238 1471.

1326 240 1511 280 Corporibus
1531 249 1577 272 aut
1601 242 1631 270 in
1654 240 1741 271 Bonis

1326 288 1406 318 tum,
1425 289 1526 323 contra
1543 279 1678 309 Formam
1701 280 1734 310 &
1751 263 1897 309 liffeffilum
1915 280 2053 317 praesentls
2068 280 2164 312 Carrae
2181 280 2286 312 nostrae
2303 294 2308 299 ·
2330 292 2390 313 non

1326 318 1503 349 obstantibus
1519 318 1634 349 Statuiis
1645 342 1654 356 ,
1673 317 1922 352 Ordinationibus,
1941 317 2168 359 ProvilionibuS,
2186 306 2388 352 Restrieiioni-

1792 241 1989 278 Praejidicium
2005 242 2119 286 aliquod
2134 242 2179 272 vel
2192 242 2389 280 Imped'men-
2408 239 2474 266 Edv.
2488 249 2517 276 4-

1328 358 1380 388 bus
1400 381 1409 395 ,
1438 361 1451 373 ⁶
1474 357 1616 388 Mandatis
1632 380 1640 394 ,
1662 357 1694 387 ὃς
1716 355 1958 386 prohibitionibus
1972 378 1981 393 ‚
2007 366 2103 395 nunc,
2121 358 2153 388 ὃ(
2170 359 2199 389 in
2214 359 2340 390 futurum
2355 361 2384 391 in
2404 357 2423 377 '³
2445 360 2499 390 XI.

1328 397 1503 428 contrarium
1518 396 1598 427 fastis
1613 395 1657 426 seu
1672 395 1768 433 editis,
1786 394 1950 432 caeterisque
1964 398 2108 426 contrariis
2124 398 2356 438 quibuscumque.
2401 406 2467 436 733.

1329 435 1661 543 ceffilgiiigusliegecapud
1677 471 1952 514 Μ’]ῐηιοηψενὶιυη,
1976 470 2114 502 vicesimo
2129 473 2251 507 secundo
2262 476 2308 508 die
2324 476 2389 508 De-

1723 591 1777 619 Per
1796 591 1888 619 Breve
1907 588 1940 617 de
1954 589 2075 617 Privato
2091 587 2196 627 Sigsi‘lo,
2217 588 2277 625 ὥς.

1410 728 1460 760 De
1473 727 1713 776 Appunauando
1730 739 1800 760 cum
1815 728 2028 775 Commiffiuriis
2047 732 2134 776 Regis
2150 732 2318 764 Scotorum.

1332 810 1476 881 ΚΕέ(
1487 812 1649 858 anibus,
1667 812 1702 844 ad
1714 823 1804 853 quos,
1821 813 1882 845 ὅτε.
1900 813 2034 846 Salutem.

1451 861 1528 882 cians
1542 853 1624 891 qued
1640 852 1726 889 Nos,

2443 736 2492 768 ἑ)

2403 806 2481 837 Ann.
2498 806 2554 841 Da*

2427 854 2516 884 1472.

1369 889 1418 920 De
1441 889 1632 922 Fidelitatibus
1646 913 1656 929 ,
1679 889 1992 925 Circumspeffionibus
2003 915 2013 930 ,
2031 892 2064 923 &
2082 891 2245 932 industriis,
2262 893 2389 926 Veneta·
2405 888 2456 912 An.
2477 893 2522 913 ²¹·

1331 927 1432 959 bilium
1450 928 1567 960 Patrum
1583 952 1593 968 ‚
1619 932 1662 960 W
1660 928 1764 958 illielmi
1777 929 1859 959 Elien
1870 940 1894 958 ts
1905 930 2042 969 Eptfiopi,
2060 934 2207 963 Laurentii
2219 933 2388 964 Dunolmen-

2407 926 2436 951 E.
2453 933 2483 959 4.

1323 966 1516 1012 fi5,EPfi0P²'›
1531 968 1671 998 Edwardi
1686 967 1829 998 Karliolen
1839 979 1862 997 ις
1877 969 2014 1007 Episcopi,
2033 970 2241 1003 carissimorum
2257 971 2388 1003 Consan-
2405 967 2473 989 ’Μ’-
2494 969 2505 988 ¹
2515 969 2539 990 ¹·

1331 1015 1500 1045 guineorurn
1520 1006 1684 1037 nostrorum
1702 1029 1711 1044 ,
1736 1008 1849 1036 Henrici
1871 1010 1980 1035 Comitis
2000 1009 2202 1040 Nerthumbriae

1332 1049 1443 1075 Comitis
1457 1045 1568 1083 Salopiae
1582 1069 1590 1083 ‚
2214 1034 2224 1048 ²

1333 1082 1451 1128 Christo
1466 1084 1580 1114 Ricardi
1595 1086 1698 1114 Prioris
1712 1082 1897 1124 Dunolmenfis
1909 1106 1918 1119 ‚
1944 1094 2057 1115 necnon
2067 1107 2077 1123 ,
2096 1084 2279 1118 Dileetorum
2294 1090 2328 1120 δε
2343 1089 2392 1120 Fi-

1333 1123 1439 1153 delium
1455 1123 1638 1160 nostrorum,
1656 1121 1793 1160 Radulphi
1805 1121 1935 1162 Graystok
1949 1122 1985 1152 de
1998 1123 2142 1162 Graystok
2165 1125 2266 1157 Militis
2303 1130 2395 1158 Hum-

1323 1161 1404 1206 frea'i
1416 1165 1509 1192 Dacre
1521 1163 1558 1193 de
1575 1161 1670 1192 Dacre
1687 1161 1806 1199 Militis,
1827 1161 1957 1199 Magistri
1977 1163 2091 1192 Henrici
2105 1162 2194 1201 sharp
2205 1151 2393 1198 Areliidiaco·

1334 1211 1362 1230 ni
1381 1200 1540 1232 Bedfordiae
1565 1199 1778 1231 prothonotarii
1803 1199 1912 1237 nostri,
1937 1210 1993 1238 ac,
2012 1200 2219 1240 Magistrorum
2252 1202 2396 1240 Johanm'i-

1333 1238 1529 1285 masefa-ran&
1545 1238 1688 1285 Jolnannis
1701 1240 1768 1269 coit·
1782 1261 1792 1276 ,
1810 1239 1927 1276 Legum
1945 1225 2395 1279 Docetorum‚W1·lii’elmiParre

1334 1277 1492 1347 Coqffliarii
1506 1279 1597 1309 nostri
1605 1301 1615 1317 ,
1632 1279 1665 1310 &
1676 1277 1778 1316 Jacobs
1789 1280 1968 1318 Strangways
1975 1301 1985 1317 ,
1994 1277 2141 1318 Militum,
2149 1280 2396 1319 quamplurimum

1333 1326 1392 1348 con
1432 1326 1526 1354 entes,

1372 1355 1448 1394 Ipsos
1468 1356 1584 1387 nostros
1605 1365 1688 1399 veros
1710 1355 1743 1386 &
1763 1354 1936 1386 indubitatos
1957 1355 2195 1395 Commiffarios,
2221 1356 2381 1396 Deputatos

1336 1393 1369 1424 &
1393 1395 1592 1464 [gocsuratores
1611 1394 1740 1433 speciales
1761 1393 1913 1432 Facimus,
1928 1393 2155 1435 Constituimus,
2173 1397 2207 1428 &
2221 1383 2400 1430 Ordinamus

1334 1443 1383 1472 per
1424 1444 1462 1464 rae
1474 1444 1567 1472 entes,

1373 1471 1481 1504 Dantes
1502 1474 1536 1503 &
1558 1471 1760 1503 Concedentes
1780 1470 1883 1502 eisdem
1909 1471 2120 1503 Commiffariis
2134 1496 2143 1510 ,
2166 1472 2319 1511 Deputatis
2362 1475 2398 1507 δε

1335 1510 1571 1543 procuratoribus
1595 1511 1698 1542 nostris
1714 1532 1724 1548 ‚
1743 1510 1991 1549 Quatuordecim,
2008 1512 2194 1551 Tresdecirn,
2214 1497 2380 1544 Duodec’im

1336 1550 1504 1587 Undecim,
1522 1550 1658 1588 Decem,
1677 1549 1822 1586 Novem,
1840 1548 1939 1588 octo,
1957 1549 2090 1588 Septem,
2107 1549 2180 1586 Sex,
2197 1538 2399 1591 Quinquessc'

1337 1589 1471 1628 Quatuor
1489 1599 1591 1636 eorum
1614 1591 1751 1627 (quorum
1772 1588 1895 1626 aliquem
1920 1589 2124 1626 praedictorum
2149 1590 2271 1629 Episfropi
2287 1590 2397 1621 Dunol-

1335 1626 2117 1705 Zfflkssdfffissofflssssssmssiss'fiJufflssiiff‘ioifflg
2131 1628 2399 1705 {53131’123‘13352'3‘2'5

1336 1714 1396 1736 tem
1411 1706 1444 1736 &
1464 1706 1673 1736 Audieritatem
1685 1728 1694 1743 ,
1715 1703 1841 1745 Vicefimo
1853 1707 1946 1743 quinto
1962 1708 2018 1734 Die
2034 1705 2143 1744 Aprilis
2160 1707 2297 1744 proximi>
2318 1707 2398 1739 futu-

1336 1754 1370 1774 ro
1385 1767 1396 1783 ,
1421 1744 1495 1782 apud
1514 1745 1628 1773 Novum
1651 1742 1774 1782 Castrum
1788 1741 1868 1781 fieper
1888 1746 1990 1784 Tynam
2004 1766 2015 1782 ,
2032 1745 2079 1774 vel
2094 1745 2124 1774 in
2141 1753 2328 1783 quocumque
2341 1745 2400 1780 alio

1337 1783 1423 1813 Loco
1446 1792 1577 1827 congruo
1597 1782 1631 1812 &
1655 1791 1802 1819 oportuno
1815 1805 1824 1818 ,
1850 1781 2054 1812 Conveniendi
2077 1792 2148 1813 cum
2163 1781 2399 1823 Commiffariis‚

1337 1821 1489 1860 Depuratis
1504 1844 1514 1860 ,
1545 1822 1579 1852 &
1601 1819 1834 1851 procuratoribus
1858 1820 2052 1859 praecariffimi
2077 1820 2190 1852 Conian
2231 1822 2286 1853 inei
2310 1822 2402 1854 nosti-i

1336 1859 1438 1930 {asophi
1462 1862 1541 1898 Regis
1564 1862 1700 1890 Scotorum
1715 1882 1724 1897 ,
1747 1857 1935 1889 sufficientem
1957 1858 2131 1891 Porestatem
2145 1862 2174 1890 in
2212 1870 2246 1892 ac
2257 1869 2336 1899 parte
2350 1861 2402 1894 ha-

1358 1910 1415 1930 enti
1440 1910 1470 1929 us

1374 1939 1419 1969 Ac
1447 1921 1604 1968 T'raetandi
1631 1937 1664 1968 &
1691 1935 1939 1968 Communicandi
1959 1935 1995 1967 de
2015 1937 2050 1968 δε
2069 1936 2151 1975 super
2173 1938 2402 1978 quibuscumque

1339 1976 1487 2016 Qierelis,
1505 1978 1538 2008 &
1555 1975 1791 2014 Gravatninibus,
1811 1985 1843 2005 ac
1856 1974 2003 2013 offensis,
2021 1977 2054 2007 &
2071 1976 2336 2016 Attemptatis,tam
2350 1987 2401 2016 pet

1340 2017 1443 2055 Ligeos
1457 2016 1490 2047 ὃ(
1503 2015 1639 2046 Subditos
1659 2013 1771 2044 nostros
1786 2015 1871 2052 quam
1892 2014 1999 2051 Ligeos
2014 2016 2047 2045 &
2062 2014 2198 2046 Subditos
2211 2016 2295 2054 ipfius
2314 2015 2401 2048 Con-

1337 2055 1477 2095 sanguinei
1500 2053 1590 2085 nostri
1612 2056 1690 2091 Regis
1706 2056 1842 2083 Scotorum
1857 2075 1866 2092 ,
1890 2055 1916 2084 in
1938 2053 2155 2085 Westmarchiis
2170 2054 2203 2085 &
2219 2054 2402 2086 Estmarchiis

1338 2095 1430 2126 versus
1443 2094 1572 2125 Scotiam
1584 2092 1630 2123 seu
1643 2093 1727 2130 alibi,
1745 2101 1845 2123 contra
1864 2092 1999 2122 Formam
2015 2091 2198 2130 Treugarum
2212 2094 2257 2125 seu
2272 2092 2400 2126 Guerra-

1338 2144 1402 2163 rum
1429 2132 1671 2164 Abstinentiarum
1690 2154 1699 2170 ,
1726 2132 1798 2161 inter
1817 2133 1877 2161 Nos
1899 2131 1932 2162 ὅ(
1947 2131 2059 2162 dir-Itum
2075 2130 2328 2170 Consanguineum
2344 2143 2400 2164 no-

1338 2172 1427 2203 strum
1443 2175 1539 2215 Regem
1552 2174 1686 2201 Scotorum
1699 2178 1862 2208 captarum,
1882 2170 2030 2209 initarum,
2050 2171 2082 2201 &
2104 2170 2317 2210 conclusarum,
2330 2171 2400 2203 hinc

1338 2211 1406 2242 inde
1420 2211 1519 2242 habitis
1536 2220 1569 2240 ac
1584 2210 1827 2248 qualitercumque
1842 2209 1921 2240 fadus
1937 2209 1993 2239 sive
2007 2211 2188 2248 perpetratis,

1374 2249 1507 2281 Necnon
1537 2249 1664 2278 debitam
1687 2247 1937 2278 Reformationem
1963 2248 1995 2279 δε
2015 2246 2239 2285 Reparationem
2261 2247 2403 2287 Qierela-

1338 2299 1422 2333 rum,
1441 2285 1918 2332 Gravaminum,Offeniarum,&
1935 2286 2179 2324 Attemptatorum
2193 2287 2401 2326 praedictotutn

1339 2328 1398 2358 fieri
1413 2327 1533 2358 Perendi
1543 2349 1552 2364 ,
1569 2336 1601 2356 ac
1615 2326 1672 2355 fieri
1688 2324 1899 2363 Promittendi,

1378 2366 1414 2397 Et
1428 2366 1507 2410 super
1523 2363 1673 2395 Praemisfis
1687 2366 1720 2396 &
1734 2373 1836 2408 eorum
1846 2363 2050 2402 Dependentiis
2065 2362 2402 2404 Appundl:uandi,Con-

1339 2405 1477 2436 cordandi
1489 2428 1498 2442 ,
1517 2405 1550 2435 &
1568 2402 1787 2441 Concludendi,

1376 2444 1576 2488 Universaque
1592 2443 1626 2473 δε
1639 2442 1759 2486 singula,
1779 2451 1842 2480 quae
1861 2450 1914 2479 pro
1929 2440 2121 2479 Reparatione
2134 2441 2167 2472 &
2178 2440 2402 2473 Reformatione

1340 2482 1554 2514 Praemissorum
1577 2480 1726 2512 neceffiiria
1746 2480 1848 2510 fuerint
1871 2481 1905 2510 &
1926 2489 2067 2517 oportuna
2079 2502 2090 2517 ,
2105 2490 2138 2510 ac
2157 2480 2401 2519 qualitercumque

1339 2523 1434 2554 debita
1457 2522 1489 2552 &
1511 2521 1636 2558 requisita
1653 2544 1663 2557 ‚
1684 2520 1760 2556 Juxta
1787 2519 1878 2557 Leges
1897 2519 1930 2548 &
1955 2516 2180 2548 Consuetudines
2200 2517 2402 2551 Marchiarum

1340 2560 1540 2599 praedictarum
1557 2583 1565 2594 ,
1593 2559 1626 2588 ὅ(
1649 2559 1712 2588 alias
1736 2565 1820 2594 prout
1841 2557 1990 2594 expediens
2013 2556 2082 2587 binc
2109 2556 2176 2586 inde
2195 2557 2287 2588 visum
2302 2557 2403 2596 fuerit,

1341 2598 1490 2636 Faciendi,
1508 2596 1745 2635 Excercendi,&
1761 2595 1945 2634 Exequendi,
1956 2595 2012 2626 una
2028 2604 2096 2626 cum
2110 2594 2319 2635 Prorogatione
2326 2595 2403 2628 Die-

1341 2647 1404 2669 rum
1419 2638 1452 2668 &
1470 2637 1632 2666 boeotum:

1379 2675 1541 2712 Dantesque
1564 2673 1676 2704 ulterius
1698 2674 1732 2705 &
1756 2671 1958 2704 Concedentes
1974 2671 2077 2703 eisdem
2094 2670 2319 2712 Commiffariis,
2338 2672 2399 2704 De-

1340 2716 1442 2752 putatis
1459 2737 1468 2751 ‚
1483 2714 1516 2743 &
1536 2712 1786 2748 procuratoribus,
1805 2710 2035 2751 Qiatuordecim
2046 2734 2056 2749 ,
2073 2710 2260 2752 Tresdecirn,
2279 2712 2405 2743 Duode-

1340 2755 1417 2791 cim,
1435 2752 1604 2789 Undecim,
1623 2751 1757 2789 Decem,
1778 2750 1902 2780 Novem
1912 2772 1923 2788 ‚
1940 2748 2039 2788 Octo,
2058 2749 2175 2788 Septem
2188 2773 2198 2789 ,
2215 2750 2288 2789 Sex,
2305 2751 2404 2790 Qiin-

1340 2802 1413 2830 quc,
1432 2792 1464 2822 ὅ(
1486 2790 1621 2830 Qatuor
1639 2799 1741 2820 eorum
1762 2790 1899 2827 (quorum
1921 2789 2044 2826 aliquem
2067 2789 2270 2826 praedie‘torum
2285 2788 2406 2828 Eptfiopi

1341 2829 1542 2871 Dunolmenfis,
1559 2831 1668 2858 Comitis
1680 2827 1885 2858 Northumbriae
1899 2850 1909 2865 ,
1927 2830 2041 2857 Henrici
2052 2827 2140 2867 Sharp
2149 2852 2159 2866 ‚
2183 2828 2325 2867 Johanm's
2339 2826 2404 2857 Lil-

1342 2868 1448 2908 leford,
1466 2870 1498 2898 &
1523 2867 1665 2911 Joharmis
1686 2867 1755 2897 Coke
1782 2877 1870 2897 unum
1894 2866 1951 2896 effe
1972 2867 2120 2903 volumus)
2145 2867 2256 2905 plenam
2275 2864 2408 2896 Potesta-

1343 2918 1421 2945 tem,
1440 2908 1472 2938 &
1495 2907 1705 2951 Auctoritatem
1720 2931 1729 2944 ,
1754 2916 1786 2936 ac
1812 2905 1982 2936 Mandatum
1995 2906 2121 2943 generale
2138 2906 2171 2936 &
2185 2904 2320 2942 speciale,
2335 2913 2406 2935 cum

1345 2946 1570 2990 Com-miffiriis,
1590 2945 1755 2983 Deputatis,
1776 2945 1809 2976 &
1826 2943 2060 2975 procuratoribus
2073 2943 2177 2981 praefati
2191 2941 2408 2979 Confinguinei

1344 2985 1433 3016 nostri
1447 2983 1634 3015 sufficientem
1650 2983 1823 3014 Potestatem
1843 2984 1880 3014 ab
1897 2982 2001 3014 eodem
2015 2980 2239 3019 Consanguineo
2252 2980 2356 3012 nostro
2370 2981 2408 3012 ad

1344 3026 1403 3056 hoc
1418 3024 1584 3054 habentibus
1594 3046 1603 3060 ,
1624 3021 1824 3052 Conveniendi
1834 3045 1844 3058 ,

1385 3063 1431 3093 Ac
1444 3061 1688 3092 Communicandi
1699 3084 1708 3100 ,
1726 3061 1759 3091 ὃ(
1772 3058 1929 3090 Traetandi
1944 3084 1954 3097 ,
1973 3057 2197 3096 Concordandi,
2216 3056 2410 3096 Componen-

1347 3102 1393 3139 di,
1412 3103 1444 3132 &
1468 3100 1704 3138 Appunctuandi,
1723 3109 1755 3129 ac
1772 3098 1895 3136 plenarie
1908 3097 1941 3128 &
1960 3097 2071 3133 integre
2089 3095 2307 3127 Determinandi
2323 3096 2356 3127 &
2372 3096 2407 3126 fi-

1348 3142 1444 3171 naliter
1461 3137 1664 3169 Concludendi
1674 3163 1683 3176 ‚
1701 3139 1761 3168 tam
1775 3137 1811 3167 de
1826 3137 1859 3167 δε
1872 3136 1952 3173 super
1968 3133 2043 3165 Pace
2055 3144 2205 3173 perpetua,
2222 3135 2310 3173 quam
2324 3134 2360 3166 de
2373 3136 2409 3167 δε

1349 3179 1429 3216 super
1446 3177 1567 3215 Treugis
1583 3177 1630 3207 seu
1645 3176 1821 3207 Guerrarum
1837 3173 2036 3211 Abstinentiis,
2052 3183 2086 3204 ac
2109 3174 2259 3212 Amicitia,
2281 3172 2410 3205 Confoe-

1349 3218 1509 3255 demtione,
1528 3217 1560 3248 &
1577 3214 1762 3251 Concordia,
1781 3215 1852 3244 inter
1867 3213 1928 3242 Nos
1941 3237 1950 3249 ,
1973 3221 2006 3242 ac
2029 3211 2167 3242 Haeredoe
2183 3213 2216 3244 &
2229 3211 2412 3244 Successore-s

1352 3255 1478 3293 nostrOS,
1495 3265 1528 3286 ac
1552 3254 1658 3291 Regna
1680 3254 1713 3284 ὃ(
1735 3253 1876 3283 Dominia
1897 3250 2012 3288 nostra,
2033 3261 2066 3281 ac
2084 3249 2236 3289 Subditos‚
2253 3250 2410 3290 Alligatos‚

1352 3294 1578 3326 confoederatos
1598 3292 1712 3323 nostros
1724 3315 1734 3329 ,
1757 3301 1790 3322 ac
1803 3291 1870 3320 alios
1885 3289 1982 3320 Nobis
1995 3289 2182 3320 Adhaerent&
2195 3290 2410 3329 quoscumque,

1350 3336 1385 3366 &
1406 3333 1516 3362 dkfftum
1536 3331 1788 3369 Consanguineum
1814 3328 1943 3359 nostrum
1968 3331 2064 3366 Regem
2084 3331 2239 3367 Scotorum,
2263 3339 2296 3360 ac
2310 3328 2412 3366 Lom,

1352 3372 1511 3416 Dominia,
1529 3369 1664 3412 Subditos
1677 3392 1687 3408 ,
1711 3368 1864 3407 Alligat0s‚
1879 3367 1912 3397 &
1927 3365 2113 3398 Adhaerentes
2125 3366 2187 3397 suos
2201 3367 2344 3406 ineundis,
2363 3376 2412 3400 ca-

1353 3407 1718 3483 plffldgaiztffrcagffgegcrinsn'ia
1740 3444 1775 3474 &
1796 3441 1899 3481 singula
1915 3465 1925 3480 ,
1951 3452 2016 3481 quae
2037 3443 2110 3474 inter
2131 3454 2181 3475 eos
2199 3444 2388 3483 appunetuata
2401 3465 2412 3482 ,

1611 1044 1754 1084 Johannis
1767 1047 1878 1074 Comitis
1895 1046 1938 1073 W
1936 1044 2046 1086 iltefiae,
2060 1057 2092 1077 ac
2114 1047 2220 1079 Dileeti
2236 1010 2389 1081 gglbaismilt:
2409 1004 2456 1068 ξ’·-

2429 1020 2436 1026 .
2456 1009 2535 1037 4.m.

2444 3441 2461 3458 ⁸
2478 3440 2533 3471 xl:

1355 3493 1496 3516 conventa
1509 3508 1519 3521 ,
1543 3483 1676 3514 conclusa
1692 3505 1702 3520 ,
1721 3482 1755 3512 &
1771 3482 1942 3512 concordata
1953 3482 2076 3521 fuerint,
2096 3481 2266 3515 Roborasidi
2279 3485 2313 3516 &
2327 3481 2408 3513 Affe-
2425 3488 2492 3517 734·

1355 3523 1470 3554 curandi
1485 3532 1532 3560 per
1548 3521 1626 3552 Fidei
1640 3520 1883 3559 interpositionem
1897 3519 1929 3551 &
1941 3519 2142 3559 Juramentum
2155 3523 2186 3553 in
2204 3521 2342 3554 Animam
2353 3529 2409 3550 no-

1357 3563 1442 3593 stram
1456 3559 1663 3598 praestandum,
2193 3588 2202 3598 Ι

1395 3602 1439 3631 Ac
1457 3599 1493 3630 de
1505 3600 1538 3631 &
1553 3599 1632 3637 super
1649 3598 1785 3629 omnibus
1798 3599 1831 3630 &
1847 3597 1958 3638 fingulis
1973 3597 2145 3636 Praemiffis,
2161 3599 2198 3631 δᾶ
2211 3595 2417 3637 Dependentiis

1356 3640 1393 3670 ab
1409 3639 1530 3677 eisdem,
1548 3647 1648 3682 omnes
1663 3638 1696 3668 δε
1708 3637 1890 3668 omnimodas
1909 3637 2094 3676 Securitates,
2119 3637 2276 3674 Promiffii,
2294 3634 2416 3672 Obliga-

1357 3680 1466 3715 tiones,
1481 3688 1513 3707 ac
1528 3677 1633 3708 Literas
1646 3676 1768 3714 sigillatas
1786 3675 1995 3714 Concedendi,
2013 3676 2164 3715 Faciendi,
2180 3677 2215 3708 ὅτ,
2225 3673 2416 3713 Expediendi,

1359 3726 1451 3761 prout'
1459 3716 1561 3746 eisdem
1576 3713 1788 3759 Commissariis
1801 3738 1811 3753 ,
1830 3714 1998 3754 Deputatis,
2015 3716 2048 3746 ἃ
2066 3713 2300 3746 Procuratoribus
2313 3711 2418 3742 nostris

1359 3755 1497 3784 Videbitur
1519 3753 1665 3792 expediri,
1687 3763 1751 3791 quae
1763 3753 1846 3784 talem
1861 3762 2024 3791 tantamque
2036 3753 2123 3791 Vim,
2140 3752 2363 3788 Auctoritatem,
2382 3750 2417 3781 ὃς

1358 3793 1510 3862 ἓῆἳξὶυω
1537 3794 1670 3823 volumus
1693 3792 1800 3824 realiter
1820 3793 1951 3831 optinere
1962 3815 1974 3831 „
1992 3802 2025 3824 ac
2040 3792 2061 3823 si
2074 3801 2106 3821 ea
2121 3790 2149 3820 in
2163 3787 2278 3827 proprii
2293 3787 2419 3822 Personfi

1371 3841 1413 3862 eci
1439 3841 1517 3861 emus

1396 3869 1452 3907 Et,
1470 3870 1489 3899 fi
1512 3854 1624 3900 n'ecesse
1646 3869 1730 3900 fuerit
1744 3892 1755 3908 ,
1779 3871 1910 3907 Dietam,
1924 3878 1958 3900 ac
1969 3870 2051 3899 Diem
2066 3864 2105 3902 ῤ’
2119 3867 2220 3895 Locum
2233 3875 2288 3904 pro
2301 3865 2420 3906 eadem,

257 3928 411 3958 chesnrum
427 3928 460 3957 ὃς
481 3926 657 3955 Libertatum
674 3919 814 3956 eiusdem,
830 3927 942 3947 exnunc
958 3917 1180 3953 imperpetuum,
1199 3913 1232 3942 &
1248 3912 1317 3940 irre-
1362 3908 1584 3945 Appunfffuandi
1599 3909 1632 3939 &
1644 3907 1828 3946 Affignandi>

258 3965 442 4001 vocabiliter,
457 3964 596 4001 totaliter,
615 3962 649 3992 &
665 3961 774 3995 integre
785 3979 794 3994 ‚
811 3955 945 3993 pacifice,
963 3955 1076 3992 quiete,
1096 3953 1129 3984 δε
1143 3951 1229 3981 libere
1239 3949 1294 3979 Uti
1305 3972 1314 3987 ,

259 4004 325 4036 Frui
339 4025 349 4041 2
375 4012 408 4033 ac
425 4002 557 4033 Gaudere
569 4023 580 4039 ,
603 3998 709 4031 eodem
733 3994 824 4028 modo
842 4001 873 4024 ut
888 3993 1102 4032 suprascriptum
1115 3989 1180 4028 est,
1199 3997 1259 4019 non
1276 3987 1317 4018 fa-

1398 3945 1568 3983 Caeteraque
1586 3947 1683 3976 omnia
1697 3947 1731 3978 &
1749 3945 1851 3984 singula
1867 3967 1877 3983 ,
1923 3954 1967 3974 uae
1977 3944 2007 3973 in
2022 3939 2170 3972 Praemiffis
2185 3943 2335 3983 conclusa,
2351 3952 2425 3975 con·

1362 3984 1475 4016 cordata
1485 4007 1495 4023 ‚
1512 3986 1546 4016 &
1562 3983 1670 4016 firmata
1684 3984 1802 4022 fuerint,
1819 3954 2015 4021 Expegiendi,
2033 3978 2202 4012 Perfidendi
2216 4004 2228 4021 ‚
2243 3983 2277 4015 &
2293 3992 2348 4022 pro
2359 3981 2429 4014 Par-

2402 4026 2431 4050 te
