2555 4266
225 150 304 192 132

356 310 404 341 De
428 303 530 350 Officio
551 305 716 337 Servientis
742 304 828 348 Regis
851 300 895 334 ad
913 302 1023 347 Legem
1048 298 1178 345 conctff».

238 396 280 431 M
296 406 313 427 Ε
330 406 357 427 Μ
370 405 392 426 o
408 404 431 426 R
445 403 466 425 A
480 403 504 425 N
517 403 540 425 n
554 403 578 424 u
594 402 622 423 M
649 388 730 436 quod
744 391 870 422 Decimo
887 397 996 435 quarto
1011 389 1072 421 Die
1088 384 1185 431 Junii
1207 386 1299 418 Anno

285 446 380 490 Regni
402 444 488 488 Regis
512 439 697 485 infrasbripti
716 436 881 484 fiaebftripto
892 464 901 479 ‚
926 434 1006 480 istud
1021 438 1117 468 Breve
1136 432 1299 466 liberatum

274 493 343 538 fuit
363 493 493 572 &mino
508 488 692 523 Cancellario
705 487 819 543 Angliae
835 483 918 533 apud
932 480 1213 529 Wstmonasterium
1231 493 1301 514 exe-

285 553 362 588 qnen
405 552 449 572 m.

87 634 141 664 Aa.
158 643 183 661 ι.
241 625 465 689 EDwardus,
479 623 538 655 Dei
559 621 676 661 Gratiii,
691 625 753 652 Rex
772 618 886 657 Angliae
908 617 951 662 &t⁷
966 619 1106 661 Franciae,
1121 613 1162 660 &a
1173 617 1305 660 Dominus·

87 677 117 702 Ε,
138 682 165 709 5,
320 664 480 701 Hiberniae,
498 662 672 693 Reverendo
688 661 716 690 in
736 658 854 690 Christo
878 657 953 688 Patri
973 654 1102 694 Johanm
1123 652 1307 691 Lincolmenfi

88 716 127 739 Bx
150 715 220 738 Bun-
241 705 295 742 Epi
309 704 366 742 copo
381 702 559 733 Cancellario
574 700 691 736 nostro,
703 698 842 742 Salutem.
1285 729 1289 734 Ι

86 749 145 778 dell.
159 750 198 776 in·
308 743 372 773 obis
388 740 562 772 Mandamus
576 739 656 777 quod
674 738 780 768 Literas
793 733 900 765 nostras
912 732 1041 764 Parentes
1054 731 1104 762 sub
1125 729 1239 768 Magno
1261 727 1305 759 Si-

79 787 131 826 fra
138 790 203 814 Tur·
240 781 310 822 gillo
321 780 421 812 nostro
434 781 463 811 in
474 780 568 811 forma
581 779 712 816 sequente
726 774 787 805 fieri
799 773 911 804 faciatis.

87 835 140 854 rlm

86 864 166 893 Lond-
180 875 206 893 n.
241 857 357 917 REX
371 858 517 906 Omnibus
549 855 583 886 ad
599 863 688 893 quOS,
707 853 768 884 &c.
785 850 926 897 Salutem..
957 887 963 893 Π
1172 881 1182 891 Α
1247 882 1252 888 ,

335 897 431 928 Sciatis
447 881 544 934 quod,
571 894 606 924 de
625 893 725 923 Gratia
742 888 838 919 nostra
852 886 983 926 speciali,
1006 895 1039 915 ac
1057 893 1091 915 ex
1109 892 1186 914 certa
1204 881 1305 913 Scien-

648 123 1451 171 CONVENTIONES,

1519 120 1912 174 LITERAE,

1632 295 1681 327 De
1703 290 1916 337 Provifiribus
1939 292 2110 336 constitutis.

1340 381 1473 440 REX,
1491 380 1611 413 Dileeio
1629 380 1695 416 sibi,
1709 377 1839 418 Johanni
1853 380 1983 415 Countes,
2001 377 2132 409 Salutem.
2424 374 2477 399 An.
2494 377 2520 402 ι.·

1424 421 1500 452 Scias
1516 420 1598 459 quod
1613 418 1824 461 Affignavimus
1835 416 1885 446 Te
1900 415 1934 446 ad
1949 414 2040 446 Boves
2053 416 2086 447 &
2103 416 2267 459 Multones,
2282 429 2337 459 pro
2344 419 2402 451 Ex-
2421 414 2451 438 E.
2471 419 2501 446 5·

1337 458 1427 502 pensis
1441 459 1565 498 Hospitii
1582 458 1670 507 nostri
1687 454 1854 500 necessarios
1867 455 1900 486 &
1913 462 2087 501 oportunOS,
2105 455 2279 497 ubicumque
2292 461 2405 490 inveni⁶
2423 452 2443 476 P
2442 456 2482 477 ⁴²·
2493 459 2518 478 ¹·

1338 505 1637 574 aegensis)
1654 494 2113 573 eensszzssetszeiffirizz
2130 492 2405 570 &effebi
2423 491 2454 556 Ξ
2466 497 2495 524 5·
2518 497 2555 519 ”’·

1341 580 1382 604 ter
1400 573 1539 604 solvendis·
1549 597 1559 611 ,
1575 573 1757 612 Capiendum
1774 573 1807 603 &
1821 570 2055 602 Providendum:

1380 611 1419 642 Et
1433 612 1498 643 ideo
1513 613 1586 642 Tibi
1601 612 1789 649 Praecipimus
1805 609 1885 649 quod
1903 610 1978 640 circa
1996 607 2143 640 Praemiffa
2156 607 2302 648 diligenter
2311 613 2405 644 inten-

1343 648 1408 687 das,
1426 650 1460 680 &
1473 659 1505 680 ea
1522 650 1606 681 facias
1620 652 1654 682 &
1668 649 1813 686 exequaris
1826 650 1856 678 in
1867 647 1962 679 formfi
1983 646 2137 686 praedietQ
2157 645 2276 679 Proviso
2297 649 2405 690 semper

1343 687 1424 726 quod
1439 687 1490 719 Tu
1505 690 1677 727 quicquam,
1693 688 1792 718 colore
1807 687 1947 724 praescntis
1959 684 2180 717 Commiffionis
2197 686 2318 725 nostrae,
2335 699 2406 721 con-

1343 734 1383 757 tra
1402 726 1533 796 fortnatrci¹
1547 727 1726 758 Statutorum
1739 727 1769 756 in
1781 725 1940 764 hujusmodi
1954 723 2030 756 Casu
2045 724 2206 764 editorum,
2221 734 2283 757 non
2304 725 2408 766 Capias

1343 774 1447 804 quovis
1463 775 1514 795 mo
1535 774 1569 795 o:

1381 802 1496 834 Damus
1510 812 1622 842 autem,
1639 804 1702 835 &c.

1379 879 1415 911 In
1428 880 1522 919 cujus,
1540 881 1603 912 &c.
1621 890 1671 919 per
1687 879 1854 912 Dimidium
1871 878 1993 910 Annum
2006 878 2160 911 duratura:

1414 957 1472 989 este
1490 957 1574 997 Rege
1591 955 1666 996 apud
1688 955 1967 999 Westmonaflerium,
1990 954 2110 987 decimo
2131 956 2252 997 septimo
2272 956 2335 988 Die
2353 955 2409 999 ‚Iu-⁴

1345 1006 1385 1028 nu

1390 1072 1562 1106 Confimilae
1578 1073 1686 1105 Literae
1702 1071 1860 1111 diriguntur
1874 1070 2006 1103 Personis
2019 1069 2196 1111 subscriptis,
2213 1070 2263 1104 sub
2279 1071 2358 1106 Dan

1721 1110 1875 1151 praediC‘ta3
1892 1110 2042 1149 videlicet,
2053 1132 2061 1148 ,

1387 1188 1537 1221 Willielmo
1549 1188 1644 1220 Colles.

1382 1228 1489 1260 Thomae
1505 1227 1650 1267 Hunteley.

239 1442 301 1481 θ’
309 1439 522 1481 ‘erm'
528 1417 2412 1479 flffimwwmfflwssflffiss’wfflwffiffiwmfflw

88 909 203 977 {tes-mg>
240 934 280 966 tii
299 937 331 968 &
353 946 435 966 mero
454 934 543 965 Motu
559 931 661 962 nostris
699 926 901 960 Conceffimus
918 929 1018 969 Rogero
1036 920 1220 960 Tae-inefhend
1240 921 1305 952 Ser-

239 976 329 1006 vienti
347 974 382 1005 ad
401 974 508 1012 Legem
525 971 560 1002 ad
584 953 730 1002 effendum
759 975 851 998 unum
875 964 1058 996 SerVientum
1084 961 1250 992 nostrorum
1271 959 1307 990 ad

88 1062 110 1082 ἡ
128 1064 188 1092 X11
241 1013 492 1081 Legeffia’bendum
514 1049 548 1080 &
572 1043 789 1077 Excercendum
813 1042 957 1073 Officium
979 1037 1148 1083 praedidtum
1171 1036 1307 1082 quamdiu

95 1102 156 1137 ¹87·
192 1084 200 1092 ’
240 1091 268 1121 se
289 1091 364 1134 bene
386 1088 516 1132 gesserit,
534 1085 685 1130 Capiendo
707 1094 761 1123 pro
782 1082 886 1113 eodem
907 1078 1020 1110 Officio
1036 1077 1098 1109 talia
1116 1077 1204 1108 Vadia
1219 1076 1308 1115 qualia

239 1129 274 1160 ad
288 1128 366 1159 idern
382 1127 527 1158 Officium
541 1133 692 1163 pertinent.

275 1206 310 1236 In
325 1189 404 1244 cujus
421 1204 478 1241 rei,
507 1203 569 1235 &c.

279 1283 346 1314 Dat.
365 1281 463 1312 nostro
479 1280 528 1311 sub
544 1280 660 1310 Privato
672 1277 791 1315 Sigillo,
808 1275 882 1314 apud
897 1276 1004 1305 Turrim
1018 1270 1135 1312 nostram
1147 1269 1308 1308 Londom'ae,

239 1322 429 1354 Duodecimo
447 1320 503 1350 Die
517 1319 610 1359 Junii,
630 1318 719 1348 Anno
732 1315 832 1354 Regni
846 1313 935 1345 nostri
948 1313 1057 1344 Primo.

91 1586 108 1602 ¹⁸
125 1586 195 1615 xil.

97 1625 155 1659 189.

491 1711 541 1742 De
563 1708 683 1753 Magno
708 1703 813 1750 sigillo
839 1700 1052 1735 Deliberando.

92 1806 169 1838 Αηῃ,
185 1804 228 1836 D,
246 1796 555 1859 MEMORANDUM
576 1791 651 1831 quod
669 1792 723 1820 Die
746 1791 853 1818 Veneris
872 1790 899 1817 V
900 1787 996 1827 icefimo
1011 1786 1125 1826 fi’ptimo
1141 1788 1196 1815 Die
1209 1784 1311 1824 Junii‚

115 1845 201 1884 1483„
340 1838 426 1865 Anno
450 1836 534 1869 Regni
558 1830 646 1869 Regis
671 1827 788 1859 Ricardi
802 1828 895 1857 Tertii
910 1828 1018 1864 Primo,
1036 1836 1106 1854 circa
1125 1826 1232 1854 Horam
1245 1827 1312 1854 Ter-

90 1888 143 1913 An,
164 1895 185 1912 ι,
243 1879 311 1905 tiam
322 1873 378 1913 post
390 1874 502 1901 Nonam
516 1869 632 1909 ejusdem
647 1870 728 1903 Diei,
745 1869 774 1895 in
795 1866 913 1907 quadam
934 1864 996 1894 alta
1018 1868 1134 1894 camera
1147 1862 1235 1901 juxta
1259 1866 1315 1892 Ca-

90 1928 110 1951 R
143 1933 155 1959 3
238 1913 340 1952 pellam
361 1916 389 1941 in
412 1912 534 1949 Hospitio
553 1911 679 1938 Dominae
702 1905 822 1935 Ceciliae
848 1903 978 1934 Ducissae
996 1903 1146 1939 Eborum,
1167 1902 1251 1939 juxta
1265 1905 1315 1931 A-

91 1945 177 1996 Clauj.
202 1970 225 1988 ι.
244 1963 323 1992 quam
336 1949 476 1989 Tharnffiae
492 1955 621 1977 vocatam
637 1943 781 1985 Baynarde
808 1942 932 1981 Castell,
948 1945 976 1973 in
1001 1941 1160 1982 Temystrete
1180 1941 1314 1980 London,

92 2005 112 2028 R
134 2009 203 2036 3.m,
245 1991 314 2022 idem
330 1990 478 2021 Dominus
495 1986 561 2016 Rex
572 2009 583 2024 ‚

97 2048 144 2079 '‘³“
151 2060 157 2066 ’
172 2039 198 2067 ‘²'
665 2065 703 2093 In
718 2059 890 2101 Praeftntia,

281 2142 477 2176 Venerabilium
488 2143 604 2172 Patrum
611 2163 622 2177 ‚

278 2186 319 2216 R.
338 2184 457 2215 Bathon.
472 2182 505 2213 &
521 2179 647 2212 Wellen.

281 2223 304 2259 Ι.
324 2223 499 2253 Norwicen.

279 2264 322 2292 Et
338 2261 371 2291 P.
388 2260 484 2290 Exon.

279 2302 307 2330 E
324 2299 483 2340 isl‘oporum:

316 2340 402 2369 enrici
419 2337 511 2368 Ducis
527 2334 599 2366 Buk.

281 2377 410 2408 Thomae
426 2376 535 2414 Stanley
549 2375 586 2405 de
603 2372 715 2412 Stanley
732 2372 855 2410 Militisg

282 2418 325 2446 Et
336 2415 473 2455 Johannis
489 2413 648 2450 Gunthorp
665 2411 782 2451 Custim'i‘,r
799 2411 915 2440 Privati
928 2407 1014 2447 Sigilli
1029 2406 1105 2449 ipfius
1127 2407 1240 2437 Domini
1260 2406 1315 2436 Re-

341 2465 362 2483 ss
373 2476 383 2491 ,

285 2466 338 2523 Etg
343 2492 455 2522 aliorum
462 2491 637 2530 plurimorum
647 2512 657 2528 ‚

289 2573 422 2606 Magnum
435 2566 556 2604 Sigillum
563 2566 641 2605 suum
655 2568 764 2603 Regium
776 2568 805 2593 in
822 2563 939 2605 quadam
958 2565 1036 2599 Baga
1049 2562 1081 2591 de
1097 2560 1160 2591 albo
1174 2562 1250 2591 Corio
1272 2562 1317 2590 in-

248 2608 363 2648 clusum,
381 2606 419 2642 (ῤ’
432 2610 538 2642 signeto
553 2605 628 2645 ipsius
643 2607 754 2634 Domini
770 2603 857 2641 Regis
866 2601 1020 2641 figillatum
1030 2624 1040 2638 ,
1064 2599 1216 2629 Venerabili
1234 2601 1317 2628 Patri

246 2647 275 2686 J.
297 2647 441 2684 Episcopo
456 2643 587 2674 Lincoln.
609 2642 789 2678 deliberavit,
826 2651 884 2669 uem
907 2643 935 2668 in
957 2642 1013 2676 ejus
1033 2638 1232 2667 cancellarium
1253 2644 1317 2667 tunc

247 2685 344 2716 ibidem
361 2683 512 2722 constituit,
532 2680 570 2716 &⁶
588 2685 611 2710 ei
625 2679 775 2720 Custodiam
810 2680 857 2707 ioli
870 2676 955 2714 sigilli
966 2676 1012 2716 siti
1032 2676 1173 2715 commifit,

285 2724 411 2763 Idemque
428 2719 591 2751 Venerabilis
608 2721 691 2748 Pater
706 2716 826 2754 Sigillum
833 2716 993 2754 praedifium
1008 2714 1039 2743 de
1056 2713 1177 2754 praefato
1200 2716 1317 2743 Domino

249 2762 332 2801 Rege
347 2764 440 2798 recepit
451 2757 515 2796 ,ὠ
531 2757 610 2798 usque
627 2757 666 2786 ad
678 2756 832 2795 Hospitium
840 2753 920 2793 ficum
934 2757 963 2783 in
979 2751 1112 2782 Parochia
1136 2753 1231 2781 SanHi
1250 2754 1317 2781 An-

249 2802 320 2830 dreae
341 2805 369 2830 in
388 2797 509 2828 Holborn
528 2803 655 2826 ‘vocatum
679 2798 759 2825 Vetus
780 2792 916 2832 Templum
939 2791 1066 2822 London.
1075 2790 1167 2830 secum
1181 2789 1318 2828 asportari

243 2838 332 2906 ffflle}
347 2878 374 2906 V
375 2874 473 2915 icefimo
484 2874 582 2903 ociavo
594 2875 649 2902 Die
661 2871 746 2910 Junii
762 2878 825 2900 tunc
832 2868 958 2909 proximo
967 2866 1095 2909 sequente
1106 2891 1116 2906 ,
1133 2870 1203 2897 circa
1212 2869 1319 2896 Horam

247 2915 394 2956 secundam
405 2913 463 2980 pss
477 2923 593 2950 nonam,
609 2912 678 2941 idem
693 2909 874 2939 Cancellarius
887 2907 1007 2945 Sigillum
1020 2905 1094 2935 illud
1103 2911 1131 2936 in
1151 2909 1229 2942 Baga
1246 2913 1319 2943 prae-

254 2956 326 2984 dil't'a
338 2953 428 2993 ficinc
441 2951 530 2989 ufiaem,
553 2948 591 2984 ὠ
608 2953 714 2987 Signeto
734 2945 849 2987 praefati
869 2949 980 2977 Domini
1000 2944 1109 2983 Regis,
1128 2951 1159 2974 ut
1173 2947 1320 2982 praemitti-

253 3001 299 3025 tur
309 3017 319 3033 ‚
329 2990 498 3033 figillatum,
515 2994 544 3019 in
559 2990 629 3019 dic‘lo
645 2987 768 3026 Hospitio
776 2984 892 3026 praefati
908 2982 1087 3022 Cancellarii,

676 3068 712 3094 In
728 3062 893 3102 Praesentia,

290 3150 418 3183 Roberti
432 3148 558 3180 Morton
573 3145 690 3187 custodis
703 3142 861 3174 Rotulorum
879 3142 1056 3174 Cancellariae
1075 3139 1190 3180 praefati
1208 3143 1321 3171 Domini

334 3191 426 3226 Regis,

293 3227 448 3258 Willielmi
464 3222 618 3261 Morkmd,

294 3266 447 3295 willielmi
460 3263 582 3300 Bolton,

296 3306 338 3334 Et
349 3304 466 3333 Ricardi
481 3303 628 3343 Skypton,

299 3342 473 3381 (Verianum,

302 3381 345 3409 Et
357 3380 469 3409 aliorum
477 3403 487 3418 ,

303 3420 435 3457 Amin,
454 3418 491 3453 &
510 3429 565 3447 cum
578 3427 606 3446 eo
622 3414 731 3455 diversa
748 3410 978 3453 Breviafigillari
1005 3414 1072 3448 ecit,-

305 3456 458 3496 Deindeque
476 3456 595 3493 Sigillum
616 3455 686 3485 illud
696 3454 750 3494 fiaeb
772 3452 896 3492 Custodia
914 3450 980 3490 ejus
991 3462 1031 3480 em
1054 3448 1190 3487 Episcopi
1206 3447 1326 3479 Lincol-

268 3495 368 3526 niensis
382 3494 557 3533 Camellani,
571 3495 749 3524 Auc‘l‘oritate
762 3491 850 3530 Regia*
860 3488 996 3530 prediola
1007 3511 1016 3527 ,
1034 3487 1170 3528 remansit.

269 3568 1325 3590 ffl—ffl-——ffl———r

125 3653 146 3672 ⁸
168 3653 236 3680 XII.
478 3631 504 3657 ᾗ
532 3635 582 3665 De
603 3631 788 3676 Marescallo
812 3629 928 3676 Angliae
951 3624 1114 3670 constituto.

129 3699 257 3757 ἔξω.

156 3767 241 3803 1483.

130 3807 185 3831 An.
203 3814 225 3831 ι.

336 3716 395 3748 EX
411 3717 573 3751 Omnibus,
589 3714 623 3744 ad
639 3725 727 3752 quos,
742 3716 800 3745 &c.
822 3714 958 3744 Salutem.

374 3756 474 3786 Sciatis
488 3753 584 3792 quod,
605 3753 639 3782 de
652 3752 752 3782 Gratia
765 3752 861 3782 nostrii
876 3750 1002 3790 speciali,
1017 3759 1050 3779 ac
1063 3757 1098 3779 ex
1114 3747 1191 3778 certa
1207 3744 1330 3777 Scientia

277 3792 309 3821 ἃ
329 3804 410 3824 mero
437 3803 519 3823 motu
538 3790 657 3827 nostris,
675 3789 817 3821 Dedimus
841 3792 873 3821 ὃς
898 3787 1115 3824 Conceffimus‚
1132 3795 1166 3815 ac
1190 3795 1239 3822 per
1255 3784 1331 3814 Prae-

132 3846 161 3868 R.
184 3850 208 3877 3·
277 3830 362 3862 sentes
384 3832 494 3862 Damus
518 3831 551 3861 &
572 3827 783 3864 Concedimus,
806 3828 949 3858 carissimo
972 3826 1192 3864 Consanguineo
1212 3823 1333 3860 nostro,

134 3882 193 3906 Par.
222 3890 243 3906 1·
280 3867 404 3903 Johanni
418 3869 549 3898 Howard
561 3867 662 3897 Baroni
676 3867 709 3896 ὃς
726 3865 859 3895 Domino
877 3866 912 3896 de
932 3864 1082 3901 Howard,
1096 3862 1242 3893 Officium
1266 3860 1334 3891 Ma-

134 3921 163 3944 R.
176 3924 232 3953 34„
243 3927 267 3943 ι,
282 3906 383 3947 rescalli
398 3908 524 3945 Angliae,
541 3916 574 3936 ac
590 3904 731 3941 Nomen,
747 3903 879 3933 Titulum
889 3927 898 3941 ‚
916 3905 948 3933 &
964 3904 1118 3933 Honorem
1133 3899 1258 3931 Comitis
1269 3899 1335 3929 Ma-

136 3964 173 3982 m,
197 3955 238 3981 ,3¹
284 3945 387 3972 reicalli
405 3946 429 3973 Α
449 3946 530 3981 oliae,
549 3946 605 3974 una
618 3953 685 3974 cum
699 3941 834 3972 omnibus
849 3941 881 3970 &
902 3942 1011 3980 lingulis
1033 3939 1168 3977 Officiis,
1187 3937 1336 3968 Commo-

283 3980 429 4018 ditatibus,
474 3982 601 4018 roficuiS,
618 3983 651 4011 ὅ(
669 3980 725 4011 aliis
745 3979 796 4009 suis
821 3978 998 4009 pertinentiis
1035 3978 1258 4014 uibuscumque‚
1276 3976 1334 4005 tarn

282 4019 311 4047 in
334 4017 427 4047 Curiis
450 4020 548 4049 nostris
571 4020 657 4055 quam
676 4019 759 4055 alibi,
776 4016 869 4047 eidem
893 4015 1004 4048 Officio

1082 4016 1185 4047 rescalli
1206 4014 1337 4053 qualiter-

283 4065 408 4094 cumque
422 4056 605 4093 spectantibus
620 4058 676 4088 sive
691 4056 912 4093 pertinentibus,

1022 1558 1046 1583 *
1075 1558 1276 1608 Regnante
1307 1549 1480 1591 Ricardo
1512 1549 1660 1590 Tertio,

1385 1694 1431 1726 Ac
1449 1695 1533 1726 etiam
1554 1694 1665 1726 Damus
1685 1696 1719 1727 ὅ(
1738 1693 1939 1726 Concedimus
1961 1693 2056 1726 eidem
2081 1695 2152 1724 Duct'
2179 1692 2326 1725 Officium
2351 1693 2421 1727 Ma·

1348 1734 1452 1764 rescalli'
1479 1743 1579 1764 coram
1607 1734 1706 1764 Nobis
1730 1735 1760 1763 in
1778 1733 1875 1764 Banco
1893 1732 1993 1764 nostro
2009 1756 2020 1772 ‚
2045 1742 2079 1763 ac
2098 1731 2243 1763 Officium
2261 1733 2422 1766 Marescalli

1348 1773 1385 1802 de
1403 1773 1555 1803 Scaccario
1573 1772 1671 1803 nostro
1688 1795 1698 1810 ,
1724 1780 1842 1803 necnon
1862 1770 2008 1802 Officium
2025 1769 2244 1802 Proclamatoris
2261 1770 2423 1804 Maresmlii

1350 1820 1449 1842 coram
1477 1810 1636 1841 Senescallo
1661 1812 1694 1842 &
1722 1809 1891 1840 Marescallo
1918 1809 2045 1847 Hospitii
2069 1807 2159 1840 nostri
2173 1832 2183 1846 ‚
2207 1818 2240 1840 ac
2255 1810 2355 1841 omnia
2370 1811 2424 1844 alia

1350 1849 1462 1920 gffic'ia
1484 1849 1624 1888 praedicto
1650 1848 1766 1881 Officio
1791 1847 1953 1879 Marescalli
1971 1847 2083 1887 Angliae
2101 1847 2267 1885 pertinentia
2283 1847 2342 1880 five
2359 1849 2423 1888 spe-

1382 1898 1474 1927 antia,

1389 1928 1469 1966 Quae
1493 1927 1610 1966 quidem
1630 1925 1778 1965 Johannes
1804 1936 1894 1966 nuper
1908 1928 1978 1957 Dux
1994 1923 2150 1964 Norffllciae
2164 1924 2316 1957 defunctus
2330 1928 2422 1960 tenuit

1351 1966 1401 1998 fibi
1416 1967 1450 1998 δι
1466 1965 1640 1997 Haeredibus
1655 1965 1706 1997 suis
1721 1965 1875 2004 Masculis,
1893 1964 1930 1997 de
1953 1963 2089 2003 Corpore
2108 1963 2160 1994 suo
2182 1963 2372 2004 exeuntibus,
2387 1966 2424 1998 &

1350 2004 1897 2082 nsciisdtwpzeffi0pzesfissz
1910 2012 2001 2074 ‘zie
2023 2002 2424 2077 {lenissimae

1536 2083 1540 2089 ι
1661 2081 1671 2091 Α
1778 2083 1782 2088 ι
1896 2082 1901 2088 ι
2000 2064 2010 2081 ²
2415 2077 2423 2081 -

1349 2082 1565 2167 ῃᾜὲῑξέηῗυιῐξι
1578 2080 2027 2166 ἶὲἢᾶἓεξὲἒέἓῐῗὶῃῖξὲέιξὲηὲἷη
2041 2121 2170 2158 anguinea
2187 2130 2221 2152 no
2244 2129 2274 2150 ro
2291 2120 2326 2153 &
2346 2119 2423 2154 Haei

1350 2161 1465 2192 redibus
1484 2160 1619 2192 Masculis
1636 2160 1672 2191 de
1692 2159 1829 2199 Corpore
1846 2160 1895 2191 suo
1913 2166 2026 2191 exeunti
2049 2170 2096 2197 us,
2122 2159 2159 2189 de
2215 2159 2278 2189 obis
2294 2159 2329 2192 &
2347 2159 2422 2192 Hae-

1349 2200 1463 2231 redibus
1481 2199 1599 2238 nostris,
1619 2209 1669 2237 per
1685 2199 1829 2230 servitium
1848 2198 1916 2230 inde
1935 2198 1972 2229 ab
1989 2198 2107 2236 antiquo
2125 2197 2255 2228 debitum
2273 2197 2308 2228 ὂ(
2331 2197 2367 2230 de
2379 2199 2425 2238 ju·

1351 2248 1382 2269 re
1407 2239 1577 2270 consuetum
1600 2239 1816 2277 imperpetuum
1831 2262 1840 2275 ,
1869 2238 1932 2269 tam
1948 2237 2046 2275 amplis
2063 2235 2155 2267 modo
2172 2234 2207 2266 &
2226 2234 2320 2267 forma
2338 2245 2426 2277 prout

1349 2277 1496 2322 Johannes
1514 2287 1604 2316 nuper
1623 2280 1692 2307 Dux
1712 2276 1870 2316 Norffiilciae
1887 2286 1978 2315 nuper
2004 2273 2187 2306 Marescallus
2211 2273 2324 2313 Angliae
2341 2298 2352 2315 ,
2375 2276 2424 2308 vel

1350 2317 1451 2355 aliquis
1465 2316 1550 2355 alius,
1568 2315 1615 2347 vel
1627 2316 1711 2355 aliqui
1726 2315 1771 2346 alii
1785 2323 1848 2347 ante
1862 2315 1954 2353 ipsum
1967 2313 2069 2344 habuit
2083 2313 2130 2344 seu
2146 2312 2321 2352 habuerunt,
2339 2314 2373 2345 &
2388 2325 2422 2347 ee

1350 2354 1389 2386 de
1403 2355 1504 2386 Nobis
1517 2355 1564 2386 seu
1578 2354 1812 2394 Progenitoribus
1827 2353 1931 2386 nostris
1946 2351 2092 2391 quondam
2106 2350 2235 2391 Regibus
2250 2351 2365 2393 Angliae
2379 2362 2423 2385 te-

1352 2403 1491 2426 nuerunt·

1390 2433 1428 2464 Et
1448 2418 1530 2471 qu’od
1555 2431 1655 2464 eadem
1678 2430 1807 2469 Officia,
1826 2431 1861 2463 &
1884 2430 1984 2461 omnia
1997 2428 2048 2460 alia
2066 2429 2176 2460 Officia
2189 2430 2218 2459 in
2257 2428 2422 2462 uibuscum⁴

1353 2481 1409 2510 que
1435 2471 1530 2502 Curiis
1554 2471 1656 2502 nostris
1679 2480 1743 2509 quae
1762 2470 1797 2501 ad
1816 2469 1929 2501 dictum
1952 2468 2097 2499 Officium
2117 2467 2220 2498 Mares
2258 2466 2277 2497 li
2292 2467 2421 2511 Anghae,

1353 2511 1499 2542 retroactis
1513 2511 1707 2547 temporibus,
1725 2509 1877 2547 aliqualiter
1891 2508 2087 2546 pertinuerunt
2098 2506 2131 2537 &
2143 2506 2285 2543 pertinere
2301 2507 2424 2539 consue-

1353 2558 1474 2588 verunt,
1493 2549 1527 2578 ad
1543 2549 1651 2579 dictum
1669 2547 1811 2578 Officium
1825 2543 2105 2583 MarescalliAngliae
2120 2545 2231 2584 integre
2238 2554 2424 2586 remaneant,

1354 2587 1537 2618 annectantur
1556 2588 1589 2618 &
1603 2587 1734 2617 uniantur
1749 2584 1980 2624 imperpetufim3

1391 2626 1429 2656 Et
1445 2625 1525 2664 quod
1541 2625 1600 2663 ipse
1614 2625 1648 2656 &
1663 2623 1799 2654 Haeredoe
1813 2624 1851 2654 sui
1868 2622 1996 2661 praediffl
2011 2621 2124 2653 di&um
2142 2620 2287 2652 Officium
2312 2621 2424 2654 Marci:

1355 2664 1418 2696 calli
1435 2674 1532 2695 coram
1557 2663 1657 2694 Nobis
1679 2663 1708 2692 in
1729 2662 1826 2693 Banco
1842 2661 1944 2693 nostro
1978 2670 2012 2692 ac
2028 2660 2139 2691 dictum
2155 2659 2298 2691 Officium
2311 2660 2422 2693 Mares·

1355 2702 1469 2733 callide
1492 2702 1660 2739 scaccario,
1676 2710 1791 2731 necnon
1814 2700 1924 2731 dietum
1944 2683 2087 2730 Officium
2110 2698 2333 2730 Proclamatoris
2354 2699 2424 2731 Ma-

1355 2741 1459 2772 rescalli
1477 2750 1575 2771 coram
1593 2739 1752 2771 Senescallo
1766 2740 1799 2771 ὅτ.
1815 2737 1983 2769 Marescallo
1999 2737 2125 2776 Hospitii
2138 2736 2227 2768 nostri
2241 2737 2426 2776 quibuscum-

1356 2789 1412 2818 que
1435 2779 1565 2810 Personis
1584 2778 1694 2810 idoneis
1715 2778 1798 2815 dare,
1820 2777 1981 2809 concedere
2004 2776 2050 2808 vel
2071 2776 2205 2807 conferre
2217 2776 2321 2816 possint
2334 2777 2423 2809 libere

1355 2819 1389 2850 &
1407 2820 1544 2856 impune,
1561 2817 1664 2856 absque
1677 2816 1773 2855 aliquo
1786 2816 1997 2854 impedimento
2009 2814 2099 2845 nostri
2116 2814 2163 2845 vel
2184 2813 2345 2846 Haeredum
2365 2826 2422 2847 no-

1357 2857 1498 2896 strorum,
1510 2856 1734 2896 justiciariorum
1743 2878 1754 2895 ,
1769 2855 1974 2893 Escaetorurn,
1990 2853 2229 2893 vicecomitum,
2242 2862 2291 2885 aut
2301 2854 2422 2886 aliorum

1357 2905 1625 2935 quorumcumque3

1394 2934 1507 2965 Damus
1521 2936 1605 2966 etiam
1620 2933 1653 2965 &
1666 2931 1864 2964 Concedimus
1877 2942 1927 2971 per
1942 2930 2098 2962 Praesentes
2111 2929 2205 2961 eidem
2223 2929 2424 2970 consanguineo

1358 2971 1463 3013 nostro,
1481 2973 1562 3012 quod
1577 2971 1634 3011 ipse
1650 2973 1684 3004 &
1700 2971 1839 3002 Haeredes
1853 2971 1894 3002 sui
1908 2969 2036 3009 praedicti
2056 2967 2213 2999 Marescalli
2234 2968 2366 3008 Angliae,
2381 2979 2426 3001 ra-

1358 3014 1438 3043 tione
1459 3011 1562 3043 Officii
1581 3012 1620 3042 sui
1641 3011 1788 3049 praedicti,
1804 3010 1944 3048 habeant,
1961 3015 2074 3048 gerant,
2089 3008 2125 3039 &
2148 3006 2292 3046 deferant,
2311 3008 2370 3039 tam
2394 3010 2426 3040 in

1359 3050 1510 3082 Praesentia
1523 3050 1619 3081 nostra
1632 3051 1665 3081 &
1680 3048 1840 3081 Haeredum
1853 3047 2019 3079 nostrorum
2033 3046 2120 3084 quam
2134 3045 2164 3074 in
2176 3044 2313 3076 Absentia
2327 3046 2426 3080 nostra

1359 3089 1393 3120 &
1408 3089 1571 3120 Haeredum
1591 3088 1773 3126 nostrorum,
1792 3086 1937 3126 quendam
1959 3084 2096 3116 Baculurn
2115 3092 2233 3113 aureum
2259 3084 2294 3115 ad
2316 3092 2427 3116 utrum—

1360 3138 1416 3166 que
1431 3128 1518 3160 finem
1531 3128 1567 3158 de
1584 3129 1667 3167 nigro
1681 3127 1864 3164 annulatum,
1884 3125 1918 3156 &
1934 3132 2004 3154 cum
2020 3122 2112 3159 Signo
2131 3120 2290 3153 Armorum
2311 3123 2427 3155 nostro-

1361 3176 1427 3197 rum
1447 3169 1476 3197 in
1493 3166 1636 3204 superiore
1649 3165 1706 3196 fine
1720 3165 1790 3196 dieii
1804 3163 1916 3201 Baculi‚
1933 3162 1968 3192 &
1979 3170 2048 3192 curn
2063 3160 2152 3200 Signo
2163 3159 2330 3204 'Armorum
2354 3161 2427 3194 dieti

1362 3205 1455 3236 Ducis
1470 3207 1499 3236 in
1514 3205 1649 3235 inferiore
1664 3204 1721 3234 fine
1735 3202 1860 3241 ejusdem
1875 3200 1971 3232 Baculi
1984 3206 2133 3237 ornatum,
2151 3198 2230 3230 licite
2246 3200 2280 3231 ὅ(
2294 3201 2426 3242 impune,

1362 3244 1466 3281 absque
1476 3244 1654 3282 impetitione
1668 3242 1758 3272 nostri
1770 3241 1816 3272 vel
1828 3237 1987 3271 Haeredum
2000 3236 2428 3278 nostrorum,justiciariorum,

1363 3282 1582 3314 Officiariorurn
1591 3306 1600 3321 ‚
1620 3281 1666 3311 seu
1677 3281 1800 3311 aliorum
1816 3277 2021 3310 Ministrorurn
2035 3275 2202 3308 nostrorum
2217 3286 2427 3315 quorumcum-

1361 3330 1438 3403 qu&
1454 3366 1485 3402 ut
1500 3357 1577 3402 idem
1591 3357 1803 3401 Cmfignguinws
1815 3354 1904 3400 noster
1919 3364 1951 3388 ut
1965 3354 2079 3401 Comes
2094 3352 2275 3399 Marescallus
2294 3355 2429 3395 Angliae,·

1359 3406 1436 3436 Juxta
1459 3397 1528 3427 dieb
1549 3395 1691 3426 Nominis
1710 3395 1889 3432 decentiam,
1912 3396 1947 3427 &
1967 3393 2063 3424 Status
2081 3392 2122 3423 sui
2141 3393 2320 3424 nobilitatem
2342 3394 2428 3432 poffit

1365 3434 1600 3466 honorificentius
1614 3434 1642 3465 se
1653 3433 1772 3470 habere,
1788 3432 1918 3463 dedimus
1932 3433 1969 3463 &
1982 3430 2190 3470 concessimus,
2208 3433 2242 3463 &
2265 3432 2318 3463 hac
2341 3432 2429 3464 Casta

1367 3473 1462 3504 nostra
1477 3472 1725 3509 confirmavimus,
1745 3481 1797 3508 pro
1815 3470 1916 3501 Nobis
1931 3471 1965 3502 &
1980 3469 2150 3501 Haeredibus
2164 3469 2265 3500 nostris
2287 3471 2430 3508 praedistis

1367 3513 1485 3551 praefato
1506 3510 1623 3541 Comiti
1647 3508 1815 3541 Marescallo
1831 3531 1841 3547 ‚
1865 3519 1921 3547 pro
1947 3509 2026 3541 Statu
2051 3508 2103 3539 suo
2124 3506 2251 3540 Comitis
2273 3508 2431 3540 Mareicalli

1368 3549 1597 3587 manutenendo,
1615 3549 1726 3586 Viginti
1738 3548 1838 3578 Libras
1853 3547 1995 3579 habendas
2017 3549 2051 3579 &
2074 3549 2217 3578 annuatim
2241 3546 2430 3585 percipiendas

1367 3589 1482 3627 praesato
1498 3591 1594 3617 comiti
1609 3589 1642 3619 &
1659 3586 1829 3617 Haetedibus
1841 3585 1895 3617 suis
1911 3586 2054 3626 praediffls
2066 3587 2157 3625 imper
2195 3585 2341 3624 tuum,de
2354 3584 2429 3615 Feo-

1366 3628 1397 3658 di
1415 3626 1498 3658 firma
1518 3626 1602 3656 Villae
1620 3625 1725 3656 nostrae
1746 3625 1931 3664 Gippewici‚
1950 3635 2000 3664 per
2025 3635 2126 3656 manus
2173 3625 2321 3655 allivorurn
2342 3622 2429 3653 Villae

1367 3665 1513 3706 praedi&ae
1528 3675 1583 3709 pro
1598 3673 1728 3704 tempore
1741 3663 1921 3695 existentium
1937 3664 1973 3695 ad
1986 3664 2142 3694 Terminus
2159 3663 2256 3694 Sauffi
2279 3659 2432 3692 Michaelis

1368 3703 1535 3742 Archangeli
1549 3703 1581 3734 &
1598 3703 1712 3734 Paschae
1726 3713 1777 3742 per
1790 3703 1909 3741 aequales
1932 3702 2102 3739 Portiones;
2118 3703 2151 3734 &
2171 3702 2248 3738 hoc,
2262 3698 2366 3737 absque
2381 3698 2431 3729 Fi-

1367 3754 1403 3773 ne
1417 3743 1450 3773 &
1465 3742 1565 3772 Feodo
1579 3741 1677 3773 Nobis
1693 3744 1722 3772 in
1735 3741 1901 3779 Hanaperio
1917 3740 2036 3780 nostro,
2053 3741 2100 3772 vel
2118 3740 2202 3776 alibi,
2227 3746 2281 3774 pro
2308 3738 2429 3776 praesen-

1369 3783 1443 3814 tibus
1461 3780 1562 3811 Literis
1579 3780 1715 3812 solvendo
1731 3780 1778 3811 seu
1795 3779 1963 3819 capiendo3‘

1408 3819 1455 3850 Eo
1481 3819 1561 3856 quod
1587 3818 1710 3856 expreffa
1731 3820 1841 3849 mentio
1863 3818 1900 3848 de
1924 3828 1996 3849 vero
2013 3817 2110 3848 valore
2133 3822 2229 3856 annuo
2248 3811 2430 3856 Qfficiorum

1371 3857 1594 3897 praedictorum,
1612 3858 1658 3887 seu
1677 3864 1848 3888 caeterorum
1867 3856 2084 3887 Praemissorum
2096 3876 2106 3891 ,
2122 3861 2168 3882 aut
2185 3851 2300 3889 alicujus
2318 3862 2431 3892 eorum,

1372 3905 1419 3927 aut
1441 3896 1478 3926 de
1501 3896 1558 3926 aliis
1579 3895 1661 3926 donis
1685 3896 1742 3927 five
1769 3894 1997 3925 conceffionibus
2019 3892 2113 3923 eidem
2128 3892 2199 3919 Dim·
2218 3899 2268 3926 per
2284 3889 2352 3922 Nos
2367 3902 2434 3924 ante

1372 3936 1436 3965 haec
1459 3942 1588 3971 tempora
1607 3934 1685 3964 saetis
1699 3957 1709 3972 ‚
1734 3936 1762 3964 in
1782 3933 1963 3971 praesentibus
1981 3930 2102 3961 minime
2119 3928 2193 3957 sabla
2207 3952 2217 3964 ‚
2244 3928 2334 3960 existit
2350 3942 2360 3968 3
2385 3939 2433 3962 aut

1372 3974 1469 4011 aliquo
1487 3971 1614 4010 Statuto,
1637 3972 1730 4009 ACtu,
1759 3971 1963 4006 ordinatione,
1986 3967 2170 4010 Provisione,
2194 3965 2240 3997 seu
2261 3965 2434 3999 Restrifflo-

1373 4022 1426 4080 Ee,
1441 4018 1488 4041 aut
1501 4010 1592 4048 aliqua
1606 4009 1657 4041 alia
1668 4008 1734 4049 Re,
1752 4008 1862 4047 Causa,
1878 4008 1925 4040 vel
1941 4003 2063 4037 Materia
2084 4014 2280 4044 quacumque,
2295 4016 2356 4037 non
2377 4007 2434 4037 ob-

1400 4058 1474 4081 ante.
