2555 4266
704 175 815 216 ET
908 172 1174 218 ACTA

0 265 129 302 Amin.
150 275 253 298 eorum
268 264 442 303 captionem
457 262 524 292 vere
545 261 736 300 pertinebant,
756 263 835 300 quod
857 262 874 292 fi
896 272 944 300 per
963 262 1087 299 aliquem
1108 267 1210 289 eorum

15 315 102 346 1457.
146 307 300 344 quicquam
324 304 353 332 in
377 301 552 332 contrarium
576 301 737 338 hujusmodi
761 301 957 331 Ordinationis
971 300 1081 330 fictum
1099 298 1143 327 vel
1163 306 1205 327 at-

0 351 56 376 tien.
76 347 104 374 6.

8 2416 30 2438 ⁸
48 2419 104 2448 xt.

14 2465 78 2494 393·

144 352 284 383 temptum
302 340 400 377 fuerit,
421 349 490 370 tunc
510 337 657 377 Personae,
682 340 776 378 Eona,
792 338 996 374 Mercandiliie,
1013 337 1112 367 &Res
1126 344 1204 372 quae-

147 390 273 419 cumque
285 376 460 416 hujulmodi,
477 377 514 407 sic
534 386 626 416 empta
644 378 699 408 live
719 388 847 417 recepta,
864 378 903 406 illi
918 376 963 405 vel
978 375 1045 411 illis,
1062 374 1095 403 ad
1114 381 1203 410 quem

147 420 192 451 vel
211 419 247 450 ad
265 426 336 455 quos
353 415 432 446 Bona
448 415 606 453 hujusmodi
625 419 691 446 ver'e
710 418 886 455 pertinebant
905 413 1000 455 (dolo,
1015 410 1126 453 fraude,
1146 419 1206 439 rna-

147 458 216 489 love
238 456 352 494 ingenio
378 453 546 485 cessantibus
571 455 814 492 quibuscumque)
838 450 1009 493 integraliter
1034 449 1211 492 restituentur

150 503 201 536 per
218 494 256 524 fic
276 501 400 524 ementes
417 493 471 523 live
493 494 656 531 recipientes
671 516 680 530 ,
707 502 742 522 eo
761 491 852 521 modo
871 498 928 526 quo
945 487 1052 532 restitut
1066 486 1174 529 debent
1194 485 1214 515 si

147 544 163 564 a
181 532 307 564 Subditis
324 531 394 561 dieti
408 528 583 561 Illustriffimi
599 530 740 568 Principis
751 533 889 570 Scotorum,
900 529 978 562 Regis
985 534 1072 561 capta.»
1079 522 1206 553 fuiffent:

148 573 184 603 &
202 570 405 601 nichilominus
430 571 468 600 sic
495 578 678 606 attemptans,
698 576 832 604 tanquam
852 564 983 607 Violator
1002 564 1100 607 harum
1119 562 1213 593 Treu-

148 618 265 650 garum,
283 609 401 648 graviter
418 609 452 639 &
470 617 521 644 pro
541 605 631 637 modo
651 606 683 635 &
705 605 833 643 qualitate
850 602 987 645 Criminis
1005 610 1154 645 punietur,
1178 640 1183 644 .

189 648 268 686 Qiae
282 647 378 677 omnia
392 646 425 677 &
443 645 563 684 singula,
581 643 672 673 modo
688 643 720 673 &
740 642 834 672 forma
848 639 1010 680 praemlffis,
1029 638 1209 681 Excellentis-

149 685 233 716 fimus
252 686 285 716 &
306 682 556 715 Christianiffimus
570 681 704 718 Princeps
722 679 835 718 Angliae
851 678 889 714 ὠ
905 682 1026 708 Franciae
1039 681 1099 708 Rex
1118 680 1213 707 obier-

149 723 246 762 vabit,
264 724 297 755 &
315 734 365 762 per
381 724 442 753 suos
459 721 590 751 Subditos
607 720 640 749 &
660 719 768 756 Ligeos
781 718 923 756 hmiliter,
941 717 1083 755 aequaliter
1094 739 1103 754 ,
1120 717 1154 759 {Sc
1169 716 1210 746 ef-

149 763 276 793 ficaciter
301 762 441 792 observari
466 759 569 794 faciet,
594 757 623 787 in
649 757 713 787 casu
738 766 796 797 quo
821 757 911 794 aliqua
930 755 1050 786 Persona
1068 778 1077 792 ,
1103 755 1213 798 blavis,

151 800 356 838 Mercandisae,
379 799 455 835 Res,
472 797 518 828 vel
543 795 622 826 Bona
640 805 830 833 quaecumque
848 795 918 825 dicti
938 793 1113 823 illustrissimi
1131 793 1216 822 Prin-

150 840 220 877 cipis
237 842 370 869 Scotorum
387 839 480 874 Regis,
498 843 544 865 aut
561 833 676 872 alicujus
701 834 748 865 seu
770 835 928 873 aliquorum
944 832 1055 862 Subditi
1075 832 1117 862 vel
1137 831 1212 861 Sub-

151 878 278 909 ditorum
297 877 373 913 ejus,
395 881 475 912 capta
490 873 592 903 fuerint
631 883 660 902 er
679 872 800 911 aliquem
817 872 862 902 vel
882 872 1006 909 aliquos,
1033 881 1091 900 non
1109 869 1214 900 Subdi-

151 925 215 947 tum
235 914 279 946 vel
296 923 356 943 non
373 913 506 942 Subditos
524 910 611 941 Excel
622 910 766 941 entiffimo
781 911 814 941 ὃς
835 909 1073 940 Christianiilimo
1087 909 1214 946 Principi

153 957 220 991 Regi
231 951 343 990 Angliae
357 949 395 986 ό·
409 953 530 980 Franciae
545 950 573 980 su
596 949 713 980 radiasto.

190 992 320 1027 ITEM,
339 989 422 1019 simili
441 989 532 1018 modo
581 988 781 1018 'oncordatum
807 986 848 1017 est
864 985 961 1026 quod,
985 986 1004 1016 si
1018 1008 1028 1024 ,
1052 985 1215 1028 durantibus

154 1029 276 1068 Treugis
298 1027 482 1066 supradiffls‚
509 1027 654 1065 contingat
679 1027 802 1064 aliquam
822 1025 940 1055 Navem
960 1024 1067 1054 alterius
1088 1023 1215 1053 Partium

152 1066 350 1106 praedietarum
370 1065 561 1105 Naufragium
579 1065 636 1101 pati
655 1074 701 1095 aut
720 1065 815 1101 rumpi
832 1088 842 1100 ,
867 1064 901 1094 ὃ(
925 1063 1012 1102 aliqua
1030 1062 1217 1092 Personarum

154 1105 334 1137 existentium
351 1105 381 1134 in
400 1104 482 1134 Navi
500 1104 538 1134 fic
558 1103 747 1142 Naufragium
767 1102 841 1141 passa
860 1101 903 1131 vel
921 1101 1002 1139 rupta
1016 1100 1160 1138 Superstes
1174 1109 1218 1143 re-

153 1144 282 1175 manserit
300 1143 481 1179 (cessantibus
499 1143 529 1172 in
548 1151 580 1172 ea
598 1141 681 1172 Parte
700 1141 786 1178 dolo,
802 1140 915 1175 fraude,
939 1141 972 1169 δε
997 1140 1074 1169 malo
1098 1139 1217 1175 ingenio

154 1183 392 1220 quibuscumque)
414 1180 616 1218 Mercandisae,
635 1180 730 1217 Bona,
752 1179 786 1210 &
802 1177 861 1208 Res
877 1187 1085 1215 quaecumque,
1103 1186 1166 1220 quae
1182 1176 1219 1206 de

157 1220 237 1251 ditsta
256 1220 339 1251 Navi
360 1220 484 1258 projesta
501 1219 580 1256 sunt,
604 1228 638 1248 ex
655 1218 755 1248 eadem
773 1217 894 1247 extraeta
911 1238 920 1253 ,
946 1215 991 1245 vel
1010 1216 1038 1244 in
1064 1215 1142 1245 Mari
1159 1215 1222 1244 col-

153 1259 244 1297 lec'ta,
263 1258 309 1289 vel
327 1258 362 1289 ad
370 1259 490 1289 Terram
499 1258 651 1293 venientia,
670 1256 715 1286 seu
729 1256 791 1285 alias
808 1253 1003 1294 quovismodo
1018 1253 1099 1284 Salva
1114 1254 1147 1284 &
1161 1252 1221 1282 Sal-

154 1306 239 1334 vata,
257 1307 306 1335 per
324 1307 390 1334 eos,
409 1296 443 1326 ad
459 1305 582 1335 quorum
601 1294 707 1325 Manus
732 1293 792 1323 Res
813 1296 846 1324 &
875 1291 1063 1322 Mercandisae
1087 1293 1120 1322 &
1140 1290 1220 1334 Bona

151 1335 316 1375 hujusmodi
329 1335 518 1372 devenerunt,
537 1333 691 1363 nullatenus
705 1331 1126 1371 Diffipentur,Diminuantur,
1143 1331 1222 1359 Alie-

157 1384 276 1411 nenmr,
295 1373 485 1411 Dividantur,
510 1381 563 1402 nec
583 1373 684 1410 quovis
703 1370 794 1400 modo
814 1369 1014 1401 Subtrahantur
1033 1377 1079 1399 aut
1099 1367 1217 1399 Conce-

154 1413 264 1451 lentur3
280 1413 316 1443 set
334 1413 440 1450 integra
456 1433 466 1449 ,
491 1410 546 1440 sine
571 1409 776 1439 Diminutione
802 1417 998 1446 quacumque,
1025 1406 1221 1437 Gubernatori

152 1451 225 1482 iilius
244 1451 379 1481 Dominii
398 1450 444 1481 seu
467 1449 560 1486 Loci,
576 1449 606 1478 in
629 1447 708 1486 quod
727 1447 771 1477 vel
790 1448 819 1476 in
838 1455 923 1485 quem
943 1446 1017 1476 dieta
1036 1444 1114 1475 Bona
1133 1445 1219 1475 deve-

156 1498 276 1528 nerunt,
293 1489 338 1519 seu
360 1488 418 1527 ejus
436 1487 581 1525 Deputato
596 1509 606 1525 ,
629 1486 746 1516 fideliter
762 1485 796 1514 δε
813 1484 870 1514 sine
886 1484 983 1514 fraude
997 1507 1006 1522 ,
1032 1483 1220 1514 deliberentur

155 1536 240 1566 atque
265 1527 421 1564 tradantur,
443 1526 479 1557 ad
506 1525 599 1556 Usum
619 1524 663 1555 vel
682 1523 848 1554 Utilitatem
866 1522 935 1552 illius
952 1523 998 1552 vei
1016 1522 1133 1551 illorum
1148 1545 1157 1560 ,
1182 1522 1218 1552 ad

158 1575 248 1604 quem
266 1565 311 1595 vel
324 1565 359 1594 ad
378 1574 448 1602 quos
465 1563 546 1593 Bona
563 1562 637 1600 ipsa,
655 1563 694 1592 rei
713 1562 826 1592 veritate
844 1560 986 1607 inspecta,
1004 1562 1140 1604 pertinere
1155 1561 1218 1591 nos-

157 1611 279 1641 cuntur,
296 1601 503 1633 conservanda:
525 1600 584 1631 Cui
599 1601 642 1632 vel
656 1601 774 1638 quibus,
791 1599 861 1629 infra
878 1600 1006 1636 bpatium
1030 1609 1112 1628 unius
1127 1599 1220 1637 Anni,

154 1653 170 1673 a
184 1650 316 1678 ternpore
331 1640 457 1671 Notitiae.
473 1639 626 1678 Naufragii
644 1639 689 1669 vel
708 1638 848 1675 Rupturae
859 1637 950 1667 Navis
959 1636 1123 1675 hujusmodi
1137 1647 1220 1668 com-

155 1680 290 1719 putandi,
307 1679 403 1710 licebit
414 1702 424 1717 ,
441 1688 493 1717 pro
503 1678 730 1715 Recuperatione
746 1678 779 1707 &
791 1675 984 1706 Restitutione
993 1676 1120 1713 Rerum,
1138 1675 1220 1706 Mer-

155 1718 346 1756 oendisarurn,
365 1718 399 1748 &
414 1717 562 1748 Bonorum
582 1716 739 1753 hujusmodi
759 1714 888 1753 prosequi
907 1724 1007 1744 coram
1023 1714 1127 1753 Judice
1146 1716 1175 1745 in
1189 1725 1222 1746 ea

215 1767 232 1787 e
247 1764 448 1795 competente,
466 1757 513 1786 cui
530 1755 576 1786 vel
593 1755 710 1794 quibus,
726 1755 763 1784 sic
782 1753 959 1793 prosequenti
976 1754 1010 1784 &
1030 1753 1220 1792 prosequenti-

154 1764 226 1833 ffirst’
242 1795 348 1826 realiter
368 1796 402 1825 &
419 1794 604 1825 effectualiter
623 1794 708 1830 tradi,
726 1793 854 1830 liberari,
878 1791 983 1822 restitui
1005 1791 1129 1829 debent,
1146 1791 1221 1822 solu-

154 1835 189 1865 tis
215 1841 310 1864 tamen
336 1834 369 1864 &
394 1833 488 1864 refufis
514 1831 645 1870 Expenfis
668 1832 701 1862 ὃς
719 1831 886 1869 Sumptibus
904 1830 1114 1860 rationabilibus
1138 1831 1218 1861 facus

155 1873 232 1903 circa
246 1871 458 1902 Collectionem
478 1872 510 1901 ὃς
530 1871 720 1901 Salvationem
738 1869 884 1900 Bonorum
902 1869 1087 1899 eorumdem:

193 1911 312 1942 Proviso
337 1910 446 1948 semper
473 1909 552 1947 quod
574 1909 695 1939 Persona
714 1910 757 1938 vel
784 1907 917 1938 Personae
940 1907 1083 1944 Superstes
1105 1907 1151 1937 vel
1168 1907 1221 1938 Su-

155 1949 302 1988 perstites,
319 1958 354 1978 ex
371 1949 471 1978 eadem
490 1947 571 1978 Navi
588 1947 622 1978 ad
641 1947 766 1977 Terram
785 1948 947 1983 venientes,
966 1946 1000 1976 ad
1014 1945 1142 1983 Statum,
1156 1946 1222 1984 jux-

156 1997 185 2018 ta
203 1987 353 2019 EffeEtum
371 1988 404 2018 &
421 1986 571 2017 Tenorem
596 1985 781 2016 Praesentium
800 1985 996 2024 Treugarum,
1018 1984 1106 2015 libere
1124 1985 1221 2016 dimit-

157 2034 261 2057 tentur.

195 2064 270 2094 ITE
282 2072 325 2102 M,
344 2063 427 2094 simili
446 2063 552 2098 modo,
569 2062 790 2094 Concordatum
805 2061 847 2092 est
856 2062 954 2101 quod,
973 2061 992 2091 si
1003 2083 1014 2099 ,
1032 2060 1114 2092 dietis
1123 2061 1220 2092 Treu-

176 2104 196 2133 is
217 2102 396 2142 durantibus,
411 2102 500 2140 aliqua
518 2101 613 2133 Navis
627 2126 638 2139 ,
662 2102 745 2132 unius
762 2101 851 2132 Partis
871 2101 914 2131 vel
930 2101 1057 2138 alterius,
1076 2100 1222 2139 Personis,

189 2142 272 2179 ebus,
292 2139 493 2178 Mercandifis,
511 2150 558 2171 aut
575 2139 660 2170 Bonis
679 2139 806 2178 Onusta,
825 2139 881 2170 sive
899 2139 1010 2177 Rupta,
1026 2139 1081 2169 sive
1097 2148 1149 2178 pro
1165 2138 1219 2169 Vi-

159 2180 296 2211 istualibus
313 2180 348 2210 de
363 2177 522 2210 necessitate
538 2179 576 2210 eis
593 2180 623 2209 in
639 2177 716 2209 Mari
732 2178 943 2215 superveniente
961 2178 1112 2215 Eniendis,
1129 2178 1220 2217 appli-

158 2220 247 2250 cuerit
264 2219 293 2249 in
311 2218 432 2258 aliquem
450 2216 571 2247 Portum
589 2217 636 2248 vel
653 2216 771 2247 Locum
779 2217 863 2247 alium
879 2216 995 2254 alicujus
1008 2215 1136 2247 Partium
1150 2226 1222 2255 prae-

158 2257 315 2295 didiarum,
335 2265 387 2292 pro
403 2265 457 2294 qua
471 2255 636 2286 Reficienda
660 2255 779 2286 Navem
796 2254 880 2294 ipsam
891 2279 900 2292 ‚
919 2255 1070 2292 Personas,
1090 2254 1222 2293 Merces,

157 2296 218 2327 Res
232 2318 241 2334 ,
265 2296 298 2326 &
320 2294 400 2325 Bona
421 2296 605 2325 contenta‘in
629 2294 728 2324 eadem
757 2302 886 2331 oportmt
903 2293 937 2323 ad
957 2293 1079 2324 Terram
1093 2293 1217 2331 deponi;

156 2334 236 2374 quod
254 2335 284 2364 in
300 2333 361 2364 hoc
381 2332 456 2363 Casu
474 2332 621 2371 Personae,
641 2332 773 2370 Merces,
792 2331 869 2370 Res,
887 2332 920 2362 &
934 2331 1014 2362 Bona
1033 2331 1090 2369 ipsa
1111 2332 1149 2362 sic
1171 2331 1220 2363 de-

159 2373 263 2412 posita,
281 2371 382 2410 absque
398 2371 603 2411 impedimento
628 2371 662 2402 &
678 2371 735 2402 fine
761 2370 910 2401 Solutione
930 2369 1082 2401 Custurme
1096 2393 1107 2409 ,
1128 2371 1158 2400 in
1176 2382 1222 2402 ea-

159 2412 227 2443 dem
247 2410 328 2441 Navi
349 2410 432 2447 (cum
450 2411 470 2428 ²¹²
490 2411 594 2440 refech
621 2409 715 2446 fuerit)
746 2409 789 2439 vel
807 2411 836 2439 in
863 2410 946 2439 aliam
970 2417 1160 2448 reponantur,
1188 2410 1221 2440 &

159 2450 251 2481 libere
266 2448 460 2487 abducantur,
491 2448 608 2479 Proviso
628 2457 723 2479 tamen
742 2447 821 2485 quod
842 2457 894 2484 pro
912 2446 1078 2485 Mercibus,
1106 2447 1224 2486 Rebus,

162 2489 264 2525 Bonis,
289 2488 322 2519 &
345 2485 548 2524 Mercandisis,
573 2486 679 2516 ibidem
697 2496 750 2526 pro
775 2485 901 2516 emendis
923 2485 1098 2516 Victualibus
1115 2487 1154 2515 eis
1173 2496 1224 2517 ne-

161 2526 281 2559 cessariis
297 2535 349 2564 pro
368 2524 506 2556 Numero
525 2525 712 2557 Personarum
732 2525 874 2562 venditis,
899 2522 1052 2555 Custumae
1070 2525 1104 2556 δί
1120 2533 1224 2556 caetera

161 2566 304 2604 Deveria,
322 2566 352 2594 in
369 2574 400 2594 ea
418 2572 494 2603 parte
511 2564 623 2602 debit-a,
641 2563 758 2595 fideliter
776 2562 980 2601 persolvantur.
1222 2564 1225 2565 ’

197 2604 243 2635 Ιτ
254 2613 273 2634 Ε
284 2611 328 2641 M,
345 2602 426 2633 simili
445 2602 552 2642 modo,
569 2601 789 2633 Concordatum
805 2601 846 2632 est
865 2602 946 2638 quod
961 2624 971 2640 ,
997 2600 1018 2631 fi
1033 2602 1093 2640 quis
1112 2601 1149 2632 de
1169 2612 1225 2633 una

162 2645 240 2673 Parte
255 2641 383 2672 Partium
400 2641 597 2679 praedictarum
618 2642 724 2680 capiat,
743 2640 827 2671 distis
841 2639 962 2680 Treugis
978 2640 1157 2678 durantibus,
1175 2641 1224 2671 ali-

161 2680 240 2721 quod
256 2679 432 2710 Fortalitium
450 2679 529 2718 super
546 2680 669 2718 aliquam
688 2679 797 2710 Partem
809 2702 820 2717 ,
846 2677 918 2717 ipse,
943 2678 1021 2717 super
1040 2680 1073 2709 &
1095 2679 1226 2710 adversus

164 2729 250 2758 quem
267 2718 426 2757 hujusmodi
445 2717 622 2749 Fortalitium
642 2717 767 2756 Captum
784 2717 881 2754 fuerit,
901 2718 1005 2755 poterit
1023 2717 1091 2748 illud
1109 2727 1226 2757 recupe-

165 2768 224 2789 rare
242 2766 292 2797 per
313 2757 396 2788 Viam
413 2756 490 2787 Facti
504 2780 515 2795 ,
539 2757 583 2788 vel
606 2757 683 2788 aliter
709 2766 793 2794 prout
812 2756 913 2786 melius
932 2756 1036 2794 poterit
1050 2778 1060 2794 ,
1089 2757 1122 2787 ὅ(
1141 2758 1226 2787 etiam

163 2799 268 2836 poterit
281 2797 379 2835 punire
402 2793 600 2826 Malefactores
615 2797 643 2826 in
661 2805 693 2825 ea
709 2804 784 2834 parte
804 2793 962 2825 secundum
980 2796 1146 2834 exigentiam
1168 2794 1225 2825 Ca—

165 2834 230 2874 stis,
257 2835 291 2866 &
312 2834 482 2864 tenebuntur
510 2833 729 2864 Conservatores
766 2833 834 2863 illius
863 2832 969 2870 Partis,
993 2836 1070 2871 cujus
1097 2833 1229 2864 Subditus

165 2873 346 2905 Fortalitium
362 2871 523 2910 hujusmodi
537 2873 659 2910 ceperit,
681 2872 840 2902 succurrere
857 2873 888 2902 ὃς
905 2872 1002 2909 juvare
1020 2872 1127 2911 ipsum,
1149 2872 1228 2909 super

164 2913 199 2942 &
217 2911 342 2942 adversus
361 2920 448 2948 quem
464 2910 624 2949 hujusmodi
639 2911 816 2941 Fortalitium
833 2919 946 2948 captum
964 2910 1064 2948 fuerit,
1083 2911 1118 2941 ad
1133 2911 1226 2949 ipsum

166 2949 425 2990 Recuperandum,
443 2950 529 2988 quam
546 2950 629 2980 citit'is
648 2950 681 2980 δε
697 2950 782 2987 quam
803 2948 983 2986 diligentius,
1008 2949 1174 2986 Sumptibus
1193 2949 1228 2979 il—

166 2988 218 3019 lius
237 2988 324 3019 Partis
337 2987 509 3018 offendentis
526 2998 531 3017 :
555 2987 616 3025 vel,
637 2987 655 3017 si
674 2988 760 3025 magis
779 2986 930 3025 placuerit,
953 2987 1028 3027 ipse,
1045 2986 1125 3025 super
1142 2997 1230 3027 quem

164 3026 328 3066 hujusmodi
344 3026 520 3057 Fortalitium
537 3034 656 3064 captum
675 3026 756 3056 fuerit
773 3048 784 3063 ,
807 3026 947 3063 requirere
972 3026 1075 3063 poterit
1101 3026 1134 3056 &
1153 3025 1230 3056 sum-

168 3075 246 3096 mare
264 3065 380 3104 Regem
399 3065 433 3096 &
448 3064 667 3095 Conservatores
683 3065 791 3094 alterius
808 3063 894 3094 Partis
913 3087 923 3102 ,
947 3064 993 3094 seu
1009 3074 1111 3095 eorum
1129 3063 1230 3103 Depu-

148 3107 258 3143 'tatos,
281 3103 362 3142 quod
388 3104 437 3134 sibi
459 3103 667 3134 reddifacianr
686 3104 718 3133 ὅ(
738 3102 844 3132 restitui
869 3102 979 3132 dicrum
1005 3103 1086 3132 suum
1110 3102 1227 3133 Fortali-

169 3144 262 3181 tium,
279 3142 539 3180 &MalefaCtores,
556 3143 604 3182 qui
622 3141 784 3180 hujusmodi
792 3140 966 3171 Fortalitium
980 3151 1135 3180 ceperunt,
1151 3142 1230 3179 quod

171 3181 180 3210 i
200 3181 236 3220 fi,
260 3191 314 3220 pro
334 3180 439 3219 Posse,
465 3180 557 3212 facere
575 3184 608 3212 &
625 3179 794 3218 perimplcre
813 3179 981 3210 tenebuntur
996 3203 1006 3219 ,
1027 3180 1130 3219 absque
1144 3181 1231 3219 dolo,

199 3219 286 3257 aude,
303 3220 337 3251 δε
356 3219 431 3249 malo
448 3220 569 3258 ingenio.

209 3256 255 3287 I·r
266 3268 283 3288 i:
293 3267 321 3289 M
334 3281 343 3296 ,
361 3258 446 3288 fimili
462 3258 569 3296 modo,
585 3256 805 3288 Concordatum
818 3256 859 3287 est
873 3256 968 3296 quod,
989 3256 1026 3293 fi,
1043 3256 1165 3296 Treugis
1179 3257 1232 3288 du-

173 3296 314 3334 rantibus,
337 3297 433 3333 aliquis
447 3296 491 3326 vel
506 3296 607 3334 aliqui,
633 3305 666 3326 ex
688 3294 811 3325 Vaffaiiis
830 3295 923 3334 Ligeis
943 3294 987 3325 vel
1007 3295 1132 3326 Subditis
1154 3298 1233 3326 unius

173 3332 300 3364 Partium
311 3335 505 3374 praedictarum
519 3357 529 3370 ,
556 3334 714 3372 Deliquerit
730 3333 776 3366 seu
798 3333 976 3371 Deliquerint
985 3334 1181 3365 inTerritorio
1195 3335 1234 3365 al-

173 3372 259 3402 terius
276 3372 380 3410 Partis,
397 3373 478 3403 liceat
504 3373 580 3403 Parti
595 3395 604 3408 ,
629 3374 659 3403 in
677 3373 756 3412 cujus
771 3372 932 3403 Territorio
955 3372 994 3403 lic
1015 3371 1174 3411 Deliquerit
1189 3373 1233 3404 seu

174 3409 353 3448 Deliquerint
367 3434 376 3449 ,
399 3412 486 3449 ipsum
510 3412 544 3442 &
569 3411 640 3449 ipsos
664 3421 763 3450 capere
782 3413 816 3442 &
839 3412 939 3451 punire
958 3411 1115 3442 secundum
1140 3411 1235 3449 Leges

173 3448 291 3485 Patriae,
308 3449 337 3478 in
354 3459 409 3486 qua
428 3449 465 3480 sic
479 3449 640 3489 Deliquerit
659 3449 706 3481 seu
726 3449 926 3488 Deliquerint,
947 3449 1105 3480 secundum
1122 3451 1235 3489 exigen-

175 3488 242 3518 tiam
262 3486 371 3517 Deliffi
389 3496 438 3524 per
453 3487 542 3526 ipsum
558 3489 603 3519 vel
619 3488 688 3528 ipsos
704 3484 915 3519 commiffi'vel
935 3489 1099 3526 perpetrati:
1119 3488 1150 3519 Si
1162 3491 1233 3520 vero

175 3526 214 3556 sic
235 3524 408 3568 Delinquens
423 3526 467 3555 vel
485 3525 708 3567 Delinquentes,
725 3527 832 3566 Captus
850 3527 894 3557 vel
909 3526 994 3567 Capti
1011 3537 1071 3557 non
1089 3527 1175 3559 fuerit
1188 3537 1235 3559 aut

174 3564 294 3598 fuerint,
312 3571 343 3593 ut
360 3564 541 3606 praemittitur
555 3588 565 3603 ,
584 3565 622 3595 set
638 3567 666 3596 se
687 3566 827 3596 retraxerit
845 3565 889 3597 vel
904 3566 1066 3596 retraxerint
1082 3566 1112 3595 in
1126 3565 1234 3596 Domi-

175 3603 259 3634 nium
278 3601 359 3644 ipsius
377 3599 466 3638 Regis
483 3602 560 3640 cujus
578 3603 688 3634 Subditi
708 3604 829 3641 fuerint,
846 3603 1064 3634 Conservatores
1082 3604 1152 3634 illius
1168 3603 1235 3634 Par-

175 3642 212 3671 tis
229 3639 349 3677 requisiti
361 3640 530 3682 tenebuntur
540 3640 671 3672 Liberare
686 3641 839 3671 Personam
857 3642 903 3672 vel
923 3641 1055 3673 Personas
1074 3642 1236 3683 hujusmodi

179 3678 419 3715 Malefadwrurn,
437 3678 589 3720 puniendas
599 3703 609 3718 ,
624 3688 656 3710 ut
673 3680 819 3717 praefertur
857 3679 1110 3711 Coniervatoribus
1126 3681 1236 3712 alterius

178 3718 268 3749 Partis
289 3717 347 3760 hoc
368 3716 598 3758 requirentibus,
623 3726 670 3748 aut
691 3727 794 3748 eorum
819 3702 969 3755 Deputatis
993 3719 1024 3748 in
1048 3718 1180 3750 Marchia
1188 3721 1237 3750 ubi

179 3757 341 3795 Deliquerit
359 3754 404 3784 vel
424 3753 614 3790 Deliquerint:

218 3794 250 3825 Si
263 3795 334 3824 vero
348 3793 432 3823 iidem
447 3790 644 3822 lvlalefaetoroe
659 3792 685 3822 se
698 3793 902 3825 occultaverint
912 3794 1118 3835 ,vlatitaverinss
1135 3796 1180 3827 seu
1196 3796 1238 3827 ef-

180 3831 323 3871 fugerint,
341 3833 377 3861 ita
399 3839 428 3860 ut
449 3831 510 3868 capi
532 3839 590 3860 non
612 3830 732 3873 poffint,
751 3834 827 3869 Rex,
842 3833 922 3869 cujus
946 3832 1059 3864 Subditi
1080 3836 1240 3873 exriterint,

180 3869 265 3900 debet
278 3880 327 3901 eos
342 3879 411 3899 mox
424 3870 561 3907 perpetuo
576 3867 747 3898 Forbannire
761 3870 796 3898 ab
812 3871 946 3900 omnibus
962 3871 1048 3902 Locis
1069 3871 1123 3902 suae
1137 3872 1239 3903 Ditio-

181 3909 214 3938 ni
228 3908 373 3945 subjeetis,
392 3917 463 3946 quos
477 3915 579 3937 extunc
594 3906 673 3937 nullo
683 3916 807 3943 unquam
822 3916 950 3947 tempore
958 3909 1099 3946 restituet,
1117 3921 1171 3941 nec
1179 3921 1242 3948 per·

184 3947 279 3977 mittet
293 3946 404 3982 'ingredi
416 3945 460 3976 vel
473 3946 626 3975 inhabitare
644 3944 741 3980 Loca,
760 3953 790 3973 ut
805 3945 967 3984 praefertur,
981 3947 1163 3982 suaeDitioni
1177 3949 1242 3979 sub-

185 3985 272 4023 jeeta,
287 3984 336 4013 nisi
353 3983 548 4014 Malefatftores
562 3983 610 4021 ipsi
632 3983 706 4020 prius
721 3983 851 4012 subierint
864 3983 1007 4021 Justitiatn
1017 4008 1028 4025 ,
1047 3987 1080 4017 &
1101 3987 1242 4025 plene‘sa-

185 4022 341 4094 ruge-ceriti}
358 4022 547 4090 ai'oerlilpam’
569 4030 668 4053 contra
691 4030 776 4061 quarn
800 4020 839 4052 sic
861 4025 1087 4062 attemptaverint
1100 4046 1110 4063 ,
1132 4024 1168 4057 de
1188 4024 1244 4057 At-

243 4071 293 4092 om.
336 4081 344 4090 .
393 4082 399 4089 .
459 4081 467 4089 .

1259 169 1734 214 PUBLICA.
2257 190 2305 231 73

1248 256 1389 292 temptatis
1403 256 1579 295 hujusmodi,
1597 257 1653 287 sive
1670 256 1792 288 Deliciis
1806 266 1854 295 per
1874 259 1964 298 ipsos,
1980 267 2010 291 ut
2027 259 2188 299 praefertur,
2207 270 2303 301 perpe-
2327 258 2403 290 Ann.
2416 261 2459 293 D.

1249 294 1325 323 tratis·
1335 302 1340 321 :

2356 307 2409 337 145
2415 310 2442 335 7-

1286 329 1342 366 Et,
1361 330 1427 361 licet
1442 333 1540 370 aliquis
1561 333 1620 363 talis
1637 332 1824 371 Malefacstor,
1842 333 1880 362 fic
1900 333 2030 366 Bannitus
2048 338 2149 376 fuerit,
2166 337 2230 375 seu,
2248 338 2309 368 abs—
2327 342 2390 365 Hm.
2414 340 2441 367 6.

1248 377 1305 404 que
1327 367 1516 411 Bannitione,
1530 370 1582 408 sic,
1601 379 1631 400 ut
1653 372 1812 408 praefertur,
1839 380 1934 408 captus
1955 376 2086 412 extiterit,
2105 376 2307 406 nichilominus

1248 407 1419 448 tenebuntur
1431 407 1649 439 Conservatores
1665 409 1751 439 Partis
1765 409 1851 446 illius,
1870 410 1948 446 cujus
1962 411 2037 441 idern
2054 413 2221 445 Malefa&or
2232 415 2307 444 Sub-

1248 442 1321 474 ditus
1336 446 1484 482 extiterit,
1498 455 1624 487 reparare
1639 447 1812 486 Attemptata
1827 448 1861 477 de
1874 446 1958 477 Bonis
1966 448 2123 486 hujusmodi
2137 452 2308 483 inuenero-

1248 490 1313 511 rum
1330 483 1458 520 quatinus
1471 483 1598 514 sufficere
1619 487 1759 522 porerint3
1778 486 1797 515 fi
1813 487 1884 515 vero
1899 485 1977 516 idem
1994 486 2175 527 Milefaeroffi
2193 491 2229 520 sic
2239 501 2307 528 cap-

1249 527 1292 564 tus
1303 520 1361 550 sive
1376 520 1580 589 diprehensuS,
1598 531 1657 552 non
1676 523 1773 553 habeat
1785 525 1815 553 in
1832 522 1915 553 Bonis
1931 524 2008 554 unde
2025 525 2172 557 satisfacere
2185 530 2308 566 poterit,

1247 568 1276 588 in
1291 558 1350 590 hoc
1369 569 1401 589 ca
1415 571 1430 589 u
1446 569 1483 590 eo
1499 562 1613 599 gravius
1626 562 1754 598 punietur
1773 562 1806 591 δε
1822 561 1877 590 luet
1890 562 1920 590 in
1934 561 2082 600 Corpore:

1286 596 1343 634 Et,
1362 597 1488 642 insuper,
1507 599 1557 636 qui
1571 598 1785 640 Malesatftorem
1809 598 1969 636 hujusmodi
1985 600 2101 631 scienter
2115 605 2308 642 receptaverit,

1248 644 1298 679 aut
1310 634 1470 666 Consilium
1487 638 1514 667 ei
1526 636 1632 667 dederit
1645 640 1690 667 leu
1713 636 1736 666 F
1738 646 1868 674 avorem,
1886 637 1919 666 ad
1933 638 2051 668 eandem
2067 639 2096 668 in
2111 641 2243 670 omnibus
2257 643 2307 672 Sa-

1248 674 1439 705 tisiafflonem
1457 676 1490 707 &
1508 675 1631 706 Pcenam
1643 675 1799 712 tenebitur,
1817 674 1851 705 ad
1867 684 1950 711 quam
1966 675 2123 707 faciendam
2144 678 2176 707 &
2192 678 2308 710 subeun-

1248 711 1315 741 dam
1334 721 1473 743 teneretur
1485 713 1646 752 hujusmodi
1660 712 1846 751 Malefacstor,
1866 714 1886 742 fi
1903 713 1994 751 poffet
2009 714 2187 752 apprehendi.

1286 749 1329 780 I'r
1340 760 1358 781 E
1368 759 1413 789 M,
1433 751 1517 782 simili
1531 752 1638 790 modo,
1657 751 1876 782 Concordatum
1888 751 1928 781 est
1936 752 2016 789 qubd
2027 775 2035 789 ,
2053 753 2072 783 si
2082 775 2091 790 ,
2107 753 2208 782 eisdem
2216 753 2312 785 Treu-

1249 789 1291 827 gis
1313 788 1496 827 durantibus,
1520 791 1625 829 aliquid
1648 799 1747 821 contra
1769 790 1898 825 easdem,
1918 790 1964 820 vel
1986 791 2107 830 aliquam
2134 790 2247 821 Partem
2266 802 2311 823 ea-

1250 827 1383 871 rumdem
1392 850 1402 866 ,
1420 838 1470 868 per
1483 828 1608 860 Terram
1624 829 1679 860 sive
1693 839 1742 867 per
1758 827 1858 866 Mare,
1878 827 1941 858 fieri
1955 829 2000 858 vel
2013 830 2172 867 attemptari
2186 831 2314 869 contige-

1253 874 1307 904 rit,
1326 876 1375 904 per
1387 867 1444 897 hoc
1462 875 1557 897 tamen
1570 868 1720 905 praesentes
1733 867 1860 906 Treugae
1879 877 1940 897 non
1961 875 2041 898 erunt
2060 877 2113 898 nec
2129 867 2317 899 censebuntur

1252 912 1298 934 aut
1313 906 1514 943 reputabuntur
1528 905 1653 944 Ruptae,
1672 905 1842 944 infirmatae,
1859 905 1905 937 vel
1924 905 2102 945 Annullatae3
2119 906 2163 936 sed
2189 906 2311 937 nichilo-

1253 943 1346 973 minus
1359 944 1389 973 in
1409 944 1459 974 suo
1474 943 1595 974 Robore
1610 945 1814 983 permanebunt
1835 945 1869 974 &
1892 943 2016 982 Vigore,
2035 954 2088 974 nec
2112 943 2230 974 Guerrae
2251 944 2315 982 (nisi

1253 981 1400 1024 observata
1415 982 1508 1012 formai
1522 984 1552 1013 in
1571 984 1667 1020 primo
1683 983 1814 1013 Articulo
1832 983 1952 1022 superius
1968 984 2039 1013 inter
2060 983 2205 1021 Piincipes
2224 983 2317 1012 decla-

1253 1019 1322 1056 rata)
1343 1030 1396 1057 pro
1409 1031 1445 1050 eo
1458 1020 1515 1051 fieri
1532 1021 1638 1052 debent
1652 1022 1689 1052 ab
1703 1031 1757 1051 una
1770 1021 1852 1052 Parte
1867 1021 1914 1052 vel
1928 1022 2029 1059 altera,
2047 1031 2100 1052 nec
2120 1021 2203 1051 Prisae
2218 1021 2320 1051 Perso-

1256 1066 1355 1100 narum
1364 1080 1373 1096 ,
1393 1069 1446 1089 nec
1459 1059 1658 1090 Distrietiones
1671 1069 1716 1090 aut
1729 1059 1884 1097 Captiones
1897 1059 2060 1097 Bonorum,
2077 1069 2131 1090 nec
2147 1059 2319 1090 Obsidiones

1255 1093 1394 1126 Villarum
1409 1106 1456 1127 aut
1469 1097 1637 1129 Castrorum
1652 1099 1709 1129 five
1727 1098 1952 1136 Fortalitiorum,
1970 1108 2024 1128 nec
2033 1098 2214 1136 Homicidia,
2232 1097 2318 1127 Mur·

1256 1132 1342 1164 drave
1363 1145 1570 1174 quaecumque,
1594 1138 1623 1166 in
1649 1137 1822 1167 contrarium
1847 1136 2078 1174 Praemissorum,
2096 1147 2110 1166 a
2132 1146 2260 1174 quocum
2283 1146 2319 1167 ue

1256 1174 1416 1209 attemptari
1437 1174 1492 1203 live
1505 1176 1669 1214 committi,
1687 1175 1725 1206 set
1746 1176 1945 1213 reparabuntur
1961 1177 1994 1206 &
2018 1185 2188 1212 reponentur
2206 1176 2234 1204 in
2256 1146 2320 1205 §ta-

1257 1218 1320 1240 tum
1343 1211 1492 1248 pristinum
1515 1215 1548 1242 &
1570 1214 1697 1244 debitum
1719 1213 1862 1244 Maleficia
1885 1214 1919 1245 &
1946 1213 2122 1250 Attemptata
2143 1213 2323 1252 hujusmodi,

1257 1259 1372 1293 necnon
1389 1248 1544 1288 Interprisae
1559 1262 1765 1291 quaecumque,
1783 1262 1832 1292 per
1857 1251 2080 1282 Conservatores
2096 1251 2130 1281 &
2148 1251 2325 1281 Commissa-

1259 1297 1314 1317 rios
1330 1287 1399 1317 illius
1412 1288 1498 1331 Partis
1519 1291 1597 1327 cujus
1620 1291 1732 1321 Subditi
1746 1291 1784 1321 sic
1804 1291 2048 1329 attemptaverint,
2065 1289 2256 1326 offenderint,
2274 1291 2320 1320 seu.

1261 1326 1472 1366 malefecerint,
1490 1326 1549 1366 Qii
1567 1331 1634 1358 vero
1649 1330 1844 1360 contrafecerit
1864 1329 2023 1367 (videlicet,
2044 1328 2200 1358 Movendo
2224 1328 2320 1358 Guer-

1260 1374 1335 1402 ram,
1353 1374 1540 1403 praeterquam
1552 1367 1581 1408 in
1598 1367 1689 1396 forma
1701 1367 1823 1404 superius
1844 1367 1968 1405 recitata)
1989 1368 2045 1398 1ive
2063 1367 2254 1404 Obiedendo,
2271 1365 2321 1396 In-

1259 1402 1408 1440 vadendo,
1425 1413 1471 1434 aut
1485 1404 1634 1441 Capiendo
1650 1404 1737 1435 Villas
1753 1406 1797 1436 vel
1820 1405 1975 1443 Fortalitia,
1992 1416 2039 1436 aut
2056 1406 2187 1436 faciendo
2209 1405 2320 1435 Homi-

1259 1442 1332 1471 cidia
1348 1442 1404 1471 sive
1421 1441 1558 1480 Murdra,
1575 1452 1688 1482 propter
1700 1443 1812 1481 aliquod
1833 1444 2040 1482 Attemptarum
2062 1455 2096 1474 ex
2119 1443 2199 1474 Parte
2221 1446 2320 1482 altera,

1259 1489 1307 1510 aut
1331 1489 1445 1518 propter
1470 1481 1676 1512 Auctoritatem
1699 1482 1731 1512 ὃς
1754 1482 1913 1513 Decretum
1936 1482 2166 1520 Consewaroris,
2189 1482 2320 1513 faciendo

1259 1518 1345 1548 Prisas
1360 1518 1545 1549 Personarum
1561 1520 1607 1550 vel
1629 1519 1836 1550 Destrie‘tiones
1858 1520 1903 1550 seu
1924 1519 2078 1557 Captiones
2101 1521 2267 1557 Bonorum,
2284 1530 2321 1551 eo

1259 1557 1320 1596 ipso
1335 1557 1417 1588 cadat
1432 1568 1448 1588 a
1461 1557 1550 1588 Causa
1564 1558 1627 1596 sua,
1646 1560 1678 1590 &
1694 1559 1895 1589 nichilominus
1910 1562 1924 1575 '⁵
1943 1560 2075 1595 punietur
2091 1560 2245 1589 secundum
2256 1559 2321 1589 De-

1260 1595 1322 1626 listi
1335 1595 1375 1626 sui
1389 1596 1574 1635 exigentiam,
1592 1606 1638 1627 aut
1655 1596 1778 1627 restituet
1796 1598 1828 1627 &
1847 1597 1983 1636 reparabit
1997 1597 2074 1627 alteri
2092 1597 2168 1628 Parti
2187 1607 2275 1628 omne
2288 1598 2322 1628 il-

1260 1634 1307 1664 lud
1322 1635 1352 1664 in
1370 1644 1428 1673 quo
1443 1645 1505 1665 eam
1520 1636 1588 1665 laelit
1600 1636 1633 1667 &
1649 1637 1725 1676 cepit
1739 1637 1774 1666 ab
1791 1634 1898 1665 eadem.

1298 1672 1343 1703 Ιτ
1353 1682 1371 1703 ε
1383 1681 1429 1711 M,
1447 1672 1666 1705 Concordatum
1679 1674 1720 1704 est
1730 1697 1739 1711 ,
1757 1674 1838 1704 simili
1851 1673 2046 1712 modo,quod
2055 1697 2064 1712 ,
2077 1673 2113 1712 fi,
2126 1674 2246 1712 Treugis
2253 1684 2324 1714 prae-

1262 1711 1343 1742 dietis
1364 1712 1546 1751 durantibus,
1569 1714 1666 1751 aliquis
1687 1713 1873 1744 Subditorum
1894 1713 1974 1743 unius
1998 1712 2127 1742 Partium
2148 1713 2193 1743 vel
2213 1714 2324 1744 alterius

1262 1749 1419 1781 Contrahat
1434 1752 1478 1782 vel
1495 1751 1589 1791 quali,
1607 1752 1652 1783 seu
1670 1750 1824 1791 Delinquat
1839 1751 1882 1781 vel
1892 1751 1984 1788 quasi,
2004 1750 2326 1790 infraRegnum,Ter-

1262 1799 1324 1819 ram
1334 1812 1344 1827 ,
1363 1789 1420 1820 sive
1433 1789 1608 1820 Dominium
1623 1791 1694 1820 illius
1706 1789 1794 1820 Partis
1810 1790 1890 1828 cujus
1901 1789 2080 1820 Contrahens
2093 1790 2137 1819 vel
2148 1789 2327 1828 Delinquens

1261 1827 1303 1857 est
1316 1827 1469 1866 Subditus,
1487 1829 1519 1860 δε
1534 1838 1655 1867 eittunc,
1669 1828 1751 1859 causi
1763 1828 2048 1867 VitandiJustitiam,
2067 1828 2094 1858 se
2110 1829 2272 1859 subtraxerit
2286 1830 2321 1859 &

1260 1865 1376 1905 effugiat
1390 1868 1419 1896 in
1439 1866 1554 1898 Locum
1574 1877 1788 1906 quemcumque
1808 1867 1959 1897 Subditum
1976 1867 2034 1896 live
2054 1866 2224 1904 subjeetum
2246 1867 2324 1897 alteri

1261 1914 1295 1935 ex
1309 1905 1411 1936 eisdem
1431 1904 1559 1937 Partibus
1571 1906 1651 1944 cujus
1671 1906 1804 1936 Subditus
1818 1915 1876 1935 non
1895 1906 2041 1943 extiterat,
2058 1905 2090 1935 &
2104 1906 2170 1935 illuc
2195 1905 2325 1937 deveniat

1261 1943 1368 1974 Homo
1387 1944 1490 1982 Ligeus
1507 1945 1578 1975 illius
1591 1944 1694 1981 Partis,
1712 1944 1911 1974 nichilominus
1932 1943 2119 1981 compelletur
2138 1943 2171 1973 ad
2189 1943 2324 1982 Respon-

1259 1982 1405 2020 dendum,
1423 1983 1456 2013 &
1470 1981 1720 2021 Satisfaciendum,
1739 1993 1771 2013 ac
1787 1982 1972 2013 Subeundum
1985 1981 2141 2020 justitiam,
2157 1981 2192 2012 de
2214 1982 2326 2013 Debito

1261 2021 1317 2051 five
1342 2020 1461 2051 Delfflo
1481 2021 1529 2051 suo
1551 2021 1731 2059 hujusmodi,
1755 2031 1852 2051 coram
1871 2020 2123 2051 Conservatoribus
2142 2020 2328 2059 Tre-agarum

1262 2059 1402 2098 utriusque
1420 2061 1523 2097 Partis,
1542 2060 1597 2091 sive
1618 2070 1719 2090 eorum
1741 2059 1906 2097 Deputatis,
1925 2060 2007 2098 aeque
2031 2067 2060 2088 ut
2079 2059 2270 2089 Satisfac'tums
2290 2060 2325 2090 &-

1262 2098 1409 2129 Subiturus
1424 2098 1518 2129 fuiffet
1533 2099 1552 2129 fi
1564 2097 1758 2137 permansisset
1771 2098 1821 2128 sub
1836 2098 1906 2128 Fide
1921 2098 1954 2129 ὃς
1970 2097 2118 2135 Ligenntia
2138 2097 2221 2135 ipsius
2237 2097 2326 2130 Partis

1262 2137 1343 2176 cujus
1356 2137 1479 2168 Terram
1496 2138 1530 2168 &
1546 2137 1718 2168 Dominium
1734 2136 1848 2175 effugit:
2073 2156 2080 2162 ‚

1300 2176 1330 2206 Si
1347 2177 1417 2206 vero
1431 2176 1462 2206 in
1475 2175 1530 2206 sola
1542 2176 1618 2215 Fuga
1634 2175 1800 2214 persteterit,
1817 2185 1870 2205 nec
1883 2174 2025 2206 devenerit
2039 2173 2143 2205 Homo
2164 2174 2266 2213 Ligeus
2287 2175 2330 2205 il«

1261 2214 1314 2244 lius
1326 2213 1415 2246 Partis
1427 2215 1457 2243 in
1472 2215 1551 2252 cujus
1562 2216 1682 2245 Terram
1700 2213 1814 2252 effugit,
1831 2224 1867 2244 eo
1880 2213 1956 2244 Casu
1976 2214 2129 2245 remittetur
2149 2213 2182 2243 ὅ(
2197 2212 2325 2244 restitue-

1263 2262 1308 2284 tur
1321 2254 1362 2284 illi
1374 2252 1451 2283 Parti
1464 2254 1543 2292 cujus
1560 2253 1662 2292 Ligeus
1676 2254 1710 2284 δε
1729 2252 1880 2291 SubjecTtus
1895 2253 2002 2291 fuerat,
2017 2262 2070 2290 pro
2085 2251 2198 2290 Justitia
2216 2251 2252 2283 de
2271 2261 2325 2290 e0,

1262 2301 1347 2330 prout
1362 2291 1411 2321 sibi
1428 2292 1583 2330 videbitur,
1601 2291 1738 2323 faciendi.

1302 2330 1333 2361 Si
1347 2332 1418 2361 vero
1433 2331 1527 2369 aliquis
1550 2330 1737 2361 Subditorum
1759 2331 1841 2360 unius
1857 2329 1982 2360 Patrium
1998 2328 2197 2367 praedi'Ciarum
2218 2329 2244 2359 se
2260 2328 2324 2359 sub-

1263 2369 1352 2400 trahat
1374 2370 1403 2398 in
1424 2367 1565 2406 Regnum
1590 2369 1636 2400 seu
1662 2368 1835 2399 Dominium
1859 2368 1986 2406 alterius,
2005 2377 2138 2406 tanquam
2162 2367 2326 2406 fugitivus,

1264 2406 1414 2445 Proditor,
1434 2408 1467 2438 &
1488 2407 1631 2445 Rebellis,
1650 2408 1683 2438 &
1701 2406 1808 2438 ibidem
1827 2407 1976 2444 reperiatur
1995 2406 2046 2437 sub
2067 2406 2261 2437 Affecurantia
2278 2414 2327 2437 aut

1264 2445 1350 2476 Salvo
1363 2445 1520 2476 conductu
1529 2469 1539 2484 ,
1558 2445 1623 2476 Pars
1636 2446 1699 2483 illa,
1714 2446 1760 2475 seu
1775 2445 1934 2476 Gardianus
1950 2443 1995 2474 vel
2016 2445 2174 2484 Deputatus
2186 2445 2328 2482 ejusdem,

1265 2485 1294 2514 in
1308 2485 1386 2521 cuius
1400 2484 1506 2522 Regno
1521 2486 1565 2515 seu
1580 2484 1724 2515 Dominio
1734 2484 1897 2521 hujusmodi
1918 2483 2066 2520 Fugitivus
2086 2483 2131 2513 seu
2155 2483 2329 2514 Malefaetor

1260 2532 1419 2561 receptatur
1435 2524 1469 2554 ὃς
1487 2524 1671 2560 allecuratur,
1689 2523 1832 2562 requiiitus
1850 2521 1932 2560 super
1946 2522 2004 2551 hoc
2029 2532 2077 2560 per
2091 2522 2173 2552 aliam
2194 2521 2328 2560 Partem,

1265 2560 1463 2599 Gardianum,
1479 2561 1525 2592 seu
1539 2561 1718 2599 Deputatum
1734 2561 1874 2599 ejusdem,
1892 2560 2048 2598 tenebitur,
2067 2560 2141 2590 infra
2150 2560 2328 2599 Quadragin-

1264 2609 1290 2630 ta
1307 2600 1378 2631 Dies
1398 2600 1462 2637 post
1477 2599 1706 2639 Requisitionem
1728 2600 1887 2638 sequenteS,
1904 2608 2026 2628 omnem
2054 2598 2276 2629 Affecurantiam
2293 2599 2328 2629 &

1263 2637 1381 2670 Salvum
1405 2637 1594 2670 ConduStum
1611 2638 1770 2676 hujusmodi
1790 2637 1927 2675 Fugitivo
1946 2636 2097 2668 concessos
2119 2637 2275 2675 annullare,
2293 2638 2328 2668 &

1264 2676 1371 2715 ipsum,
1387 2686 1418 2707 ut
1425 2677 1595 2714 superiusest
1603 2675 1991 2715 cxpi·essum,Remittere&
2002 2675 2166 2706 Destinare:
2187 2677 2332 2715 &quarn-

1266 2725 1351 2753 quam
1365 2716 1425 2747 talis
1439 2715 1571 2747 Proditor
1587 2725 1633 2746 aut
1648 2714 1774 2745 Rebellis
1786 2714 1888 2745 offerat
1903 2715 1928 2744 ei
1939 2736 1948 2751 ,
1965 2714 2000 2745 ad
2016 2722 2103 2753 quem
2117 2715 2205 2745 taliter
2221 2713 2330 2744 subter-

1265 2755 1348 2793 fugit,
1368 2754 1566 2793 Juramentum
1584 2754 1739 2793 Ligeantiae
1757 2753 1802 2784 seu
1817 2753 1986 2790 Fidelitatis,
2004 2753 2033 2782 in
2048 2753 2106 2783 hoc
2121 2752 2192 2783 Casu
2210 2763 2268 2783 non
2289 2762 2331 2782 re-

1266 2794 1385 2830 cipietur
1410 2793 1444 2823 ad
1467 2793 1641 2832 Ligeantiam
1667 2791 1949 2836 seu-juramentum,
1969 2791 2116 2829 quousque
2136 2791 2328 2830 Quadraginta

1267 2830 1337 2862 Dies
1348 2831 1414 2876 lapsi
1427 2832 1530 2864 fuerint
1544 2831 1610 2870 post
1624 2830 1810 2862 oblationem
1824 2829 2154 2869 hujusmodiJuratnenti
2166 2831 2198 2861 &
2211 2829 2341 2868 Ligeanm

1279 2871 1294 2899 i*
1355 2871 1361 2884 ⁸
1537 2894 1544 2902 .

1267 2879 1277 2901 t
1291 2879 1421 2940 {2¹33}
1428 2871 1536 2947 ,fagiiirirl‘i
1550 2909 1656 2948 modo,
1673 2907 1892 2940 Concordatum
1905 2906 1954 2952 est·
1962 2906 2058 2946 quod,
2074 2906 2237 2937 durantibus
2259 2916 2331 2945 prae-

1266 2946 1388 2978 sentibus
1402 2948 1541 2987 Treugis,
1560 2958 1619 2978 non
1635 2947 1818 2980 admittentur
1832 2957 1885 2977 uec
1899 2947 2070 2986 recipientur
2083 2946 2118 2976 ad
2130 2945 2256 2983 Officia,
2274 2954 2342 2975 nec·

1267 2987 1347 3023 super
1362 2986 1495 3025 Assisam,
1515 2996 1568 3016 nec
1584 2987 1618 3017 ad
1635 2986 1847 3017 Perhibendum
1861 2984 2094 3022 Testimonium,
2110 2983 2239 3015 Person-az
2255 2983 2342 3013 [υἱὲ--

1267 3034 1345 3062 mes,
1365 3024 1515 3062 Rebelles,
1534 3025 1673 3064 Fugitivi,
1692 3024 1871 3060 Proditores,
1890 3024 1972 3053 unius
1987 3022 2076 3053 Partis
2090 3023 2134 3053 vel
2148 3023 2329 3059 alteriuS,aut

1268 3064 1399 3094 convicti
1416 3073 1464 3101 per
1486 3062 1626 3102 Affisam,
1643 3063 1680 3093 set
1705 3062 1798 3101 Boni,
1816 3062 1943 3100 Fideles,
1961 3062 1993 3093 &
2011 3060 2103 3100 Justi,
2120 3061 2276 3099 Fidedigni,
2295 3060 2340 3090 ὅς·

1267 3111 1326 3131 non
1340 3101 1472 3139 suspectae
1485 3101 1624 3131 Personae.

1304 3138 1350 3169 Ιτ
1361 3148 1433 3178 ΕΜ,
1451 3139 1533 3170 simili
1549 3139 1654 3178 modo,
1674 3138 1892 3170 Concordatum
1901 3137 1942 3170 est
1956 3138 2052 3176 quod,
2067 3135 2328 3168 durantibusTreu·

1268 3179 1310 3216 gis
1326 3178 1504 3216 hujusmodi,
1523 3178 1612 3208 nullus
1631 3180 1712 3208 unius
1729 3178 1820 3208 Partis
1834 3177 1877 3209 vel
1898 3178 2006 3208 alterius
2025 3177 2194 3213 ingrediatur
2209 3175 2329 3212 Terras,

1271 3217 1389 3255 Boscos,
1406 3217 1556 3253 Nemora,
1571 3216 1711 3254 Potestas,
1725 3216 1903 3254 warennas,
1922 3216 2018 3253 Loca,
2036 3214 2172 3245 Dominia
2181 3221 2329 3256 quaecum-

1271 3265 1327 3293 que
1341 3256 1457 3294 alicujus
1471 3255 1582 3286 Subditi
1594 3256 1703 3286 alterius
1712 3255 1814 3294 Partis,
1833 3254 1926 3285 Causa
1933 3253 2083 3289 Venandi,
2103 3251 2228 3295 Piscandi
2239 3273 2248 3289 ,
2265 3250 2329 3280 Au-

1270 3295 1409 3333 cupandi,
1427 3294 1593 3333 Disportum
1606 3302 1652 3324 aut
1667 3293 1804 3324 Solatium
1819 3294 1848 3324 in
1863 3293 1966 3324 eisdem
1984 3289 2254 3326 Exercenui,al1ave
2262 3299 2331 3330 qua-

1270 3342 1394 3372 cumque
1408 3332 1443 3364 de
1459 3332 1569 3370 Causa,
1584 3332 1687 3370 absque
1708 3332 1841 3363 Licentia
1859 3332 1918 3369 ejus
1940 3335 1985 3360 vel
2005 3338 2104 3359 eorum
2125 3330 2159 3358 ad
2180 3330 2330 3371 quem-seu-

1270 3381 1340 3410 quos
1357 3372 1473 3402 Locum
1492 3372 1535 3401 vel
1551 3372 1629 3402 Loca
1644 3370 1699 3408 ipsa
1714 3372 1833 3408 pertinet
1845 3370 1890 3400 seu
1906 3370 2068 3409 pertinent,
2079 3374 2125 3395 aut
2141 3365 2276 3403 Deputati
2290 3370 2330 3409 lui

1271 3409 1359 3450 peritii
1377 3410 1507 3448 primitus
1521 3410 1554 3440 ὃ(
1576 3409 1710 3447 optenta,
1726 3410 1775 3446 &,
1794 3409 1814 3439 si
1837 3410 1980 3445 contingat
1998 3404 2098 3435 Bestias
2120 3402 2164 3434 seu
2188 3404 2330 3434 Animalia

1270 3449 1386 3488 alicujus
1409 3449 1518 3479 Subditi
1542 3449 1649 3479 alterius
1671 3447 1797 3478 Patrium
1820 3446 2014 3484 praedietarum
2035 3441 2183 3480 fundum,
2201 3443 2333 3481 Agrum,

1270 3488 1409 3519 Solumve
1432 3486 1544 3517 Subditi
1565 3486 1673 3517 alterius
1688 3485 1775 3516 Partis
1788 3484 1910 3523 ingredi,
1929 3483 1960 3512 ὅ(
1984 3480 2115 3511 Granum
2130 3489 2178 3511 aut
2193 3480 2342 3511 Herbatnv

1269 3526 1376 3557 ibidem
1394 3525 1565 3556 crescentem
1583 3524 1745 3562 depascere,
1764 3524 1854 3554 aliove
1870 3521 1961 3550 modo
1979 3519 2038 3557 illi,
2054 3519 2134 3556 qu'us
2155 3518 2196 3549 est
2211 3519 2330 3555 Solum,

1269 3565 1403 3603 Iiijuriam
1422 3563 1477 3593 sive
1492 3562 1663 3602 Dampnurn
1679 3562 1779 3591 inferre
1789 3583 1799 3598 ,
1815 3558 1893 3600 quod
1906 3557 1940 3587 ad
1955 3557 2012 3587 hoc
2029 3566 2126 3601 neutra
2139 3556 2329 3601 Partiumhu·

1267 3603 1389 3642 jusmodi
1404 3601 1572 3638 Dampniim
1591 3602 1647 3632 sive
1668 3597 1887 3638 Injuriam,-libi
1908 3595 1980 3626 faeta
2014 3605 2127 3634 propria
2150 3596 2329 3627 Auc'toritate

1272 3642 1439 3677 ulciscatur,
1457 3639 1493 3669 set
1514 3639 1581 3668 illud
1598 3638 1801 3671 malefactum,
1819 3634 1972 3665 secundum
1989 3618 2100 3672 Legem
2119 3634 2152 3664 &
2169 3633 2330 3664 Consuetu-

1272 3681 1386 3717 dinem,
1405 3677 1559 3707 observatas
1576 3678 1606 3706 in
1624 3675 1753 3705 Partibus
1770 3675 1819 3704 ubi
1834 3672 2004 3709 Dampnum
2018 3673 2052 3703 &
2065 3672 2168 3710 injuria
2181 3673 2242 3703 talia
2256 3672 2341 3705 faCta‘

1272 3718 1354 3755 sunt,
1374 3714 1554 3747 effectualiter
1571 3713 1765 3743 emendabitur
1777 3720 1807 3741 ut
1820 3710 1862 3741 est
1871 3710 1995 3754 justum:
2122 3749 2128 3754 ι

1312 3755 1385 3786 Iri:
1396 3763 1443 3792 M,
1460 3762 1490 3783 ut
1502 3753 1626 3789 Treugae
1644 3750 1807 3789 supradictae
1827 3759 1865 3779 eo
1883 3747 1992 3780 firmius
2012 3749 2046 3780 &
2062 3749 2160 3780 melius
2179 3748 2330 3779 observen-

1273 3791 1336 3832 tur,
1354 3804 1413 3832 quo
1429 3792 1545 3822 cuilibet
1565 3799 1598 3819 ex
1619 3787 1744 3819 Subditis
1764 3787 1891 3818 Partiuin
1912 3787 2110 3827 praedi&arum
2132 3786 2331 3824 Conquexenti

1272 3833 1387 3863 liberior
1400 3838 1490 3869 pateat
1504 3828 1617 3859 facultas
1628 3825 1770 3865 justitiam
1805 3825 1970 3864 resequendi
1983 3849 1993 3864 ,
2011 3825 2182 3855 Ordinatum
2198 3826 2231 3856 &
2245 3824 2345 3856 Con-=

1275 3871 1425 3902 cordatum
1440 3867 1481 3898 est
1493 3866 1572 3906 quod
1582 3888 1590 3902 ,
1605 3865 1625 3894 fi
1639 3865 1700 3904 quis
1721 3874 1756 3895 ex
1798 3864 1902 3896 ubditis
1919 3866 2028 3896 alterius
2043 3863 2167 3894 Partium
2182 3863 2333 3900 praedidta-

1275 3919 1340 3940 rum
1358 3908 1510 3945 quicquam
1526 3902 1711 3940 Depraedatus
1725 3903 1808 3934 fuerit
1820 3903 1865 3933 seu
1885 3902 2087 3940 attemptaverit
2100 3901 2170 3943 infra
2187 3900 2348 3942 Marchias3

1277 3957 1323 3978 aut
1341 3947 1460 3976 Terram
1472 3943 1579 3973 alterius
1590 3941 1698 3978 Partis,
1715 3943 1749 3972 &
1763 3941 1827 3979 post
1841 3940 2092 3979 Depraedationem
2113 3939 2274 3976 hujusmodi
2286 3941 2335 3972 seu

1279 3987 1486 4021 Attemptatum
1509 3980 1647 4018 fugiendo
1661 3988 1812 4011 revertatur
1834 3980 1869 4011 ad
1891 3977 2034 4009 Marchias
2054 3985 2101 4007 aut
2122 3976 2244 4009 Terram
2266 3979 2338 4010 illius

1278 4024 1368 4056 Partis
1382 4021 1459 4061 cujus
1477 4019 1518 4050 est
1534 4017 1685 4058 Subditus,
1702 4019 1799 4087 licer<it
1813 4017 1868 4056 illi,
1885 4025 1986 4058 contra
1999 4024 2085 4054 quem
2100 4014 2138 4048 sie
2154 4025 2340 4087 attetnptag-

2331 4077 2343 4095 2

2344 1555 2360 1571 ¹³
2380 1556 2434 1585 XI.

2345 1603 2409 1631 394·
