2555 4266
63 2444 79 2459 ⁸
88 2437 174 2470 xiii.

714 185 824 229 ET
908 188 1177 231 ACTA
1262 171 1744 239 PUssnLICA.

8 265 142 342 A1n5rgzD.
167 271 231 301 kam
248 272 276 302 in
292 271 466 309 Episcopum
483 271 713 304 Londoniezisetn
730 273 880 312 mestum,
901 274 1139 312 Ambaffiatores,
1157 273 1229 303 Pro-
1266 278 1312 299 aut
1327 270 1570 312 Attemptatorum
1593 273 1736 304 fafitorum
1756 274 1801 304 vel
1828 274 1987 307 fiendorum
2003 299 2012 314 ‚
2037 275 2083 307 vel
2103 277 2160 307 alio
2181 277 2271 309 modo
2293 287 2328 310 ex
2354 270 2483 304 ΑΒΗ-Π

11 348 73 372 Hen.
96 353 122 378 7·
163 349 274 387 jusdem
290 351 367 384 Regis
382 347 496 383 Anglrae
513 348 655 380 Carissimi
673 350 770 381 Fratris
783 353 815 382 δε
830 351 1042 389 Consanguinci
1055 351 1162 387 nostri,
1175 358 1229 386 pro

169 319 326 347 curatores,
346 309 480 338 Oratores
498 334 507 348 ,
523 310 761 350 Commisiarios,
786 313 961 351 Deputatos,
987 314 1019 343 δε
1042 313 1180 343 Nuncios
1199 321 1230 340 e-

168 387 272 417 eodem
289 384 510 423 consanguineo
524 387 638 425 nostr0,
655 388 770 426 Terris,
788 390 903 427 Patriis,
919 389 1080 426 Dominiis,
1097 388 1232 424 Subditis,

168 425 292 462 Incolis,
311 423 453 463 Vaffalh's,
473 425 617 465 Alligatis,
635 427 668 457 &c
684 427 898 458 Confoederatis
912 427 981 464 suis,
999 426 1128 457 Partibus
1144 435 1178 456 ex
1192 425 1230 455 al-

165 471 222 494 tera

201 487 377 539 Ja'mpridem
408 501 542 532 hincinde
562 502 805 540 Communicam,
829 503 966 533 Tradita
982 525 991 539 ‚
1018 501 1232 542 Appundkuata,

171 538 341 575 Conventa,
360 539 508 577 Percussa,
527 540 710 572 Concordata
722 543 826 572 fuerint
847 542 880 571 &
905 539 1049 570 Conclusa
1066 564 1075 579 ,
1100 540 1180 570 sicuti
1204 540 1232 568 in

173 576 274 607 Literis
289 576 402 614 desuper
416 579 556 610 conferitis
574 579 681 617 plenius
695 588 805 619 apparet
816 580 849 609 ὃς
864 578 1025 608 continetur
1035 601 1044 616 ,

329 654 462 694 §Quarum
474 658 646 685 Litterarum
660 658 745 685 Tener
752 655 878 696 sequitur
892 654 931 689 όν
946 654 982 694 est
996 655 1071 685 talis.

211 731 444 764 UNivERsx
458 741 470 762 s
490 740 541 761 ET
562 739 726 769 SING-UL
740 741 793 769 is,
811 731 845 761 ad
871 741 996 770 quorum
1017 731 1144 761 Notitias
1187 739 1239 759 rae-

174 769 262 800 sentes
281 770 398 801 Litterae
412 771 605 809 pervenerint,
622 770 740 798 Karalus
754 770 885 809 Somerset
907 779 978 800 umis
1001 770 1132 800 Militum
1185 768 1240 798 rdi-

176 810 219 838 nis
233 808 355 839 Garterii
369 819 402 839 ac
417 818 488 838 unus
504 807 733 837 Camerariorum
751 809 782 837 &
797 809 966 846 Capitaneus
981 808 1088 838 Gardae
1111 807 1242 847 Illustris-

169 845 234 887 finti
250 849 327 884 Regis
341 845 467 884 Angliae,
486 855 519 875 ac
536 844 673 880 R‘Iazister
687 848 728 875 W
729 846 851 876 illielmus
876 846 1010 877 Warham
1034 848 1062 876 in
1084 848 1240 885 Epist-opum

178 885 302 915 London.
321 885 451 921 Eleates,
470 882 696 922 Ambassiatotes,
715 885 927 922 Procuratores,
947 884 1091 922 Oratores,
1104 884 1242 916 &Com-

177 923 293 953 missarii
308 925 337 953 in
353 924 405 952 hac
424 930 499 959 parte
515 921 686 952 Sereniffimi
704 933 735 952 ac
759 923 985 954 Metuendiffimi
1010 922 1134 953 Domini
1154 922 1243 952 nostri

183 961 312 998 Supremi
325 963 456 998 Henrici,
476 959 535 990 Dei
547 960 650 1000 gratia,
665 964 743 999 Regis
759 962 873 999 Angliae
889 960 927 997 &¹
943 964 1064 992 Franci-e
1079 960 1117 996 &²
1130 964 1241 991 Domini

179 1000 336 1037 Hiberniae,
356 999 491 1029 Salutem.

221 1037 321 1068 Sciatis
332 1038 412 1077 quod
427 1037 511 1076 Nos,
530 1047 583 1076 pro
599 1036 681 1068 dieto
697 1037 879 1069 Sereniffimo
898 1039 1033 1077 Principe
1059 1038 1156 1069 nostro
1177 1041 1244 1067 An-

179 1075 244 1113 gliae
257 1078 325 1113 Rege
339 1076 502 1113 antedicto,
519 1076 625 1115 suisque
641 1076 810 1107 Haeredibus
826 1079 858 1108 δε
877 1077 1086 1108 Successoribus
1121 1085 1203 1114 atque
1217 1086 1246 1106 e-

183 1117 228 1152 jus
243 1115 276 1144 &
287 1123 389 1145 eorum
398 1115 532 1147 Nomine
547 1116 580 1147 &
595 1115 789 1154 Anerorirate,
809 1115 910 1146 Nobis
922 1118 958 1146 ab
973 1116 1075 1146 eodem
1090 1101 1176 1152 kege
1191 1121 1252 1144 ‘no-

186 1152 248 1182 stro
261 1162 309 1190 per
323 1154 442 1185 Litteras
460 1153 517 1184 suas
530 1153 659 1184 Patentes
672 1154 825 1184 commissa
844 1155 987 1193 (quarum
1006 1155 1108 1184 Tenor
1132 1154 1252 1184 inferitis

188 1191 327 1229 seqwtur)
346 1202 415 1222 cum
431 1193 645 1224 Venerabilibus
661 1192 752 1230 Viris,
772 1192 891 1222 Cornelio
904 1193 936 1221 de
948 1196 1043 1229 Bergis
1056 1194 1143 1223 Aurei
1159 1192 1184 1222 V
1187 1192 1252 1221 elle-

189 1231 226 1259 ris
243 1230 356 1267 Milite,
377 1230 512 1261 Domino
529 1230 697 1268 Temporali
711 1231 746 1260 de
766 1231 859 1261 Melin
875 1232 908 1262 &
924 1231 1134 1270 Zenenberghe
1150 1229 1256 1260 Mares-

189 1268 262 1298 callo
275 1267 450 1299 illustrissimi
470 1269 612 1306 Principis
636 1268 759 1299 Domini
781 1269 903 1338 Philzpss·
923 1270 1085 1299 Archia'ucis
1113 1267 1254 1307 Austriae,

188 1309 307 1336 Henrico
325 1308 356 1336 de
371 1309 486 1337 W-ttem
503 1307 598 1338 Milite
620 1307 708 1339 Aurei
732 1307 850 1338 Velletis
905 1309 1006 1338 oimno
1031 1308 1198 1346 Temporali
1219 1307 1254 1337 de

188 1345 304 1378 Berssell
318 1346 517 1377 Gubernatore
529 1346 652 1376 Domini
669 1345 766 1375 Karoli
781 1349 865 1376 Ducis
881 1346 1197 1388 Lucemburge7fis,&c.
1222 1346 1255 1375 &

190 1384 297 1424 Judoco
309 1386 400 1413 Prant
415 1385 526 1421 Milite,
541 1384 676 1415 Domino
691 1384 856 1422 Temporali
870 1384 905 1414 de
925 1384 1060 1415 Blaesbelt
1075 1408 1083 1423 ,
1102 1383 1258 1415 Ambassia-

188 1424 316 1461 toribus,
334 1423 581 1460 procuratoribus,
600 1423 785 1461 Oratoribus,
810 1426 843 1455 δε
862 1422 1068 1454 Commiffiriis
1082 1422 1259 1454 Sacratiffimi

193 1462 333 1498 Principis
346 1463 539 1491 Maximiliani
552 1465 731 1492 Romanorum
748 1465 825 1499 Regis
829 1462 935 1502 semper
958 1461 1077 1501 Augusti
1099 1462 1261 1491 Archiducis

195 1500 336 1539 Aussriae,
352 1499 413 1534 &a
432 1501 466 1531 ad
483 1501 655 1538 infrascripta
669 1511 718 1538 per
739 1502 821 1539 ipsius
842 1504 921 1538 Regis
941 1503 1121 1530 Romanorum
1144 1501 1261 1530 Litteras

194 1539 326 1570 Patentes
343 1539 489 1576 Deputatis
505 1543 647 1577 (quarum
660 1540 746 1569 etiarn
761 1539 874 1570 inferitis
894 1538 996 1569 Tenor
1016 1539 1159 1576 sequitur)
1178 1536 1260 1568 Con-

194 1578 342 1615 venimus,
360 1577 582 1615 Contraximns‚
600 1578 633 1608 &
653 1576 874 1615 Concidimus,
892 1587 925 1607 ac
940 1587 988 1616 per
1003 1576 1155 1607 Praesentes
1178 1575 1260 1606 Con-

194 1617 342 1653 venimus,
361 1615 579 1654 Contrahimus,
595 1617 628 1648 δε
645 1615 858 1646 Concludimus
872 1625 972 1646 ornnes
987 1616 1020 1647 &
1035 1615 1155 1654 singulos
1178 1613 1261 1645 Mer-⁴

194 1656 276 1686 cium
288 1655 322 1685 &
335 1653 579 1686 Mercandisarum
591 1653 766 1686 Intercurssis
779 1653 924 1693 sequentes
939 1653 1094 1693 Armenios,

231 1729 307 1764 INP
316 1741 340 1764 R
352 1743 364 1763 1
376 1735 405 1765 'M
415 1744 429 1764 1
439 1744 469 1770 s,
486 1732 695 1770 Conventu'm,
714 1731 952 1771 concordatum,
968 1734 1001 1765 &
1023 1730 1203 1763 Conclusum
1222 1730 1264 1762 est

197 1773 282 1810 quod
297 1781 398 1802 ornnes
410 1773 444 1803 δε
459 1771 557 1810 singuli
571 1771 748 1801 Mercatores
771 1771 867 1811 Regni
888 1772 999 1811 Angliae
1013 1796 1022 1810 ,
1047 1772 1179 1803 Dominii
1208 1770 1264 1801 Hi—

199 1811 323 1848 berniae,
339 1810 424 1841 Villae
439 1811 472 1841 &
489 1810 687 1840 Merchiarum
704 1809 823 1848 Calesii,
838 1810 871 1840 ἃ
883 1820 984 1841 eorum
1005 1811 1153 1847 faetores,
1171 1808 1266 1839 Fami-

197 1849 294 1887 liares,
311 1848 508 1887 Negotiorum
526 1847 678 1885 Gestores,
695 1848 728 1879 &
746 1847 891 1887 Ministri,
909 1848 1036 1887 Nautae,
1054 1848 1186 1887 Magistri
1201 1846 1265 1878 Na-

199 1889 282 1918 vium
295 1888 328 1918 ὃς
343 1887 489 1918 Marinarii
501 1893 637 1924 p0tetunt
651 1886 687 1917 d'e
702 1894 808 1917 caetero
823 1887 985 1926 Navigare,
1002 1888 1063 1925 ire,
1082 1886 1267 1924 Transire,&

202 1926 328 1963 Redire,
347 1935 397 1963 per
408 1926 549 1962 Terram,
566 1924 668 1963 Mare,
684 1926 717 1956 ὃς
732 1925 828 1962 Aquas
841 1926 956 1965 dulces,
974 1937 1090 1957 necnon
1112 1925 1218 1956 Eundo
1233 1925 1267 1955 δί

208 1964 373 2002 Redeundo
388 1963 553 1995 Conversari
563 1987 573 2001 ‚
587 1962 653 1994 Effe
668 1964 701 1994 &
716 1963 826 1994 Morari
840 1965 936 1995 secure
953 1966 987 1996 ὃς
1000 1966 1088 1996 libere
1109 1965 1137 1994 in
1158 1963 1270 2001 PatriiS,

205 2004 320 2041 Terris,
338 2004 371 2035 ἃ
393 2003 540 2033 Dominiis
560 2000 732 2046 Sereniffimi
755 2005 833 2040 Regis
851 2005 1048 2047 Romanorum,
1073 2005 1106 2035 &
1128 2003 1218 2047 ¹etiam
1239 2003 1270 2032 in

201 2042 331 2121 {3¹23
329 2041 473 2118 1⁵&ssss
475 2040 666 2124 ἷὶὲἶηῗὲἱὲῗὶ
668 2041 864 2111 ἒῗέὶοῗῃῖἓ
867 2051 927 2119 Ῥῗῖἰ
930 2052 1024 2111 Ἥιὲἓ
1034 2041 1270 2121 ,ΡὲἷὲιῖῗὲἓῖἯῖ

203 2118 380 2163 Custumarii
397 2120 430 2150 &
443 2118 650 2163 alii<Officiarii
675 2117 796 2162 Regales
822 2118 884 2150 sunt
906 2119 1025 2163 ordinati
1045 2119 1078 2163 Ἆῤ
1100 2117 1270 2150 Vacandum

202 2159 238 2189 &
256 2157 471 2188 Attendendum
486 2166 541 2195 pro
555 2157 589 2188 &
604 2157 684 2195 super
697 2156 820 2188 Introitu
835 2158 868 2188 δε
885 2157 972 2189 Exitu
983 2157 1134 2194 Navium,
1153 2156 1271 2188 Merca-

204 2205 321 2233 torum,
339 2196 372 2226 ὃ(
391 2195 653 2232 Mercaridisarum)
675 2196 709 2226 &
722 2205 783 2226 non
798 2196 865 2226 alibi
879 2206 933 2227 nec
948 2198 977 2227 in
990 2197 1046 2227 aliis
1064 2196 1149 2226 Locis
1167 2218 1177 2232 ,
1201 2205 1272 2226 cum

205 2243 309 2266 eorum
324 2234 408 2265 Bonis
425 2235 457 2265 &
477 2233 678 2272 Mercandisis,
697 2235 727 2264 in
741 2233 848 2273 Patriis,
865 2234 974 2274 Terris,
993 2234 1026 2266 ὃς
1043 2234 1188 2265 Dominiis
1195 2234 1276 2273 ipsius

209 2277 289 2311 Regis
303 2276 484 2305 Romanorum
500 2283 558 2303 non
575 2273 738 2311 prohibitis,
756 2283 789 2304 ac
804 2283 874 2304 cum
894 2273 1027 2304 Navibus
1040 2273 1278 2312 quibuscumque,

207 2313 244 2343 &
255 2322 324 2342 cum
340 2312 548 2343 Mercatoribus
562 2312 732 2350 Patriamm,
747 2312 914 2355 Terrarum,
933 2313 966 2343 &
983 2312 1194 2343 Dominiorum
1204 2320 1277 2348 prae-

209 2351 373 2390 dffitorum,
392 2350 437 2381 seu
449 2360 550 2381 eorum
577 2350 741 2381 Fastoribus
754 2373 766 2389 ,
789 2350 983 2381 Familiaribus
996 2374 1006 2390 ,
1027 2352 1062 2382 ὃς
1081 2350 1116 2387 N
1153 2351 1278 2380 otiorum

211 2389 398 2428 Gestoribus,
416 2399 450 2420 ac
463 2388 618 2428 Ministris,
644 2398 759 2420 necnon
780 2399 850 2420 cum
870 2390 1004 2420 omnibus
1028 2389 1084 2420 aliis
1145 2389 1277 2419 ercatori·

211 2428 280 2466 bus,
297 2428 492 2467 cujuscunque
508 2427 643 2459 Nationis
656 2427 788 2466 existant,
807 2428 840 2458 &
856 2437 956 2459 eorum
978 2428 1147 2459 Fac‘toribus
1161 2450 1171 2464 ,
1186 2427 1205 2446 ²*
1225 2426 1280 2457 Fa-

209 2467 382 2506 miliaribus,
401 2466 600 2506 Negotiorum
613 2466 862 2510 Gestoribus,‚&·
873 2465 1030 2510 Ministris,
1052 2466 1089 2497 de
1107 2465 1278 2505 quibuscun-

210 2515 268 2545 que
286 2505 473 2536 Metcandisis
485 2507 519 2537 &
536 2505 636 2536 Rebus
650 2515 708 2535 non
726 2505 878 2545 prohibitis
901 2505 989 2536 libere
1013 2507 1147 2544 mercari,
1165 2507 1278 2542 emere,

213 2544 439 2575 Commercium
455 2544 559 2575 habere
571 2545 604 2574 δε
618 2544 757 2582 vendere,
773 2553 808 2573 ac
822 2542 1016 2584 Mercandisas
1029 2543 1140 2582 facere,

251 2583 447 2621 Poterantque
464 2583 499 2613 ad
521 2585 554 2615 &
575 2584 604 2613 in
626 2583 777 2620 praedietos
801 2581 905 2613 Portus
927 2583 960 2613 &
983 2582 1081 2621 Litora
1106 2582 1280 2619 Patriarum‚

213 2621 391 2659 Terrarum,
408 2623 441 2654 ὃς
457 2621 669 2652 Dominiorum
680 2621 788 2660 praefati
802 2620 928 2651 Domini
941 2623 1020 2658 Regis
1035 2624 1216 2651 Romanorum
1223 2620 1282 2650 tam

212 2670 319 2691 ‘eorum
336 2662 446 2704 propria
461 2660 541 2691 Bona
557 2661 643 2698 quatri
657 2660 761 2704 aliena,
779 2667 810 2689 ut
823 2659 1283 2703 praefertur,vnonsprohibitffidu-

217 2698 659 2781 {iffi-{ffssdsssnfgsssffaqi‘sss
669 2698 1130 2775 'glai‘gifflffissssst‘j’ssiss’
1139 2707 1288 2781 ,gliti-{z

219 2775 324 2816 Bonis,
344 2775 546 2814 Mercandrfis,
564 2773 598 2807 &
614 2775 764 2813 Navibus,
782 2775 879 2806 secure
894 2776 1025 2811 recedere
1038 2773 1072 2805 &
1087 2774 1192 2806 redire:

259 2813 298 2846 Et
312 2816 371 2853 pari
386 2814 477 2844 modo
491 2824 593 2845 omnes
606 2815 640 2845 &
659 2814 756 2853 finguli
778 2813 955 2845 Mercatores
973 2813 1128 2844 Patriarum
1145 2835 1155 2852 ,
1181 2813 1286 2845 Terra-

220 2862 286 2882 rum
298 2875 308 2890 ,
326 2854 359 2884 &
375 2852 586 2884 Dominiorum
603 2853 712 2893 praefati
723 2852 851 2883 Domini
863 2854 940 2889 Regis
951 2855 1130 2882 Romanorum
1143 2875 1153 2890 ,
1181 2852 1214 2882 &
1237 2862 1288 2895 eo-

220 2900 287 2921 rum
303 2890 456 2927 Factores,
482 2891 662 2928 Familiares,
685 2891 884 2928 Negotiorum
910 2890 1046 2920 Gestores
1059 2913 1069 2928 ,
1090 2887 1124 2920 ὃς
1147 2889 1291 2928 Ministri,

222 2928 352 2972 Nautaq,
370 2927 503 2973 Magistri
516 2925 667 2966 Navium,
682 2929 716 2958 δε
730 2928 877 2958 Marinarii
887 2935 1021 2970 poterunt
1034 2927 1070 2958 de
1089 2935 1196 2958 caetero
1210 2928 1289 2960 secu-

221 2966 565 3049 }{,&&¹¹R⁶<{32}f¹3¹3icge²{?
573 2965 1290 3049 ἰιέἑὲὂῖἕξιῗᾶἓ’ᾃᾶῑιῗέἒὲῖιῇἓεέἓζιῖῖἲᾶἲᾒῖἒῑί

223 3044 252 3075 se
267 3046 301 3077 &
316 3043 442 3078 Mercari
456 3043 552 3077 secur‘e
566 3043 599 3073 δε
612 3043 698 3073 libere
711 3053 741 3073 in
765 3042 847 3073 distis
869 3041 974 3080 Regno
994 3042 1041 3074 An
1062 3042 1123 3080 liae,
1147 3042 1292 3073 Dominio

225 3083 396 3121 Hiberniae,
414 3082 488 3113 Villa
503 3083 536 3114 &
552 3081 693 3113 Mareliiis
708 3081 828 3119 Calesii,
846 3081 879 3112 &
894 3083 979 3112 etiam
992 3082 1023 3112 in
1061 3079 1176 3112 ortubus
1192 3083 1224 3112 ὃς
1240 3082 1293 3111 Li·

225 3122 336 3152 toribus
346 3120 533 3160 eorumdem,
550 3129 598 3159 pet
614 3120 762 3158 praefatum
776 3119 939 3150 Dominum
951 3122 1047 3158 Regem
1067 3121 1180 3156 Angliae
1193 3119 1291 3154 aucto-

227 3161 323 3190 rizatis
337 3160 387 3196 (in
398 3159 495 3197 Villis,
514 3160 665 3197 videlicet,
681 3159 730 3189 ubi
747 3157 924 3189 Custumarii
943 3158 977 3189 &
998 3159 1042 3189 alii
1066 3158 1208 3190 Officiarii
1233 3157 1292 3188 Re-

225 3199 268 3237 gii
283 3197 345 3228 sunt
357 3197 480 3230 ordinati
493 3197 529 3229 ad
542 3197 710 3229 Vamndum
725 3198 759 3229 δὲ
782 3196 997 3228 Attendendum
1020 3206 1072 3235 pro
1096 3196 1129 3228 &
1152 3198 1230 3236 super
1249 3196 1296 3227 In-

228 3238 319 3268 troitu
333 3237 366 3268 &
379 3236 464 3266 Exitu
481 3236 634 3275 Navium,
658 3235 856 3267 Mei-catorum
873 3258 884 3273 ,
908 3235 941 3265 δὲ
969 3228 1241 3277 Mercandisarum)
1262 3237 1295 3267 &

230 3286 294 3307 non
305 3276 373 3306 alibi
390 3284 442 3305 nec
456 3276 485 3304 in
499 3275 559 3306 aliis
574 3275 662 3305 Locis
672 3298 682 3313 ,
697 3284 766 3305 cum
780 3283 883 3304 eorum
900 3273 984 3305 Bonis
1000 3276 1034 3305 &
1050 3273 1235 3305 Mercandiiis
1245 3296 1254 3310 ,
1268 3275 1296 3303 in

230 3314 314 3345 dieto
330 3313 436 3352 Regno
451 3312 579 3352 Angliae‚
598 3313 741 3344 Dominio
756 3311 922 3350 Hiberniae,
940 3312 986 3343 vel
999 3312 1071 3342 Villa
1097 3314 1130 3344 &
1160 3312 1297 3342 Merchiis

231 3352 371 3390 Calefiae,
388 3361 447 3382 non
464 3353 627 3390 prohibitis,
644 3362 677 3383 ac
693 3360 762 3382 cum
778 3350 913 3382 Navibus
927 3351 1170 3388 quibuscumque,
1189 3351 1298 3381 &cum

232 3391 452 3423 Mercatoribus
464 3389 594 3430 Angliae,
612 3390 779 3432 Hiberniae,
797 3390 830 3420 &
849 3389 984 3427 Calesiae,
1003 3399 1035 3419 ac
1060 3387 1254 3432 Meteliiarum
1270 3399 1301 3419 e-

229 3430 359 3471 jusdem,
376 3429 421 3460 seu
437 3438 537 3459 eorum
551 3428 733 3467 Faetonbus,
750 3428 957 3466 Familiaribus‚
976 3428 1178 3464 Negotiorum
1193 3426 1302 3459 Gesto-

237 3470 314 3500 xibus
325 3477 359 3499 ac
376 3466 534 3506 Ministris,
548 3476 662 3498 necnon
680 3476 751 3498 cum
764 3466 899 3497 omnibus
909 3467 965 3497 aliis
988 3466 1196 3496 Mercatoribus
1211 3466 1302 3509 eujus-

238 3516 369 3544 cutnque
390 3505 527 3538 Nationis
550 3506 681 3543 existant,
706 3507 740 3538 &
762 3512 863 3536 eorum
886 3505 1068 3543 Factoribus,
1091 3504 1280 3535 Familiaribus
1295 3527 1305 3543 ,

240 3545 442 3583 Negotiomm
456 3544 635 3584 Gestoribus,
653 3544 688 3576 &
702 3543 843 3574 Ministris
856 3542 892 3574 de
903 3544 1125 3582 quibuscumque
1139 3541 1305 3574 Mercandi·

241 3584 276 3615 sis
291 3585 325 3614 &
340 3582 440 3613 Rebus
451 3593 510 3613 non
527 3584 673 3623 prohibitis
683 3583 772 3613 libere
787 3581 913 3614 Mercari
924 3606 934 3622 ,
951 3582 1066 3619 Emere,
1083 3580 1304 3613 commercium

241 3623 364 3659 habere,
383 3621 416 3651 &
432 3621 562 3652 Vendere
576 3631 609 3652 ac
625 3620 814 3651 Mexcandisas
826 3621 936 3660 facere,

282 3659 478 3698 Poteruntque
493 3659 530 3690 ad
542 3660 575 3689 &
591 3660 621 3689 in
637 3659 789 3697 praedictos
803 3658 907 3690 Portus
930 3658 1042 3698 Angliae
1058 3681 1069 3696 ‚
1086 3658 1254 3695 Hiberniae,
1272 3667 1305 3687 ac

242 3698 378 3735 Calesiae,
397 3698 456 3727 tam
470 3706 570 3727 eorum
582 3699 693 3736 propria
710 3696 788 3727 Bona
801 3698 886 3733 quarn
899 3697 985 3727 aliena
995 3719 1006 3734 ‚
1024 3705 1056 3727 ut
1070 3698 1213 3736 praefertur
1222 3720 1232 3734 ,
1247 3705 1307 3726 non

244 3736 404 3776 prohibita,
420 3734 526 3765 ducere
539 3735 584 3765 vel
596 3735 664 3765 duci
679 3735 785 3772 facere,
803 3736 837 3766 &
850 3736 886 3765 ab
900 3735 964 3773 ipfis
974 3734 1116 3765 Portubus
1129 3737 1174 3766 seu
1191 3735 1307 3777 Littori-

246 3779 315 3813 bus,
332 3772 600 3813 quotienscumque,
642 3773 863 3811 uandoeumque
882 3774 916 3805 ὃ(
944 3782 1130 3811 quocumque
1150 3774 1309 3808 voluerint,

246 3823 318 3845 curn
330 3811 468 3851 praediffis
485 3811 590 3850 Bonis,
649 3811 810 3849 ercandisis,
828 3812 861 3842 ὃ(
881 3809 1032 3848 Navibus,
1047 3811 1138 3842 libere
1158 3812 1191 3843 Sc
1213 3811 1308 3842 secure

246 3852 397 3883 Recedere
409 3851 443 3881 &
457 3849 582 3888 Redire,

289 3890 404 3928 Absque
420 3898 457 3932 eo
470 3888 547 3932 quod
559 3887 645 3932 aliqui
665 3884 841 3932 Mercator&
861 3886 1049 3931 Regnorum,
1073 3887 1253 3955 Furiarum„
1271 3885 1310 3929 ,ὃς

251 3925 687 4004 Ξρἶῗῖἒῗεὲξέῗὲἒξέἓέ
692 3925 1228 4008 ξὶιὲῧέρέεᾋὲἳΐὲᾙῗνὲῗῖὲῖζῖἒ
1243 3935 1312 4006 ιῖἓέἶ

254 4015 291 4036 na
306 4003 442 4034 Muleari
457 4003 577 4042 poffint,
593 4003 638 4033 vel
651 4002 732 4039 quod
747 4012 797 4039 per
814 4001 926 4032 eosdem
947 4001 1009 4041 ipsis
1032 4001 1241 4033 Mercatoribus
1264 4002 1312 4031 ali-

254 4041 336 4081 quod
354 4041 542 4081 Datnpnum,
560 4041 774 4079 Praejudicium,
791 4041 833 4071 vel
846 4039 1087 4078 [mpedimentum
1102 4039 1161 4071 fieri
1172 4050 1219 4072 aut
1233 4039 1315 4069 infer-

256 4091 281 4112 n
294 4079 378 4149 paoffit
390 4081 630 4150 {xe‘iv'iainp-Faffl
645 4103 656 4119 ‚
680 4079 830 4110 occasione
849 4078 970 4111 Guerrae
991 4079 1037 4111 vel
1060 4078 1316 4118 Depraedationum

324 4129 374 4148 om.
417 4140 426 4148 ι
469 4141 476 4148 .
537 4142 544 4150 ι

2253 204 2331 246 177

1272 307 1360 339 Causa
1374 320 1573 352 quacumque,
1591 312 1738 343 Solvendo
1751 322 1863 351 tamen,
1881 323 2019 352 quantum
2034 315 2130 345 attinet
2159 316 2192 346 ad
2217 316 2328 347 Merca-
2373 320 2459 350 1502·
2475 295 2482 306 ¹

1270 354 1345 376 tores
1360 349 1501 392 utrlusque'
1512 350 1598 380 Partis
1613 349 1735 381 Partium
1750 351 1968 389 praedfflmum,
1984 362 2037 392 pro
2057 352 2174 390 Rebus,
2197 352 2282 384 Bonis
2295 355 2330 386 δε
2353 354 2417 379 Hm·
2437 359 2466 385 7·

1271 382 1452 452 gietcandiiis
1464 387 1516 417 suis
1528 388 1594 426 Jura
1609 389 1642 420 &
1658 389 1830 420 Theolonea
1845 399 1897 428 pro
1913 391 2017 421 eisdem
2042 390 2136 422 debita
2156 392 2190 422 &
2213 392 2330 423 consue-

1309 458 1323 489 Ι
1331 467 1355 502 J‘
1365 468 1383 489 E
1396 468 1423 489 M
1433 483 1443 499 ,
1460 459 1647 506 Conventutn
1663 463 1704 496 est
1720 466 1801 503 quod
1816 466 1983 502 praesentern
1995 466 2165 498 TraCtatum
2180 476 2214 498 ac
2235 469 2332 499 omnia

1273 497 1307 528 &
1323 498 1426 536 singula
1444 498 1577 540 ‘Capitula
1599 513 1627 531 in
1652 504 1755 534 eodem
1776 513 1909 535 contenta
1928 514 2046 544 uterque
2067 505 2152 536 Princ
2190 515 2201 535 s
2222 505 2333 539 Ρῐίτιςί-Δ

1274 545 1347 573 pum
1363 536 1581 574 praedr&orum,
1597 549 1644 575 per
1659 541 1764 571 Literas
1784 542 1839 572 suis
1862 542 1990 573 Patentes
2034 542 2069 572 M
2128 546 2133 550 “
2190 543 2267 582 igillis
2283 544 2335 574 suia

1275 575 1392 611 propriis
1403 573 1564 611 subscriptas
1577 577 1609 605 &
1622 577 1803 616 subsignatas,
1823 580 1892 611 infra
1907 581 1990 611 Duos
2004 553 2123 612 ’Menalg¹
2126 553 2241 612 1lSDatatn
2254 582 2334 613 Prae-

1275 612 1595 681 ilse'rt‘tmscnilprggcmg?
1609 614 1770 647 immediate
1785 618 1946 657 sequentes,
1965 619 2154 658 Acceptabit,
2169 619 2334 651 Confirma-

1299 661 1305 680 ι
1328 676 1337 686 ,
1358 666 1361 670 r
1433 661 1446 682 a
1507 661 1523 681 a
1546 661 1554 680 1
1573 674 1584 689 ,

1315 689 1481 733 Omnesque
1496 690 1530 720 &
1545 689 1669 733 singulos
1682 690 1741 719 tarn
1753 690 1827 734 Ju'ris
1843 695 1928 731 quarn
1943 694 2022 726 Facti
2038 695 2175 728 Defectus
2188 719 2197 734 ,
2217 696 2249 727 δε
2262 705 2336 735 prae-

1278 727 1371 757 sertim
1386 727 1406 757 si
1419 738 1468 766 qui
1484 727 1537 757 sint
1551 737 1659 758 ratione
1673 726 1891 761 Commiffionis
1903 742 1948 763 aut
1966 733 2210 765 Commiffionum
2226 734 2337 765 Princi-

1281 776 1350 803 pum
1364 765 1584 803 praedi&0rum,
1597 767 1633 797 ita
1642 774 1689 802 ut,
1698 767 1716 796 si
1724 767 1758 797 ad
1769 768 1931 804 praesentem
1938 771 2105 803 Trac'taturn
2113 782 2174 809 ,aut
2181 773 2215 802 ad
2223 773 2338 810 aliquod

1281 806 1310 834 in
1324 805 1428 835 eodem
1440 813 1613 835 contentum
1621 829 1631 843 ,
1638 805 1671 835 &
1678 804 2027 838 Nominibuseorumdern
2037 810 2204 849 Principum
2214 820 2261 849 per
2270 810 2339 841 Nos

1282 843 1466 880 conclusum,
1486 843 1514 872 in
1529 843 1618 912 aliona
1631 843 1675 872 sua
1689 842 1787 881 Parte,
1801 844 1834 874 ali
1858 854 1892 874 ua
1910 843 2082 877 Commissio
2096 849 2341 879 Commiffionum

1282 880 1479 918 praedietamm
1493 890 1556 912 non
1582 882 1630 912 atis
1642 882 1732 920 ampla
1747 891 1781 912 ac
1793 883 1820 912 su
1855 883 1932 913 ciens
1939 884 2079 921 videatur,
2093 896 2140 923 per
2154 887 2209 917 suas
2223 886 2343 918 Litteras

1285 918 1517 950 confirmatorias
1527 943 1536 958 ,
1552 929 1583 951 ut
1597 922 1775 957 piaemittitur
1788 921 1902 959 signatas
1916 922 1950 953 δε
1964 921 2106 960 sigillatas,
2125 923 2284 963 Supplebit,

1320 958 1519 996 Beneficioque
1529 960 1664 989 omnium
1679 960 1713 989 ὀε
1729 959 1902 997 fingulorum
1911 959 2068 990 Canonurn
2081 970 2114 990 ac
2133 961 2242 999 Legum
2253 964 2344 1001 (quos

1286 996 1401 1034 quidem
1425 996 1558 1027 Canones
1580 1007 1613 1027 ac
1638 997 1727 1035 Leges
1747 1007 1799 1034 pro
1821 997 1869 1028 hic
1900 998 2030 1036 expreffis
2049 999 2201 1035 habemus)
2230 1002 2345 1037 quibus,

1288 1045 1402 1074 propter
1415 1034 1574 1065 Defe&um
1594 1035 1709 1072 alicujus
1729 1035 1946 1066 Commiffionis
1975 1035 2224 1067 Commiffionum
2248 1037 2347 1074 praed'i-

1291 1073 1416 1111 starum,
1433 1074 1515 1104 alicui
1536 1073 1733 1104 Articulorum
1754 1074 1893 1111 praesentis
1913 1073 2066 1106 Tractatfis
2081 1097 2091 1113 ,
2109 1076 2139 1105 in
2154 1075 2236 1106 Parte
2257 1076 2302 1105 vel
2320 1077 2350 1106 in

1291 1120 1355 1142 toto
1369 1112 1493 1180 derofiari
1505 1112 1607 1150 possit,
1621 1113 1650 1141 in
1665 1112 1748 1142 diesis
1761 1111 1811 1142 suis
1827 1112 1939 1143 Litteris
1953 1112 2195 1152 Confirmatoriis,
2213 1113 2306 1150 palam
2318 1115 2352 1145 δε

1293 1150 1417 1187 expresse
1466 1151 1647 1188 enunciabit,
1666 1151 1698 1181 &
1716 1150 1784 1180 Nos
1799 1150 1994 1182 Commiffarii
2011 1151 2175 1188 Principum
2199 1151 2354 1190 praediCto-

1291 1198 1359 1219 rum
1377 1189 1546 1219 eorumdem
1559 1188 1737 1219 Nominibus
1750 1189 1963 1220 Renunciamus
1977 1199 2026 1227 per
2039 1189 2204 1221 praesentes:

1333 1227 1541 1264 Promittetque
1560 1236 1674 1265 uterque
1698 1227 1831 1265 Princeps
1854 1227 1948 1259 Princi
1968 1239 2022 1259 um
2041 1229 2259 1266 praedicssmrum,
2280 1227 2357 1258 boni

1296 1264 1364 1295 Fide
1379 1266 1411 1296 ἃ
1428 1267 1458 1295 in
1475 1265 1574 1295 Verbo
1591 1266 1700 1303 Regio,
1708 1267 1804 1296 omnia
1817 1267 1850 1296 ὃς
1866 1266 1941 1305 fingu
1953 1276 1969 1297 a
1983 1266 2116 1304 Capitula
2130 1266 2267 1306 praesentis
2281 1266 2356 1296 Tra-

1296 1303 1406 1342 c‘tatsis,
1425 1306 1457 1335 ἃ
1471 1305 1500 1334 in
1516 1305 1554 1333 eis
1569 1313 1615 1334 aut
1631 1314 1730 1334 eorum
1745 1304 1838 1341 aliquo
1852 1313 2002 1343 contenta,
2018 1314 2154 1344 quantum
2175 1305 2210 1335 ad
2229 1314 2277 1335 eos
2292 1314 2356 1343 pet-

1298 1343 1383 1380 tinet,
1403 1344 1488 1379 pure,
1506 1342 1621 1372 fideliter
1636 1353 1668 1372 ac
1685 1343 1880 1374 inviolabiliter
1899 1352 2012 1381 tenete,
2029 1343 2198 1381 adimplere,
2216 1343 2250 1374 ὃς
2265 1343 2361 1374 obser-

1300 1391 1380 1418 vare,
1399 1383 1431 1411 &
1447 1382 1481 1410 ab
1496 1381 1553 1410 aliis
1565 1383 1670 1419 teneri,
1688 1381 1847 1419 adimpleri,
1864 1382 1897 1412 &
1916 1382 2056 1412 observati
2067 1381 2160 1412 facere
2176 1404 2187 1420 ,
2211 1390 2266 1411 nec
2287 1391 2360 1411 con-

1302 1428 1343 1449 tra
1356 1429 1387 1449 ea
1402 1428 1447 1449 aut
1462 1428 1562 1449 eorum
1575 1419 1689 1458 aliquod
1704 1419 1793 1450 facere
1808 1429 1855 1450 aut
1873 1421 1986 1458 venire,
2010 1420 2105 1450 fierive
2123 1428 2172 1451 aut
2193 1419 2281 1451 veniri
2303 1419 2362 1450 ullo

1303 1467 1430 1494 unquam
1448 1467 1577 1495 ternpore
1593 1458 1749 1488 consentire
1765 1458 1807 1487 vel
1820 1459 1993 1497 permittere:

1340 1497 1420 1534 Quas
1433 1496 1546 1533 quidem
1571 1496 1688 1527 Litteras
1712 1494 1960 1535 Confirmatorias,
1981 1505 2011 1527 ut
2025 1498 2223 1535 praemittitur,
2239 1495 2366 1534 sigillatas

1305 1537 1337 1565 &
1354 1534 1534 1573 subsignatas,
1552 1543 1667 1572 uterque
1682 1533 1848 1571 Principum
1861 1536 2080 1574 praedictorum,
2098 1535 2170 1565 infra
2183 1535 2275 1565 dic'tos
2282 1535 2366 1565 Duos

1306 1571 1433 1610 Menses,
1455 1573 1484 1602 in
1500 1571 1624 1602 Civitate
1641 1572 1872 1609 Londoniarum,
1899 1574 1918 1591 ³*
1945 1571 2171 1612 Commiffariis,
2195 1573 2366 1604 sufficienter

1303 1612 1337 1680 1ss
1348 1619 1467 1680 elabparte
1480 1609 1631 1679 gaeputatiS,
1650 1610 1770 1642 viciffim
1785 1610 1892 1641 Tradet
1910 1611 1944 1642 δί
1966 1611 2144 1642 Deliberabit
2156 1634 2166 1650 ‚
2182 1611 2312 1643 Tradive
2330 1612 2364 1644 &

1339 1660 1374 1679 ei
1396 1660 1464 1680 erari
1509 1658 1574 1679 ciet.

1327 1687 1354 1735 ,Ι
1364 1696 1387 1718 τ
1397 1695 1470 1727 eiu,
1487 1686 1677 1719 Conventum
1690 1687 1750 1726 est,
1765 1681 1825 1722 &a
1838 1694 1919 1726 prout
1925 1687 2011 1727 supra
2023 1686 2074 1727 fi'l'
2091 1688 2174 1718 Data
2197 1687 2273 1728 infra
2285 1697 2367 1720 nota-

1303 1735 1337 1757 ta

2385 1582 2400 1596 ¹⁸
2419 1581 2499 1613 XIII:

2385 1629 2427 1657 ¹5¹.

1341 1751 1378 1796 ln
1393 1775 1517 1804 quorum
1531 1765 1663 1795 omnium
1677 1764 1711 1795 &
1725 1764 1897 1803 singulorum
1910 1758 2127 1797 Praemiffomm
2139 1764 2242 1796 Fidem
2259 1767 2293 1797 ὃ(
2308 1765 2371 1796 Te-

1309 1804 1474 1835 stimonium
1488 1803 1555 1834 Nos
1569 1802 1739 1834 Seteniffimi
1752 1807 1830 1840 Regis
1847 1802 1961 1840 Angliae
1977 1803 2173 1834 Commissatii
2185 1804 2318 1835 antediCti
2325 1804 2369 1834 Si-

1309 1843 1375 1881 gilla
1389 1842 1483 1873 nostra
1497 1841 1680 1872 Praesentibus
1693 1841 1870 1880 apposuimus
1884 1865 1894 1880 ,
1912 1843 1945 1873 ὃς
1968 1841 2101 1873 Nomina
2121 1842 2216 1872 nostra
2235 1841 2372 1873 Manibus

1306 1881 1408 1913 nostris
1421 1881 1538 1921 propriis
1555 1879 1767 1918 subscripsimus.

1349 1958 1425 1989 Data
1437 1957 1510 1996 apud
1525 1957 1655 1988 Andwer
1672 1961 1743 1995 iam,
1758 1958 1872 1988 decimo
1885 1967 1964 1988 nono
1978 1958 2025 1989 die
2048 1957 2156 1989 Mensis
2174 1957 2260 1997 Julii,
2283 1956 2373 1988 Anno

1312 1997 1441 2029 Domini
1459 1996 1616 2028 Millesimo
1632 1966 1871 2036 duingenresimo
1884 1996 2017 2027 secundo.

1349 2074 1398 2106 Sic
1419 2073 1530 2113 Signata
1537 2096 1547 2113 ,

1352 2150 1662 2183 SOMERSET.

1351 2189 1690 2220 Wrnnxenm.
1726 2188 1993 2220 WARHAM:

1354 2261 1442 2304 Nos,
1460 2267 1557 2297 omnia
1571 2267 1604 2297 ὃ(
1616 2265 1722 2306 fingula
1735 2265 1888 2304 supradicta
1904 2264 2036 2303 Capitula
2049 2274 2082 2296 ac
2101 2266 2202 2296 omnia
2223 2263 2257 2296 &
2277 2263 2382 2303 singula

1320 2305 1351 2336 in
1367 2305 1470 2336 eisdem
1485 2314 1620 2335 contenta
1633 2306 1666 2336 &
1680 2304 1849 2342 specificata,
1866 2303 1960 2341 Rata,
1975 2303 2085 2342 Firma,
2110 2303 2144 2334 ὅ(
2167 2303 2255 2334 Grata
2275 2303 2382 2333 haben-

1319 2352 1381 2383 tes,
1399 2353 1430 2374 ea
1442 2344 1540 2373 omnia
1555 2343 1589 2374 &
1603 2343 1724 2382 fingula,
1741 2352 1795 2381 pro
1808 2342 1926 2381 Nobis,
1943 2341 2130 2379 Haeredibus,
2149 2342 2182 2372 δε
2206 2339 2380 2372 Successori-

1320 2383 1374 2413 bus
1388 2381 1504 2419 nostris,
1522 2381 1733 2419 Accepimus,
1750 2381 1966 2420 Approbamus,
1983 2382 2017 2412 &
2040 2379 2227 2411 Ratificatnus
2239 2400 2249 2418 ,
2264 2388 2381 2410 necnon

1319 2420 1439 2452 Tenore
1454 2419 1642 2451 Praesentium
1654 2419 1850 2450 Concedimus
1872 2421 1905 2451 &
1917 2418 2132 2449 Confirmamus
2145 2441 2156 2457 ,
2175 2428 2208 2449 ac
2231 2419 2330 2448 omnia
2347 2418 2382 2449 &

1319 2459 1422 2499 singula
1438 2460 1467 2491 in
1481 2458 1587 2489 eisdem
1600 2467 1735 2490 contenta
1746 2457 1862 2488 firmiter
1878 2458 1911 2488 &
1924 2457 2089 2488 inconcusse
2101 2456 2216 2488 Tenere
2228 2457 2262 2488 &
2279 2455 2384 2486 Obser-

1320 2507 1400 2535 vare,
1417 2507 1450 2527 ac
1465 2498 1500 2527 ab
1521 2497 1580 2527 aliis
1597 2498 1706 2528 Teneti
1725 2497 1758 2528 &
1779 2496 1929 2527 observari
1949 2495 2048 2527 Verbo
2071 2496 2166 2535 Regio
2187 2494 2386 2525 Promittimus

1319 2539 1370 2575 Per
1386 2535 1546 2566 Praeserites.

1360 2574 1393 2605 In
1411 2584 1534 2612 quorum
1549 2575 1680 2604 omnium
1694 2574 1728 2605 &
1741 2573 1912 2613 singulorum
1928 2572 2143 2603 Praemifforum
2160 2571 2261 2603 Fidem
2277 2571 2311 2601 &
2324 2570 2386 2601 Te*

1324 2613 1492 2644 stimonium
1507 2613 1558 2642 hiis
1572 2610 1774 2650 Praesentibus,
1798 2611 1892 2642 Manu
1911 2610 2025 2652 propria
2042 2609 2200 2648 subscriptis
2216 2633 2227 2648 ,
2242 2609 2388 2649 Magnum

1326 2652 1454 2692 Sigillum
1468 2649 1600 2682 nostrum
1613 2651 1719 2690 apponi
1731 2650 1863 2681 fecimus.

1365 2727 1477 2759 Datum
1492 2729 1521 2758 in
1537 2731 1661 2756 Civitate
1673 2738 1707 2756 no
1731 2738 1764 2756 ra
1778 2728 1862 2764 Augu
1886 2737 1929 2756 en.
1949 2725 1996 2756 die
2007 2723 2143 2756 vicefirna
2159 2723 2263 2755 octava
2281 2722 2390 2753 Menfis

1324 2766 1411 2805 Julii,
1431 2767 1520 2796 Anno
1535 2766 1663 2796 Domini
1718 2765 1835 2795 illefimo
1885 2763 2089 2794 uinventefimo
2104 2762 2230 2793 secundo
2244 2784 2254 2799 ,
2271 2761 2390 2804 Regno-

1329 2815 1393 2835 rum
1409 2803 1592 2841 nostrorum,
1609 2803 1758 2845 videlicet,
1782 2803 1912 2835 Romani
1931 2788 2048 2833 decimo
2066 2801 2203 2839 septimo,
2227 2800 2391 2838 Unghanae

1329 2848 1402 2875 veto
1420 2843 1535 2874 decimo
1551 2850 1644 2873 tertio.

2053 2916 2108 2945 Per
2122 2916 2228 2952 Regem.

1982 2998 2289 3030 Maxuma.

1405 3145 1567 3183 ‘Tr-astatus
1581 3144 1616 3178 de
1642 3142 1821 3189 Transfugis
1850 3153 1906 3173 non
1931 3139 2121 3189 Receptandis
2142 3139 2324 3185 Rattficatio.

1423 3233 1634 3271 Aximilianus,
1651 3231 1760 3263 Divina
1773 3231 1886 3261 favente
1907 3228 2071 3261 Clementia
2085 3251 2094 3266 ‚
2111 3231 2289 3258 Romanorum
2313 3227 2397 3258 Rex
2417 3227 2494 3258 Ann.
2507 3225 2549 3257 D.

1426 3275 1530 3313 semper
1551 3271 1704 3310 Augustus,
1729 3280 1762 3300 ac
1785 3269 1947 3306 Unghariae,
1974 3267 2126 3297 Dalmatiae
2141 3288 2151 3303 ,
2174 3269 2292 3296 Croatiae
2306 3289 2315 3303 ,
2337 3265 2398 3300 &c.
2447 3272 2533 3304 1502.

1339 3311 1440 3351 Rex,
1466 3313 1492 3342 A
1503 3319 1584 3342 Reii
1597 3319 1608 3339 1
1621 3317 1696 3339 Dux
1723 3307 1844 3346 Austriae
1859 3329 1869 3344 ,
1889 3305 1977 3336 Dux
1997 3304 2176 3342 Burgundiae‚
2196 3304 2403 3343 Lotharingiae5
2417 3307 2468 3332 An.
2492 3313 2535 3338 ¹7·

1339 3351 1519 3384 Brabantiae,
1538 3352 1646 3385 Stiriae,
1671 3350 1822 3384 Carintiae,
1847 3344 1978 3374 Carniolae
1991 3366 2001 3382 ,
2025 3343 2190 3380 Limburgiae
2205 3365 2214 3380 ,
2236 3343 2400 3372 Lucembur-
2421 3347 2453 3370 H.
2469 3352 2495 3377 7.

1337 3394 1389 3428 giae
1404 3413 1414 3427 ,
1446 3390 1478 3420 &
1503 3387 1642 3417 Gheldriae
1663 3409 1673 3425 ‚
1714 3385 1970 3415 LANGRiivus
2005 3381 2127 3420 Alfiztiae
2143 3403 2154 3418 ,
2182 3380 2400 3413 ancsps
2422 3385 2458 3408 Ex
2472 3382 2534 3414 Au<

1343 3431 1458 3458 Zueviae
1473 3450 1482 3465 ,
1508 3426 1537 3456 C
1546 3436 1566 3456 o
1577 3433 1602 3455 Μ
1612 3433 1630 3454 ε
1641 3433 1653 3455 s
1679 3423 1703 3454 P
1715 3434 1732 3453 A
1743 3432 1763 3453 L
1773 3432 1792 3453 Α
1803 3431 1826 3452 τ
1838 3430 1850 3450 i
1863 3429 1885 3451 N
1894 3428 1916 3450 υ
1928 3429 1940 3451 s
1966 3423 1992 3448 iu
2015 3418 2160 3458 Hahspurg
2177 3441 2187 3456 ,
2213 3419 2247 3450 &
2264 3421 2402 3450 Hanoniae
2422 3427 2487 3455 ngr.

1342 3467 1368 3498 P
1380 3475 1403 3496 R
1419 3475 1429 3495 t
1440 3473 1462 3495 N
1473 3476 1489 3495 c
1499 3474 1517 3495 ε,
1526 3473 1544 3494 P
1555 3473 1567 3494 s
1575 3487 1585 3502 ,
1602 3464 1636 3494 &
1653 3460 1682 3492 C
1691 3472 1710 3492 o
1723 3469 1749 3491 Μ
1758 3470 1775 3491 Ε
1785 3470 1796 3490 s
1816 3458 1996 3496 Burgundiae,
2016 3460 2128 3487 Hanons‘
2135 3467 2169 3494 ae,
2184 3455 2334 3495 Flandriae,
2355 3462 2402 3488 17-

1343 3505 1421 3543 rolis,
1440 3506 1571 3540 Garine,
1589 3500 1726 3541 Artcfiae,
1743 3497 1918 3535 Hellandiae,
1937 3494 2120 3532 Zeellandiae,
2138 3497 2272 3533 Fennis,
2289 3496 2403 3535 ffiburg,

1346 3545 1494 3579 Namurci,
1512 3543 1545 3572 ὃς
1558 3539 1742 3578 Zutphauiae,
1761 3535 1826 3566 MA
1836 3543 1913 3566 aci-i
1925 3544 1964 3564 10
1979 3537 2054 3564 Sacri
2067 3536 2182 3563 Romani
2201 3535 2310 3571 Imperii
2323 3533 2405 3572 super

1346 3580 1472 3619 Anafiam
1486 3578 1524 3614 ὠ
1538 3581 1720 3615 Bourgauviae
1730 3598 1738 3612 ‚
1754 3574 1785 3605 D
1793 3584 1813 3604 o
1822 3581 1848 3604 M
1861 3583 1874 3604 1
1886 3582 1908 3604 N
1920 3581 1942 3602 υ
1952 3581 1964 3602 s
1986 3575 2087 3602 Friziae
2099 3594 2110 3610 ,
2131 3571 2304 3615 Δίαγώίηὶι,
2327 3573 2403 3601 Scla-

1347 3623 1469 3655 vom'cae,
1487 3616 1640 3647 fi1echliniae
1654 3637 1664 3653 ,
1685 3611 1892 3651 Portufitaonis,
1913 3609 2084 3648 Salinarum,
2107 3611 2242 3641 omnibus
2253 3631 2264 3647 ,
2281 3609 2315 3640 ad
2332 3618 2407 3648 quoe

1347 3659 1493 3697 praesentes
1508 3655 1623 3685 Litterae
1639 3652 1834 3692 pervenerint,
1852 3650 1985 3681 Salutem.

1388 3695 1468 3726 Cum

1383 3717 1486 3770 Inter:
1509 3729 1641 3762 Dilectos
1660 3728 1694 3759 &
1713 3727 1821 3758 Fideles
1843 3725 2025 3756 Consiliarios
2045 3724 2172 3761 nostros,
2191 3722 2339 3753 Cornelium
2370 3724 2404 3754 de·

1350 3771 1468 3809 Berghes
1484 3769 1568 3801 Aurei
1583 3765 1696 3797 Velleris
1711 3765 1838 3795 Militem
1857 3764 2020 3794 Dominum
2035 3762 2238 3807 Temporalem
2246 3762 2286 3805 ‘de
2308 3761 2409 3808 Melit!

1352 3812 1386 3842 &
1402 3809 1538 3840 Zenenbe
1571 3806 1622 3843 he,
1640 3807 1700 3836 ἃς.
1719 3803 1915 3834 Marescallutn
1931 3801 2106 3833 Illustriffimi
2129 3799 2267 3836 Principis
2285 3798 2410 3832 Domini

1349 3848 1466 3886 Philippi
1489 3849 1549 3876 Arc
1568 3844 1648 3874 iducis
1669 3846 1720 3872 Au
1744 3845 1791 3871 riae
1816 3839 1978 3872 Chariffimi
1996 3841 2067 3882 Filii.
2084 3836 2186 3874 nostri,
2210 3840 2357 3868 Henricum
2375 3839 2408 3869 de

1353 3889 1484 3922 tham,
1496 3885 1580 3914 etiarn
1595 3881 1682 3911 Aurei
1717 3881 1806 3911 elleris
1820 3880 1963 3917 Militem,
1978 3878 2140 3908 Dominum
2154 3876 2360 3914 Temporalem
2370 3878 2408 3908 de

1353 3923 1498 3955 Beerffelle
1510 3921 1742 3952 Gubernatorem
1758 3918 1884 3948 Domini
1899 3915 1996 3947 Karoli
2011 3916 2095 3945 Ducis
2117 3914 2411 3955 Luxemburgenfig&

1354 3962 1490 4001 Judaeum
1506 3961 1594 3989 Prant
1610 3953 1736 3988 Militem
1751 3957 1916 3988 Dominum
1929 3953 2133 3991 Temporalem
2151 3953 2186 3983 de
2199 3951 2349 3997 Blaequit,
2366 3953 2412 3984 o·
2483 3945 2504 3972 ἢ

1354 4010 1474 4036 ratores,
1492 3997 1706 4034 Procuratores,
1720 3993 1954 4036 Commissarios,
1972 3992 2147 4035 Deputatos,
2163 3990 2198 4022 &
2211 3989 2347 4023 Nuncios
2358 4002 2411 4023 no-

1358 4039 1429 4068 stros
1442 4037 1566 4076 speciales
1578 4041 1612 4065 ex
1632 4044 1703 4073 una,
1732 4035 1782 4071 δε,
1807 4029 2141 4074 Venerabile-Egregios
2161 4028 2261 4069 Viros,
2282 4029 2414 4074 Rufulum

1358 4076 1487 4116 Someifit
1503 4083 1592 4106 unum
1610 4071 1740 4104 Militum
1755 4070 1872 4102 Ordinis
1885 4069 2006 4102 Gartetu
2020 4077 2055 4101 ac
2076 4076 2168 4100 unum
2185 4066 2416 4101 camerariorum

1829 4108 1860 4140 Z
2384 4107 2421 4139 &
