2555 4266
802 197 913 241 ΕΤ
1002 197 1270 241 ACTA
1358 185 1840 249 PUBLICA.

33 285 110 319 Ann.
126 285 169 318 D.
222 284 395 319 Confimssae
410 282 517 315 Literae
530 282 662 316 Parentes
675 286 831 327 diriguntur
845 287 1006 318 Venerabili
1020 289 1050 319 in
1063 287 1182 319 Christo
1198 286 1254 318 Pa-

59 333 145 366 1495.
184 327 220 358 tri
232 330 266 357 R.
284 323 460 364 Dunolmenfi
470 324 596 363 Epifiopo
616 326 773 364 (videlicet)
809 336 842 356 ro
857 325 1009 356 Comitatu
1019 327 1241 357 Northumbriae

28 368 93 394 Heu.
110 374 136 401 7.
185 363 358 403 Episcopatu
375 362 567 393 Dunolmenfi
583 374 617 394 ac
633 363 781 395 Dominiis
826 366 887 401 egis
903 364 1081 407 deTyndale
1095 366 1128 396 &
1143 349 1252 408 Rydei3

183 402 262 441 dale,
279 410 395 431 necnon
414 400 550 431 Marchiis
565 403 598 432 ὃς
618 403 708 434 Locis
728 403 833 435 eisdem
853 402 1015 434 Comitatm
1025 424 1035 439 ,
1052 401 1252 441 Episcopatui,

179 442 216 474 δε
227 440 380 471 Dominiis
389 439 585 478 adjacentibus.

214 478 250 509 In
266 479 360 516 cujus,
379 479 452 509 &cl

233 516 325 548 Teste
340 527 372 549 ut
385 518 471 558 supra.

26 669 122 699 ⁸X11.
299 660 328 688 *k
349 666 408 698 Pro
432 662 650 709 Confhngm‘neo
673 662 824 702 francia,
850 658 887 692 de
908 660 1119 694 Exonerando.

26 710 104 794 igin.
120 762 163 794 D.
179 757 298 815 REX
318 758 471 796 univerfis,
487 756 633 795 praesentoe
647 754 755 785 Literas
768 755 946 799 inspet‘j'ruris,
964 755 1098 799 Salutem.-

47 810 134 841 1495.
275 797 376 829 Sciatis
387 796 456 827 Nos
469 793 600 834 Remififfi’
615 794 648 824 &
665 793 809 833 Relaxaffi}
828 793 1016 824 fllustnffimo
1032 793 1244 833 Canffimoque

26 844 79 868 An,
99 852 140 871 10,
173 832 261 867 Fratri
276 838 310 868 &
328 834 555 872 consanguineo
570 832 669 863 nostro
684 832 780 863 Carolo
793 832 935 863 Gallorum
950 834 1069 871 Primi-*pi
1082 836 1191 871 Viginti
1203 833 1242 869 &-

303 874 400 905 Millia
414 875 580 902 Francorum
593 875 623 901 in
637 874 745 900 Coronis
761 875 840 902 Auri
859 873 1046 911 (unoquoque
1061 872 1172 903 Franco
1189 873 1242 902 Vi-

22 883 160 948 ssffliidffi
172 883 245 950 {iiiii
259 912 371 944 Solidos
385 910 582 948 Tmonenses,
602 911 635 942 &
656 920 822 949 unaquaque
835 909 953 941 Corona
966 910 1100 949 Triginta
1113 912 1146 942 &
1159 913 1244 950 quin—

23 960 60 984 Η.
77 966 103 992 7.
194 961 229 981 ue
243 950 356 982 Solidos
378 949 576 987 Turonenses,
591 949 759 986 valentibus)
781 949 930 992 &lNobis
938 948 1052 993 „Primo
1064 949 1116 992 „die
1136 950 1242 981 Mentis

22 1004 60 1023 m.
75 1005 123 1032 24.
232 990 266 1028 ⁰,
282 989 373 1020 Anno
384 988 508 1018 Domini
524 987 697 1026 Millefimo,
714 987 1025 1026 Quadringentenrno,
1041 987 1240 1027 honagesimo

170 1028 273 1065 quinto
283 1028 354 1058 solvi
369 1027 548 1064 debitorum,
567 1036 631 1065 quae
639 1036 697 1057 erat
712 1027 838 1065 Quintus
855 1026 1013 1056 Terminus
1026 1036 1077 1063 pro
1093 1027 1177 1057 Parte
1184 1027 1239 1057 So-

168 1065 284 1096 lutionis
302 1066 436 1097 Summae
451 1069 686 1104 Septingentarum
708 1065 907 1104 Quadraginta
929 1064 967 1100 ὠ·
985 1067 1100 1110 quinque
1113 1065 1238 1095 Millium

169 1106 336 1134 Coronarum
344 1108 435 1143 Auri,
444 1104 637 1134 aestimationis
648 1104 807 1143 praedic‘jtae,
825 1114 873 1141 per
880 1103 970 1143 ipsum
980 1104 1105 1134 fratrem
1113 1104 1146 1134 ὃς
1155 1104 1240 1135 Con—

167 1143 350 1182 sanguineum
367 1143 514 1180 nostrum,
533 1143 579 1172 vel
593 1141 730 1172 Haeredes
745 1142 824 1180 suos,
843 1142 944 1172 Nobis
958 1143 991 1172 &
1004 1141 1177 1174 Haeredibus
1184 1143 1237 1173 sol-

166 1182 341 1220 vendarum,
358 1191 442 1219 prout
457 1182 487 1211 in
508 1181 610 1211 Literis
625 1180 696 1210 dieti
713 1180 814 1210 Fratris
837 1181 871 1210 &
894 1179 1106 1217 Consanguinei
1129 1182 1236 1220 nostri,

165 1219 315 1258 superinde
326 1220 483 1257 confectis,
522 1229 620 1249 uarum
645 1218 720 1249 Data
742 1218 785 1249 est
803 1229 817 1249 a
840 1218 877 1249 ud
900 1218 1026 1256 stapulas
1047 1219 1127 1256 supra
1150 1220 1235 1251 Mare

166 1258 212 1289 die
228 1258 330 1290 Tertia
352 1258 462 1289 Mensis
518 1258 682 1294 ovembris,
701 1257 789 1288 Anno
811 1227 936 1287 ssomini
958 1256 1130 1296 Millelimo,
1152 1258 1236 1298 Qua-

164 1297 407 1337 dringentefimo,
425 1297 625 1335 Nonagesimo
639 1296 782 1333 secundo,
797 1296 907 1334 plenius
920 1297 1100 1334 continetur,

201 1336 252 1367 De
269 1337 372 1374 quibus
386 1336 502 1374 quidem
517 1338 625 1372 Viginti
641 1334 680 1369 ό
694 1339 810 1374 quinque
826 1334 942 1364 Mlibus
958 1336 1121 1364 Francorum
1132 1337 1162 1364 in
1179 1340 1233 1364 Co-

163 1378 236 1404 ronis
251 1379 345 1412 Auri,
363 1375 557 1405 aestimationis
567 1373 726 1411 praeditstae,
743 1373 866 1403 eundem
875 1371 1102 1412 Confiznguineum
1116 1373 1233 1412 nostrum

166 1413 300 1444 Fatemur
316 1414 350 1445 δε
364 1413 611 1452 Recognoscimus
623 1411 686 1442 fore
703 1413 846 1451 Quietum
859 1411 893 1442 &
905 1413 1005 1442 exinde
1015 1411 1139 1449 plenarie
1154 1411 1234 1442 Exo-

164 1461 304 1483 netarum.

199 1489 236 1520 In
253 1492 333 1528 cujus
360 1490 421 1521 &C.
1090 1527 1105 1532 ..

216 1529 307 1559 Teste
327 1513 410 1567 slege
431 1528 506 1565 apud
529 1526 787 1568 Wstmonasterium
800 1549 812 1566 ,
836 1526 951 1566 Qarto
964 1526 1011 1557 die
1032 1525 1127 1565 Mau,
1146 1525 1235 1558 Anno

164 1565 262 1607 Regni
274 1567 314 1598 sui
327 1566 466 1598 Decimo.

793 1615 847 1643 Per
864 1612 948 1653 ipsum
967 1616 1074 1652 Regem.

293 1759 389 1803 Super
413 1753 553 1798 Custodia
575 1753 796 1788 Marchiarum
818 1755 923 1800 verfits
943 1757 1090 1789 Scotiam.

16 1842 95 1875 Anu.
109 1840 154 1874 D.
234 1839 300 1873 EX
314 1841 476 1878 Omnibus,
494 1840 528 1871 ad
544 1850 633 1879 quos,
649 1840 710 1871 &c.
728 1839 865 1871 Salutem.

36 1890 126 1922 1495.
291 1880 391 1911 Sciatis
412 1879 494 1918 quod
508 1879 593 1917 Nos,
611 1880 695 1910 certis
710 1880 873 1918 urgentibus
893 1878 989 1910 Caufis
1010 1878 1079 1910 Nos
1101 1880 1135 1911 &
1150 1878 1234 1910 Con-

16 1924 70 1950 An.
87 1931 130 1949 ιο.
167 1919 264 1948 cilium
290 1918 419 1949 nostrum
442 1919 646 1957 moventibus,
671 1917 905 1950 Ordinaverimus
930 1918 964 1949 &
993 1916 1233 1950 Constituerimus

15 1964 52 1988 Η.
80 1969 106 1995 7.
167 1956 412 1988 Praecariffimum
425 1956 664 1993 Secundogenitum
677 1956 798 2025 fflrum
818 1959 966 1987 Henricum
983 1958 1088 1999 ¹Ducem
1110 1957 1232 1987 Eburum

15 2001 76 2027 Pat.
93 2008 136 2028 10.
163 1994 324 2028 Custodem
340 1995 473 2026 nostrum
489 1995 661 2027 Generalem
731 1996 877 2026 rchiarum
893 1995 989 2034 Regni
1008 1995 1100 2025 nostri
1118 1997 1231 2035 Angliae

16 2040 52 2065 H.
71 2045 98 2072 7.
165 2035 260 2066 versus
270 2035 367 2066 Partes
380 2034 487 2065 Scotiae
506 2033 660 2072 (videlicet)
677 2034 708 2064 in
722 2034 854 2065 Partibus
862 2033 1115 2072 Estmarchiarum‚
1132 2036 1231 2066 NVest-

16 2084 90 2110 my.
161 2073 370 2118 marchiarum,
384 2073 418 2105 &
440 2071 766 2112 Middelmarchiarum,
782 2083 816 2104 ac
832 2075 864 2104 in
881 2072 1028 2104 Dominio
1042 2072 1142 2104 nostro
1156 2074 1230 2105 Sco-

199 2151 268 2189 Ejus
282 2158 379 2182 tamen
399 2150 552 2182 Minorem
568 2151 602 2182 &
619 2150 788 2189 juvenilem
810 2150 943 2181 AEtatem
969 2152 1080 2182 mature
1099 2152 1229 2183 confide-

159 2198 268 2229 rantes,
292 2190 329 2222 de
351 2190 562 2228 Fidelitatibus‚
584 2190 710 2227 providis
731 2189 1061 2229 circumspectionibus,
1088 2191 1122 2222 &
1141 2190 1230 2223 Indu-

161 2228 254 2268 striis,
273 2228 461 2259 Dilectorum
475 2229 508 2260 &
524 2228 665 2259 Fidelium
679 2227 915 2259 Confiliariorum
929 2228 1112 2267 nostrorum,
1128 2228 1229 2261 Reve-

162 2268 244 2299 rendi
257 2268 286 2297 in
303 2267 423 2298 Christo
435 2267 524 2298 Patris
544 2267 655 2297 Ricardi
670 2266 858 2307 Dunolmenfis
875 2266 996 2306 Episcopi
1011 2266 1146 2298 Custodis
1167 2268 1231 2300 Pri-

164 2307 225 2337 vati
241 2305 330 2346 sigilli
344 2305 452 2344 nostri,
482 2305 621 2336 Willielmi
641 2305 719 2345 Tyler
737 2306 839 2336 Militis
851 2305 1000 2344 Capitanei
1016 2305 1098 2336 Villae
1113 2307 1146 2338 &
1171 2307 1231 2339 Ca-

161 2344 212 2375 stri
225 2346 315 2376 nostri
329 2344 482 2382 Berewici,
499 2343 641 2383 Johannir
654 2346 763 2385 Heyron
776 2344 812 2376 de
819 2345 912 2375 Forde
919 2343 1079 2384 ,Johannis
1094 2348 1229 2386 Carryng-

162 2391 210 2414 ton
223 2385 258 2414 &
416 2383 553 2424 Ratclyff,
571 2384 682 2423 plenius
694 2383 869 2414 confidentes
877 2408 886 2422 ,

200 2420 277 2460 Ipsos
289 2422 401 2454 nostros
416 2421 654 2460 Commiffarios,
671 2421 886 2461 Procuratores,
906 2420 1054 2460 Factores,
1073 2423 1108 2454 &
1125 2422 1229 2462 Depu-

162 2468 253 2500 tatOS,
265 2462 402 2502 ipsiusque
415 2461 614 2498 secundogeniti
628 2461 710 2503 nostri
726 2461 964 2492 Marchiarum&
977 2460 1111 2492 Dominii
1127 2463 1232 2500 praedi-

163 2500 278 2534 <Elorum
293 2501 484 2538 Ordinamus,
501 2499 697 2541 Deputamus,
715 2501 748 2531 &
772 2500 983 2531 Censtituimus
997 2510 1046 2538 per
1059 2499 1230 2540 Praesentes,

198 2536 309 2567 nantes
323 2542 356 2568 ἂ
375 2538 576 2569 concedentes
589 2539 692 2569 eisdem
708 2539 1024 2578 Qinque,Quatuor,
1039 2539 1164 2577 Tribus,
1183 2542 1230 2571 seu

159 2575 284 2607 Duobus
299 2585 401 2606 eorum
419 2578 553 2616 (quorum
562 2575 714 2616 praefatum
733 2578 886 2617 Episcopum
901 2587 991 2607 unum
1006 2577 1062 2608 effe
1081 2579 1226 2616 volumus)

160 2615 275 2653 plenam
292 2614 466 2646 potestatem
482 2617 515 2647 &
531 2616 739 2647 Auctoritatem
760 2627 792 2647 ac
813 2616 985 2647 Mandatum
1011 2616 1127 2653 speciale
1149 2617 1230 2649 Faci-

160 2653 226 2684 endi
242 2654 275 2684 &
287 2653 465 2685 Excercendi
474 2678 486 2694 ,
502 2655 571 2685 loco
591 2656 672 2695 ipsius
691 2656 890 2694 Secundogeniti
901 2655 998 2695 nostri,
1015 2657 1113 2687 omnia
1127 2657 1160 2688 &
1175 2658 1229 2688 fin-

159 2692 225 2733 gula
240 2702 305 2731 quae
319 2693 355 2723 ad
369 2692 510 2724 Officium
526 2692 674 2725 Custodiae
690 2694 852 2731 hujusmodi
867 2696 1007 2732 pertinent
1021 2695 1128 2725 ibidem
1139 2718 1150 2734 ,

198 2731 244 2762 Ac
255 2731 290 2762 ad
305 2733 405 2762 omnia
419 2733 453 2763 &
468 2732 572 2771 singula
589 2743 637 2771 per
651 2733 848 2772 quoscumque
863 2733 1010 2770 Ligeos&
1022 2734 1157 2764 Subditos
1171 2743 1226 2764 no-

161 2769 252 2809 stros,
267 2772 326 2801 tam
341 2770 505 2802 Officiarios
520 2773 605 2810 quam
621 2772 705 2810 alios,
720 2782 819 2803 contra
841 2772 969 2803 formam
983 2782 1226 2812 quarumcumque

156 2807 337 2847 Treugarum
347 2810 380 2840 &
395 2809 572 2840 Guerrarum
589 2810 850 2850 Abstinentiarum,
869 2815 941 2841 inter
954 2812 1014 2839 Nos
1026 2820 1071 2841 aut
1086 2810 1227 2842 Custodes

158 2846 326 2878 Officiarios
342 2848 455 2878 nostros
471 2849 676 2879 Auctoritatem
691 2850 840 2888 habentes,
858 2851 891 2880 &
907 2847 973 2888 ipsos
993 2849 1027 2878 de
1042 2853 1130 2879 Scotia
1151 2849 1226 2880 fimi-

157 2886 222 2917 liter
244 2886 453 2916 Auctoritatem
471 2886 620 2924 habentes,
646 2889 777 2918 initarurn
798 2889 852 2919 five
877 2887 1081 2926 ineundarum,
1100 2888 1225 2920 Subditis

156 2925 193 2957 &
216 2924 311 2964 Ligeis
331 2927 409 2962 Regis
433 2927 583 2963 Scotorum,
604 2926 640 2955 ab
660 2927 824 2964 inceptione
846 2926 1011 2957 earumdem
1027 2927 1225 2966 Treugarum,

155 2963 332 3003 Attemptata
347 2964 380 2994 &
398 2962 573 3001 Perpetrata,
591 2963 638 2993 seu
652 2964 841 3003 imposterum
859 2964 1060 3003 Attemptanda
1072 2966 1105 2996 ὃς
1122 2964 1224 3004 Perpe-

156 3001 271 3041 tranda,
290 3002 367 3038 juxta
384 3001 510 3032 formam
523 3002 705 3039 Treugarum
717 3002 876 3041 hujusmodi
891 3025 900 3042 ,
919 3001 1088 3042 Corrigendi
1097 3027 1107 3042 ,
1120 3003 1227 3034 Refor—

155 3040 271 3078 mandi,
289 3039 322 3071 &
340 3039 536 3078 Emendandi,
555 3040 763 3078 Delinquentes
781 3043 810 3072 in
827 3042 881 3072 hac
902 3041 1004 3079 Parte,
1018 3043 1097 3081 quta
1117 3052 1216 3073 eorum

156 3077 322 3117 Demetita,
341 3079 401 3109 tam
415 3088 464 3116 per
478 3078 717 3110 incarcerationes
738 3079 904 3118 Corporum
921 3080 1056 3119 suorum,
1073 3082 1160 3120 quam
1174 3091 1225 3119 per

157 3115 361 3148 Distritstiones
378 3117 553 3157 Terrarum,
570 3119 839 3156 Tenementorum,
858 3118 1022 3157 Bonorum,
1041 3122 1074 3151 &
1098 3119 1224 3150 Carano-

154 3164 221 3186 rum
237 3154 350 3186 suorum
364 3157 482 3187 ubicum
504 3167 538 3187 ue
552 3158 664 3187 inventa
673 3157 790 3195 fuerint,
809 3159 867 3189 tam
882 3158 953 3188 infra
966 3157 1120 3190 Libertates
1133 3161 1223 3196 quam

155 3202 251 3232 extra,
269 3193 479 3234 Castigandi&
521 3196 654 3233 uniendi,

190 3232 324 3263 Necnon
344 3233 380 3263 ad
400 3233 644 3273 Cognoscendum
663 3236 691 3264 in
711 3235 845 3266 omnibus
872 3234 1019 3274 Querelis,
1036 3235 1167 3274 PlacitiS,
1186 3237 1220 3268 &

156 3269 286 3309 Debitis,
299 3272 363 3316 tam·
378 3273 408 3302 in
429 3271 609 3312 Prisonariis,
627 3273 747 3313 Spoliis,
765 3273 898 3314 Rapinis,
916 3275 1003 3313 quam
1027 3276 1085 3306 aliis
1109 3275 1222 3314 quibus-

150 3318 283 3348 cumque
295 3310 376 3340 factis
389 3309 584 3350 Guerrarurn,
602 3312 710 3342 ibidem
727 3314 813 3343 motis
835 3313 879 3343 vel
901 3313 1066 3352 movendis,
1084 3324 1118 3345 ac
1136 3314 1220 3344 etiarn

150 3347 188 3378 ad
203 3348 380 3380 Tenendum
398 3348 537 3380 Seffiones
549 3351 579 3381 in
595 3351 820 3389 quibuscumque
835 3351 924 3382 Locis
932 3351 1128 3384 Marchiarum
1146 3361 1219 3389 prae-

152 3385 312 3426 dictarum,
331 3389 391 3418 tam
404 3388 476 3419 infra
485 3387 640 3420 Libertates
653 3391 740 3428 quam
754 3399 848 3428 extra,
867 3390 901 3420 &
916 3390 951 3420 ad
966 3390 1171 3429 Inquirendum
1184 3391 1220 3422 de

151 3425 383 3493 guibuscumque
397 3426 524 3458 Personis
538 3437 639 3459 contra
655 3431 670 3445 ‘f
684 3429 810 3459 formam
825 3428 1024 3466 praedietarum
1037 3430 1218 3468 Treugarum

201 3462 444 3505 ordinationum,
459 3475 509 3505 per
519 3466 740 3498 Commiffarios
755 3467 868 3498 nostros
887 3468 921 3497 &
940 3467 1160 3500 Commiffarios
1176 3469 1220 3499 di·

145 3501 197 3532 ‘Cri
221 3502 308 3542 Regis
327 3502 499 3544 Scotorum,
521 3505 567 3536 seu
588 3505 768 3537 Treuoamm
788 3507 904 3537 aliarum
923 3516 969 3537 aut
994 3507 1218 3538 Ordinationum

171 3550 418 3585 umumcumqoe,
441 3545 504 3574 tam
523 3554 572 3581 pet
595 3531 795 3584 quosgumque
814 3543 1037 3577 Commiffirios
1056 3546 1166 3577 nostros
1184 3547 1218 3577 &

183 3578 374 3610 ommrffirios
393 3582 471 3618 Regis
483 3585 636 3621 Scotorum,
656 3584 742 3622 quarn
766 3594 817 3622 per
837 3582 1020 3615 Cariffirnum
1039 3584 1217 3623 Confingui-

149 3627 239 3648 neum
256 3617 388 3649 nostrum
409 3618 541 3649 :mamam
561 3623 689 3651 Comitem
712 3625 814 3651 Surriae
840 3621 1052 3654 Subcustodem
1071 3625 1104 3655 &
1130 3624 1217 3655 Vice-

185 3655 316 3687 rdianurn
332 3655 461 3686 nostrum
484 3659 518 3689 ὅ(
541 3659 623 3696 ipfius
644 3661 844 3698 secundogeniti
859 3659 942 3698 nostri
967 3660 1162 3694 Marchiarum
1181 3664 1216 3693 &

146 3704 150 3707 ·
207 3694 289 3725 minii
298 3693 463 3724 nostrorum
478 3696 696 3736 praedistmum,
714 3699 757 3729 seu
775 3698 951 3735 Deputatum
960 3699 1040 3730 suurn
1051 3724 1060 3739 ,
1081 3701 1215 3733 Auctori-

150 3741 205 3766 ατε
221 3732 422 3766 Subcustodiae
438 3733 471 3764 &
487 3733 737 3773 Vicegardianatfis
758 3737 807 3766 sibi
828 3737 858 3766 in
874 3737 928 3767 hac
947 3747 1024 3777 parte
1043 3741 1213 3780 commissa,

150 3781 314 3812 mpmrum,
337 3771 514 3809 habitarum,
531 3773 680 3812 irritatum,
699 3775 745 3804 seu
765 3774 924 3814 faeiat-um,
942 3785 989 3806 aut
1006 3778 1213 3818 imposterum,

149 3809 267 3842 durante
280 3808 470 3842 subcustodi&
484 3810 518 3841 ὃς
535 3810 768 3849 Viczgsrdianatu
788 3813 857 3852 suis,
875 3814 1091 3855 capiendarum,
1108 3819 1213 3848 ineun-

149 3847 266 3887 darum,
282 3849 326 3882 seu
338 3848 531 3880 faciendarum
549 3851 651 3888 quovis
667 3850 756 3881 modo
774 3850 1032 3891 Delinquenribus,
1051 3855 1084 3886 &
1100 3856 1136 3886 de
1157 3856 1211 3886 hu-

146 3885 272 3929 jusmodi
283 3888 409 3920 Personis
423 3890 455 3919 &
473 3897 573 3918 eorum
590 3887 714 3919 Deliffls
730 3889 840 3926 plenius
860 3890 1089 3931 informandum,
1107 3893 1211 3932 eosque

144 3933 223 3962 juxta
238 3925 421 3958 Delictorum
436 3927 638 3964 quantitatem,
655 3927 714 3957 tarn
727 3927 799 3957 infra
814 3927 950 3966 Regnum
961 3929 1093 3961 nostrum
1109 3934 1210 3970 praedi-

149 3963 232 3993 &um
248 3965 337 4001 quam
354 3964 499 3995 Marchias
512 3965 678 4003 praedictas,
699 3964 922 4004 Castigandum3
942 3967 975 3997 &
988 3969 1047 3998 tam
1069 3970 1100 4000 in
1124 3970 1210 4002 Bonis

145 4002 233 4040 quam
248 4002 279 4030 in
291 4000 419 4033 Personis
434 4003 615 4034 Puniendum
624 4026 633 4040 ,
650 4012 734 4041 prout
749 4003 846 4034 melius
879 4014 913 4034 ro
926 4004 1150 4039 Conservatione
1166 4009 1211 4040 di-

143 4041 256 4071 &arutn
270 4039 450 4079 Treugarum
473 4042 507 4073 &
528 4041 769 4078 ordinationum,
783 4051 816 4072 ac
876 4044 988 4075 vatione
1009 4044 1207 4077 Marchiarum

141 4077 347 4115 praedictarum
366 4079 471 4111 eisdem
493 4078 724 4119 Commiffiriis,
749 4080 998 4121 Procuratoribus‚
1023 4082 1209 4125 Factoribus,

14 3433 35 3454 *
49 3436 118 3463 XII.

16 3482 79 3509 570·

1251 3757 1351 3796 di,&

2315 231 2369 270 79

1289 287 1499 355 ἔῖεθερυωῑίε
1518 292 1619 325 nostris
1641 294 1767 334 diciique
1789 298 1987 336 Secundogeniti
2007 298 2090 340 nostri
2111 300 2251 333 videbitur
2269 312 2353 344 expe·
2369 298 2448 330 Ann.
2461 298 2503 333 D.

1357 349 1366 363 ι
2390 347 2401 367 1
2470 360 2476 367 ι

1328 364 1460 397 Necnon
1475 368 1509 398 ad
1523 371 1713 415 quascumque
1732 372 1835 415 Poenas
1851 374 2027 406 pecuniarias
2051 386 2096 407 aut
2111 377 2173 407 alias
2190 377 2351 416 obligatio-
2368 346 2478 411 &2:93⁸

1289 412 1356 440 nes,
1372 413 1437 442 quas
1453 415 1506 443 pro
1521 407 1682 440 Violatione
1697 411 1857 446 hujuimodi
1872 413 2050 452 Treugarum
2077 416 2109 445 St
2127 416 2349 446 Ordinationum

1288 439 1421 470 Personae
1443 452 1633 485 quaecumque
1669 458 1698 478 ut
1720 452 1914 488 praemittitir,
1934 451 2136 491 Delinquentes
2155 456 2352 492 incurrerunt²

1287 477 1458 546 {delegandum
1473 503 1483 518 ,
1509 483 1543 513 &
1565 495 1614 521 per
1631 471 1806 523 beputatum
1829 490 1861 520 ὃ(
1886 488 2034 521 Μίηίὶὶῐὼ
2054 493 2116 523 suos
2138 492 2223 524 levari
2248 493 2351 524 facien-

1368 540 1379 555 2

1325 555 1371 586 Ac
1387 555 1580 601 quascumque
1594 557 1644 587 fibi
1660 559 1689 589 in
1706 560 1880 595 Executione
1894 564 2077 598 Praesentiurn
2091 568 2288 602 inobedientes
2301 571 2348 603 seu

1284 603 1381 637 parere
1394 596 1427 626 δε
1446 595 1562 640 obedire
1584 595 1769 639 Recusantes,
1788 603 1839 631 viis
1859 604 1892 633 δε
1915 605 2007 635 modis
2028 608 2126 643 quibus
2149 611 2343 649 expedientius

1285 633 1389 677 eisdem
1411 632 1636 671 Commffirns,
1666 635 1914 678 ProcuratoribuS,
1933 641 2114 684 Factoribus,
2132 648 2165 678 ὅ(
2188 648 2335 687 Dcputaris

1285 671 1446 718 Quinque,
1466 673 1618 712 Qaruor,
1635 673 1757 711 Tribus,
1774 686 1819 706 aut
1835 677 1958 709 Duobus
1969 690 2068 713 eorum
2089 685 2221 723 (quorum
2239 672 2347 726 praeffss

1283 717 1341 753 tum
1354 709 1512 750 Epzfiopum
1526 721 1616 742 unum
1630 712 1687 743 effe
1699 713 1842 750 volumus)
1863 716 2002 748 videbitur
2017 719 2221 758 Castigandum
2238 729 2269 756 &
2286 727 2346 758 Pu-

1284 750 1437 787 mendum,
1455 751 1499 781 vel
1512 751 1594 788 alias,
1612 750 1631 780 si
1648 751 1677 780 in
1694 761 1792 782 eorum
1808 751 2001 786 Inobedientia
2014 759 2186 794 persteterint
2220 765 2253 794 ad
2275 766 2345 798 Nos

1280 787 1314 817 δε
1329 786 1500 819 Concilium
1513 789 1661 827 nostrum,
1681 799 1712 820 ut
1727 800 1887 830 congruum
1902 792 2079 827 adhibeamus
2101 786 2272 833 Remedium
2310 805 2345 836 fi-

1281 835 1318 855 ne
1335 826 1486 865 dilatione,
1503 826 1750 867 Certificandum3
2282 827 2292 842 '

1318 863 1430 896 Damus
1439 867 1525 896 etiam
1540 864 1766 905 Commiffiriis,
1776 866 2026 908 procuratoribus,
2043 871 2203 907 Factoribus
2237 879 2342 912 &De-

1280 905 1403 943 putatis,
1423 905 1579 944 Qiinque,
1608 905 1759 945 Quatuor,
1783 905 1912 945 Tribus,
1928 908 1973 938 vel
1997 908 2119 942 Duobus
2140 902 2237 946 eoruin
2258 919 2342 956 (quo-

1278 951 1342 971 rum
1357 941 1508 982 praefarum
1521 941 1676 983 Epifiopum
1689 954 1779 975 unum
1796 945 1853 975 effe
1872 945 2015 983 volumus)
2035 947 2206 982 Potestatem
2226 955 2258 985 &c
2281 958 2343 988 Au-

1277 979 1455 1020 Ctorstarem,
1472 983 1588 1012 Tenore
1603 982 1802 1021 praesentium,
1817 984 1851 1014 ad
1869 983 2074 1022 Inquirendum
2099 988 2134 1018 de
2155 993 2287 1024 omnibus
2307 998 2341 1028 ὃς

1279 1016 1392 1055 singulis
1415 1020 1543 1051 Personis
1561 1022 1611 1059 qui
1632 1021 1776 1060 Covinas,
1800 1022 2027 1063 Conventicula,
2046 1025 2090 1056 seu
2114 1027 2342 1068 Conspirationoe

1277 1065 1346 1100 Cum
1363 1057 1490 1090 Inimicis
1508 1059 1624 1096 nostris,
1641 1061 1670 1089 in
1688 1060 1793 1090 Nostri
1806 1070 1852 1091 aut
1875 1061 2034 1099 Ligeorum
2050 1063 2214 1098 nostrorum
2236 1068 2341 1109 Praeju-

1276 1093 1386 1126 dicium
1400 1119 1411 1134 ,
1435 1098 1677 1136 qualitercumque
1701 1100 1734 1130 &
1757 1109 1942 1138 quocumque
1964 1103 2062 1133 colore
2084 1104 2220 1144 fecerint,
2238 1109 2271 1139 &
2293 1120 2342 1141 eos

1275 1142 1387 1165 exnunc
1403 1135 1539 1167 Relevare
1553 1136 1792 1176 praesumpserint,
1811 1139 1844 1169 &
1859 1138 1891 1168 ad
1909 1139 2070 1178 hujusmodi
2079 1142 2213 1175 Personas
2227 1147 2259 1176 δε
2273 1148 2340 1180 alios

1276 1170 1441 1216 Proditores
1463 1177 1574 1206 nostros
1595 1177 1624 1205 in
1647 1176 1700 1206 hac
1722 1186 1797 1215 parte
1821 1177 1934 1216 debite,
1948 1180 2021 1216 juxta
2048 1190 2147 1212 eorum
2173 1183 2320 1217 Demetita

1275 1208 1477 1250 Castigandum
1494 1215 1528 1245 &
1541 1213 1739 1253 Puniendum,
2329 1210 2340 1227 ²

1296 1249 1444 1292 'Necnon
1467 1255 1501 1282 ad
1525 1252 1678 1292 Querelas,
1696 1252 1818 1292 placita,
1841 1255 1875 1286 δε
1901 1254 2082 1294 Demandas,
2100 1267 2254 1296 praenotata
2274 1263 2336 1294 Au·

1271 1286 1411 1331 diendum
1428 1291 1462 1321 δε
1478 1290 1716 1329 Discutiendum,
1731 1293 1764 1323 &
1778 1292 1850 1323 Fine
1864 1293 1964 1324 debito
1973 1294 2220 1336 Terminandum,
2238 1300 2337 1332 secun-

1271 1325 1342 1355 dum
1361 1327 1470 1368 Legem
1492 1329 1526 1360 δε
1548 1328 1793 1361 Consuetudinem
1814 1331 1943 1362 Patrium
1964 1333 1997 1363 ὅ(
2023 1333 2156 1366 Dominii
2180 1340 2336 1375 praedicto-

1272 1374 1336 1394 rum
1347 1389 1356 1403 ,

1300 1404 1355 1446 'Ac
1377 1405 1462 1435 etiam
1483 1406 1519 1437 ad
1540 1405 1645 1445 Vigiles
1667 1408 1700 1438 &
1720 1406 1754 1437 ad
1771 1406 1854 1445 alios,
1879 1408 1912 1439 ad
1937 1408 2171 1451 Explorandum,
2196 1413 2265 1446 Nos
2299 1427 2334 1450 ac

1272 1439 1380 1472 Fideles
1399 1443 1510 1474 nostros
1551 1454 1582 1475 ro
1601 1444 1774 1475 Defenfione
1790 1445 1884 1476 nostra
1907 1448 1939 1477 ἃ
1959 1448 2057 1486 Regni
2079 1450 2166 1481 nostri
2189 1440 2315 1491 praedi'c‘ti

1271 1488 1370 1510 contra
1387 1481 1512 1513 Hostiles
1531 1455 1661 1513 {neurius
1683 1483 1870 1514 Inimicorum
1893 1485 2055 1517 nostrorum
2077 1489 2199 1530 Scotiae,
2219 1493 2238 1522 fi
2263 1480 2335 1532 quo}

1272 1518 1306 1561 ad
1324 1518 1403 1551 Mala
1417 1521 1507 1559 aliqua
1524 1521 1622 1550 Nobis
1636 1521 1681 1552 seu
1698 1522 1802 1560 Regno
1820 1523 1937 1562 nostro,
1956 1535 2003 1555 aut
2019 1526 2159 1559 Fidelxbus
2176 1532 2275 1562 nostris
2291 1533 2333 1564 fa-

1273 1557 1371 1588 cienda
1392 1561 1487 1589 venire
1509 1560 1677 1599 contigerit,
1696 1559 1964 1600 Praemuniendum‚
1987 1564 2151 1602 Sumptibus
2177 1568 2333 1602 Liaeorum

1271 1595 1437 1628 nostrorum
1450 1598 1575 1629 Patrium
1589 1599 1770 1640 earumdem,
1790 1600 1826 1629 de
1841 1600 1959 1631 Asseusu
1975 1603 2007 1631 ὃ(
2017 1603 2165 1635 Veluniate
2174 1594 2241 1646 suff,
2249 1619 2334 1647 prout

1271 1643 1350 1704 antec?
1365 1637 1473 1667 ibidem
1489 1637 1689 1668 rationabiliter
1707 1638 1767 1667 neri
1782 1637 1943 1677 consuevit,
1969 1641 2167 1673 Ordinandum
2187 1647 2219 1676 δε
2235 1648 2335 1679 Praefi-

1289 1684 1324 1704 en
1347 1685 1397 1704 um

1269 1681 1292 1755 g·
1309 1713 1355 1743 Ac
1369 1697 1525 1744 ad'Villam
1541 1714 1574 1745 &
1588 1713 1724 1744 Castrum
1739 1714 1834 1745 nostra
1847 1715 1883 1746 de
1905 1715 2042 1756 Berwyk,
2059 1718 2088 1748 in
2111 1718 2239 1751 Partibus
2262 1723 2334 1755 Sco.

1271 1758 1337 1787 tiae,
1357 1754 1486 1789 quociens
1500 1754 1527 1782 in
1543 1752 1617 1782 Casu
1633 1763 1692 1791 quo
1704 1753 1738 1783 ad
1753 1754 1874 1791 aliquam
1898 1754 2088 1785 Oblidionem
2109 1759 2142 1788 ad
2159 1759 2263 1791 Villam
2278 1763 2335 1794 five

1270 1788 1404 1832 Castrum
1419 1791 1464 1822 illa
1478 1791 1684 1831 imposterum,
1703 1793 1864 1822 durantibus
1887 1793 1937 1822 hiis
1956 1793 2133 1832 praesentibus
2160 1797 2260 1830 Literis
2279 1811 2334 1831 no-

1270 1826 1349 1866 stris,
1368 1838 1415 1867 per
1431 1830 1535 1860 Scotos
1550 1838 1596 1860 aut
1613 1830 1681 1860 alios
1695 1829 1829 1861 Inimicos
1846 1830 1957 1861 nostros
1971 1835 2091 1871 proponi
2106 1834 2164 1865 fieri
2176 1836 2222 1868 seu
2235 1838 2331 1871 haberi

1269 1868 1438 1906 contigerit,
1455 1868 1695 1905 Rescutiendum,
1714 1867 1951 1908 Defendendum,
1967 1873 2000 1901 ὅ(
2014 1871 2205 1913 Salvandum,

1305 1904 1344 1936 Et
1357 1916 1455 1937 omnes
1470 1906 1616 1937 Homines
1635 1906 1821 1938 Defensibiles
1831 1930 1840 1945 ,
1859 1910 1930 1939 inter
1945 1918 2056 1940 aetatem
2071 1910 2219 1944 Sexdecim
2237 1915 2331 1947 &Se-

1268 1945 1379 1987 xaginta
1394 1946 1547 1976 Annorum
1561 1945 1726 1985 existentes,
1745 1947 1773 1976 in
1794 1946 1946 1978 Comitatu
1960 1948 2199 1991 Northumbriae,
2217 1964 2252 1984 ac
2265 1965 2333 1986 om-

1269 1983 1350 2013 nibus
1362 1983 1419 2014 aliis
1440 1983 1650 2023 ComitatibuS‚
1670 1983 1775 2024 Locis,
1793 1987 1826 2016 &
1843 1985 1982 2016 Marchiis
2003 1988 2061 2017 tarn
2084 1988 2153 2020 infra
2174 1990 2332 2025 Libertateo

1270 2021 1356 2058 qu‘am
1371 2031 1460 2060 exrra,
1482 2024 1510 2052 in
1525 2024 1628 2063 quibus
1644 2025 1776 2053 Henricus
1789 2026 1870 2064 Percy
1887 2022 2021 2055 Chivaler
2038 2025 2220 2067 Defunc'ms,
2236 2041 2330 2069 quon-

1269 2059 1336 2090 dam
1357 2059 1463 2091 Custos
1483 2060 1680 2093 Marchiarum
1701 2062 1918 2101 praedic'tarum,
1937 2062 2097 2102 hujusmodi
2116 2066 2279 2107 Homines,
2297 2072 2335 2102 de

1269 2106 1402 2168 temporie
1415 2109 1474 2139 quo
1488 2100 1559 2131 idem
1574 2102 1707 2130 Henricus
1722 2099 1828 2132 Custos
1843 2101 1950 2132 ibidem
1965 2103 2111 2143 extiterat,
2129 2107 2237 2137 arraiari
2253 2108 2333 2148 fecit,

1267 2146 1370 2168 arra1an
1391 2148 1441 2169 um

1306 2175 1345 2207 Et
1358 2176 1393 2208 ad
1407 2161 1508 2208 om’nes
1521 2176 1666 2208 Homines
1679 2177 1713 2208 ad
1731 2177 1836 2216 Arma,
1857 2177 2008 2226 Armatos,
2025 2179 2213 2223 Hobelario<‚
2232 2185 2265 2216 &
2280 2185 2331 2218 Sa-

1268 2214 1391 2253 gittarios
1410 2215 1566 2253 (videlicet)
1587 2216 1743 2255 quemlibet
1761 2227 1880 2255 eorum,
1895 2218 1972 2256 juxta
1989 2220 2082 2251 Status
2100 2220 2138 2252 sui
2161 2224 2330 2261 exigentiam

1268 2255 1302 2284 &
1317 2253 1472 2285 Facultates
1487 2254 1560 2293 suaS,
1581 2255 1676 2285 Armis
1690 2256 1920 2295 competentibus
1941 2258 2065 2298 muniri,
2083 2259 2116 2291 &
2136 2261 2165 2291 in
2188 2261 2332 2305 Millenis,

1268 2290 1424 2331 Centenis,
1443 2294 1476 2324 &
1491 2293 1621 2324 Vintenis
1633 2295 1717 2333 poni,

1304 2330 1342 2362 Et
1356 2342 1404 2361 eos
1421 2332 1458 2362 sic
1471 2333 1598 2363 arraiatos
1615 2333 1647 2363 δε
1665 2333 1791 2362 munitos
1814 2333 1844 2362 in
1866 2331 2041 2365 Arraiatione
2059 2333 2220 2373 hujusmodi
2244 2340 2335 2372 teneri

1266 2367 1447 2408 faciendum,
1465 2371 1502 2401 ita
1519 2371 1599 2408 quod
1613 2381 1714 2401 omnes
1725 2370 1870 2402 Homines
1885 2372 1920 2403 ad
1938 2373 2043 2409 Arma,
2060 2373 2185 2415 Armati,
2201 2376 2332 2409 Hobela.

1265 2408 1318 2447 rii,
1338 2409 1371 2439 &
1385 2409 1523 2447 Sagittarii
1538 2409 1627 2440 Parati
1646 2410 1680 2440 &
1698 2409 1831 2447 Prompti
1844 2410 1961 2441 existant
1981 2411 2015 2442 ad
2036 2411 2277 2447 Proficiscendum
2298 2418 2330 2448 in

1266 2445 1471 2478 Defenfionem
1487 2447 1587 2485 Regni
1602 2449 1634 2479 ὃ(
1644 2447 1839 2478 Marchiarum
1854 2449 2054 2487 praedic‘lorum
2064 2473 2073 2488 ,
2093 2461 2206 2484 necnon
2221 2457 2248 2485 in
2258 2454 2330 2485 Rei·-

1265 2484 1396 2523 cussum‚
1423 2485 1626 2517 Defenfionem
1644 2510 1653 2524 ,
1679 2487 1712 2517 &
1741 2486 1852 2517 Salvam
1876 2486 2044 2518 Custodiam
2069 2488 2152 2521 Villae
2180 2493 2212 2522 &
2235 2493 2328 2524 Castri

1266 2523 1356 2554 nostri
1378 2525 1414 2554 de
1434 2524 1553 2564 Berwyk
1568 2524 1790 2563 praedictorum,
1809 2527 1936 2564 quotiens
1959 2536 1992 2556 ex
2012 2527 2069 2558 hoc
2083 2537 2132 2566 per
2145 2530 2218 2568 ipsos
2234 2531 2331 2563 Com·

1269 2563 1421 2600 miffirios,
1442 2564 1659 2602 Procuratores,
1674 2564 1820 2603 Fac'tores,
1839 2565 1872 2595 &
1888 2564 2048 2605 Deputatos
2064 2576 2098 2597 ex
2117 2567 2198 2600 Parte
2213 2571 2247 2601 ὃς
2260 2571 2331 2602 Νο-

1266 2603 1345 2632 mine
1362 2601 1462 2633 nostris
1477 2602 1580 2632 fuerint
1597 2602 1776 2640 praemuniti‚

1305 2639 1343 2670 Et
1355 2641 1389 2670 ad
1402 2651 1502 2671 omnes
1517 2641 1658 2672 Homines
1673 2640 1835 2679 hujusmodi
1857 2641 1892 2672 ad
1908 2642 2014 2680 Arma,
2032 2642 2181 2684 Armatos,
2201 2646 2330 2679 Hobela-

1265 2679 1338 2717 rios,
1357 2679 1390 2709 &
1407 2679 1588 2717 Sagittarios,
1605 2679 1638 2709 ad
1654 2679 1681 2708 se
1697 2681 1724 2709 in
1740 2679 1834 2709 forma
1849 2680 1983 2717 praedicta
1991 2682 2197 2723 Arraiandum,
2217 2686 2236 2704 ἢ
2252 2687 2284 2718 &
2301 2688 2329 2718 in
2347 2692 2362 2708 ο
2380 2692 2449 2722 χῃ,

1267 2717 1470 2749 Defenfionem
1488 2717 1687 2748 Marchiarum
1711 2717 1805 2757 Regni
1826 2719 1859 2749 &
1884 2718 2023 2750 Fidelium
2046 2720 2210 2752 nostrorum
2232 2726 2410 2767 praedi-571,

1265 2755 1397 2795 c'torum,
1414 2758 1448 2787 δε
1468 2757 1497 2786 in
1519 2755 1688 2787 Rescussum
1700 2778 1710 2794 ,
1731 2755 1954 2796 Defenfionem,
1980 2759 2014 2789 ὃς
2036 2758 2146 2790 Salvam
2163 2760 2331 2796 Custodiam

1264 2794 1349 2825 Viilae
1366 2795 1398 2825 ὅ(
1415 2793 1508 2825 Castri
1524 2795 1745 2832 praedicCtorum,
1766 2796 1896 2831 quotiens
1917 2797 1950 2826 &
1973 2797 2087 2833 quando
2109 2798 2259 2837 Indiguitas
2278 2803 2328 2842 fit,

1265 2833 1298 2863 ὃ(
1317 2841 1401 2871 prout
1419 2843 1472 2871 pro
1489 2833 1649 2864 Salvatione
1666 2834 1697 2863 &
1720 2832 1896 2864 Defeniione
1913 2834 2108 2864 Marchiai-um
2124 2836 2223 2874 Regni
2239 2841 2329 2871 &Fi-

1264 2872 1370 2902 delium
1387 2871 1549 2902 nostrorum
1566 2872 1787 2910 praedictorum,
1804 2882 1837 2902 ac
1851 2872 1983 2902 Rescuffu
1993 2895 2002 2910 ,
2019 2873 2209 2914 Defenfione,
2225 2878 2258 2908 ὅ(
2269 2878 2330 2909 Sal-

1266 2910 1302 2940 va
1319 2909 1457 2941 Custodia
1481 2909 1563 2940 Villae
1581 2912 1614 2940 &
1633 2909 1725 2939 Castri
1747 2910 1878 2947 illorum,
1899 2911 1999 2941 melius
2023 2912 2163 2943 videbitur
2183 2916 2312 2953 expedire

1266 2948 1506 2988 Congregandum
1530 2949 1564 2979 ὅ(
1589 2947 1775 2985 Uniendum,
1793 2958 1827 2978 ac
1851 2948 1879 2977 in
1900 2948 2124 2988 Defenfionem‚
2142 2940 2331 2994 Rescuffum}

1266 2989 1300 3018 &
1319 2987 1429 3018 Salvam
1444 2985 1616 3017 Custodiam
1632 2986 1784 3025 praedietos
1799 2986 1961 3025 Proficisci,
1980 2986 2078 3026 Duci,
2096 2989 2129 3020 &
2146 2989 2274 3032 Morari,
2291 3003 2327 3026 ac

1265 3025 1438 3056 Recusantcs
1455 3035 1503 3062 per
1518 3024 1771 3055 Incarcerationem
1788 3024 1954 3062 Corporum
1969 3025 2081 3056 suorum
2104 3038 2136 3058 ac
2151 3029 2208 3059 aliis
2223 3032 2276 3062 viis
2291 3034 2326 3064 δε

1266 3065 1376 3103 modis,
1416 3065 1494 3094 uibus
1514 3063 1612 3095 melius
1625 3073 1676 3101 pro
1690 3062 1851 3093 Salvatione
1865 3063 2059 3095 Marchiarum
2074 3064 2169 3106 Regni
2190 3069 2223 3099 &
2246 3069 2327 3102 Fide-

1263 3103 1333 3133 lium
1350 3113 1390 3133 no
1417 3112 1513 3132 rorum
1529 3102 1731 3139 praedictorum
1741 3124 1750 3140 ,
1765 3111 1798 3132 ac
1815 3101 1950 3133 Rescuffu
1960 3126 1970 3141 ,
1989 3102 2181 3141 Defenfione,
2196 3107 2229 3137 &
2244 3107 2327 3141 Salvi

1262 3140 1404 3172 Custodia
1418 3141 1585 3171 eorumdem
1602 3139 1631 3170 V
1632 3140 1686 3170 illae
1700 3140 1733 3170 ὅ(
1751 3138 1845 3170 Castu
1859 3142 1889 3171 in
1903 3141 1956 3171 hac
1974 3151 2051 3179 parte
2068 3144 2197 3181 expedire
2210 3146 2324 3188 viderit,

1261 3180 1405 3216 Distringi
1418 3181 1451 3210 &
1465 3178 1608 3218 Compelli
1623 3179 1784 3210 faciendum
1795 3202 1804 3216 ,

1302 3218 1509 3257 Affignavimus
1536 3217 1643 3254 insuper
1671 3218 1765 3248 dictos
1787 3217 2018 3257 Commissarios,
2037 3218 2253 3261 Procuratores,
2271 3222 2323 3254 Fa-

1260 3257 1371 3294 &ores,
1387 3257 1419 3287 &
1441 3255 1599 3294 Deputatos
1620 3255 1730 3286 nostros
1751 3255 1877 3297 ipfiusque
1893 3258 2090 3294 Secuszdogent‘ti
2109 3258 2191 3299 nostri
2198 3282 2208 3298 ,
2233 3271 2266 3292 ac
2283 3264 2323 3294 eis

1261 3296 1416 3334 Quinque,
1437 3295 1584 3334 Quatuor,
1602 3295 1709 3324 Tribus
1743 3297 1774 3326 &
1800 3295 1924 3325 Duobus
1943 3305 2044 3326 eorum
2064 3299 2199 3335 <quorum
2214 3299 2323 3340 praefh-

1258 3341 1317 3363 tum
1331 3333 1485 3373 Epifiopum
1498 3343 1587 3364 unum
1601 3333 1658 3364 effe
1674 3319 1817 3368 vosumus)
1831 3333 1957 3373 plenam,
1983 3333 2100 3364 Tenore
2119 3334 2323 3380 praesentium,

1258 3372 1434 3403 Potestatem
1451 3373 1483 3404 ὃς
1501 3372 1711 3403 Auctoritatem
1727 3372 1837 3402 Damus
1853 3373 1885 3403 &
1903 3371 2121 3404 Committimus
2143 3374 2321 3411 Guerrarum

1260 3411 1467 3449 Abstinentiae,
1484 3415 1557 3441 inter
1571 3413 1630 3440 Nos
1646 3420 1678 3441 ac
1695 3410 1798 3448 Ligeos
1815 3411 1848 3441 ὃ(
1862 3410 1996 3440 Subditos
2011 3411 2123 3442 nostros
2137 3414 2170 3445 &
2182 3413 2320 3453 Jacobum

1259 3454 1395 3480 Scotorum
1412 3453 1526 3488 Regem,
1547 3450 1659 3488 ejusque
1672 3449 1775 3492 Ligeos
1795 3449 1829 3480 &
1849 3448 1997 3492 Subditos,
2017 3459 2084 3480 cum
2101 3452 2218 3489 praefato
2238 3454 2321 3495 Rege

1259 3489 1432 3528 Scotorum,
1451 3489 1495 3519 seu
1509 3491 1565 3526 ejus
1573 3488 1798 3525 comminatius,
1815 3487 1981 3526 Deputatts,
2000 3488 2076 3519 &N
2080 3491 2168 3521 unciis
2177 3490 2319 3525 sufficien-

1258 3535 1317 3559 tem
1330 3527 1501 3558 Potestatem
1517 3527 1551 3557 ad
1568 3527 1625 3557 hoc
1638 3527 1806 3556 habentibus
1816 3548 1825 3563 ,
1842 3535 1857 3555 a
1877 3524 2039 3563 Septimana
2054 3528 2083 3558 in
2106 3527 2319 3572 Septimanam,

1257 3577 1271 3596 a
1290 3566 1410 3596 Duabus
1421 3565 1589 3604 Septimanis
1602 3567 1630 3595 in
1644 3565 1722 3595 Duas
1737 3564 1922 3602 saptimanas,
1939 3575 1953 3595 a
1970 3565 2079 3596 Tribus
2097 3565 2265 3605 Septimanis
2283 3572 2315 3602 in

1256 3605 1330 3635 Tres
1342 3605 1534 3642 Sepdmams,
1549 3613 1564 3632 a
1584 3603 1683 3633 Mense
1697 3603 1754 3634 sive
1770 3602 1917 3633 Mensibus
1930 3603 1958 3632 in
1977 3603 2109 3636 Mensem
2124 3606 2179 3636 sive
2189 3606 2315 3648 Menses,

1255 3653 1308 3681 pro
1324 3643 1424 3673 Nobis
1436 3643 1469 3673 &
1483 3640 1618 3672 Nomine
1630 3641 1747 3679 nostro,
1758 3642 1833 3679 juxta
1855 3640 2054 3673 discretionem
2076 3643 2198 3683 ipsorum
2217 3645 2314 3677 Com-

1254 3681 1463 3718 miffariorum,
1479 3679 1718 3715 Procuratorum,
1734 3679 1906 3722 Factorum,
1925 3680 1958 3710 &
1975 3679 2185 3720 Deputatorum
2201 3683 2316 3717 nostro-

1254 3729 1318 3750 rum
1331 3717 1663 3787 &gfiusngcunfogeniti
1674 3716 1773 3756 nostri,
1792 3715 1931 3756 Caplendi
1940 3717 2092 3759 ‚Ineundi,
2105 3719 2315 3759 Appundman-

1395 3767 1480 3787 oncu
1502 3766 1536 3786 en
1558 3767 1565 3785 ι

1289 3795 1489 3826 Promittentes
1502 3778 1629 3832 Raru'm,
1648 3793 1772 3824 Gratum
1782 3817 1792 3831 ,
1808 3794 1842 3825 &
1859 3793 1990 3825 Firmum
2007 3795 2150 3827 habituros
2167 3806 2262 3830 totum
2276 3801 2313 3832 ὃς

1272 3834 1388 3872 uicquid
1411 3844 1460 3871 per
1482 3832 1573 3862 dictos
1592 3831 1811 3862 Commiffarios
1827 3855 1837 3871 ‚
1860 3832 2075 3872 Procuratores,
2101 3835 2251 3876 Factores,
2277 3839 2312 3870 δε

1284 3881 1413 3910 eputatos
1426 3870 1538 3901 nostros
1557 3869 1684 3938 is'fissue
1703 3871 1903 3909 Secundogeniti
1914 3872 1996 3911 nostri
2011 3872 2043 3901 in
2062 3872 2157 3904 forma
2174 3877 2311 3912 praediffl

1255 3911 1376 3942 Factum
1393 3910 1449 3940 five
1463 3907 1586 3939 Gestum
1615 3910 1683 3939 uerit
1699 3910 1729 3938 in
1744 3908 1901 3939 Praemiffis.

1288 3949 1322 3979 In
1335 3949 1431 3987 cujus,
1448 3949 1509 3978 &c.
1527 3957 1576 3984 per
1595 3957 1684 3977 unum
1701 3949 1821 3978 Annum
1836 3948 1986 3977 duraturas.

1285 3986 1376 4019 Teste
1390 3985 1472 4025 Rege
1486 3985 1562 4026 apud
1577 3984 1852 4026 Wstmonasterium,
1870 3985 2006 4017 vicesimo
2025 3985 2151 4019 secundo
2165 3988 2212 4022 die
2228 3990 2313 4025 Maii

1933 4061 1988 4091 Per
2004 4061 2086 4102 ipfion
2103 4067 2207 4104 Regem.

2270 4135 2317 4167 DQ
