2555 4266
52 197 129 230 Ann.
138 196 180 228 D.

74 236 161 275 1446.

53 279 117 304 Hm.
139 277 166 302 6.

70 1045 92 1065 ⁸
110 1047 166 1075 XI.

96 1095 162 1123 ¹35·

199 118 275 155 162

196 200 249 237 ris,
263 200 310 231 seu
325 198 472 231 Dominiis
489 198 713 237 quibuscumque
727 198 779 228 fibi
794 197 1012 236 pertinentibus,
1030 196 1076 226 vel
1090 196 1120 226 in
1135 195 1181 225 sua
1188 192 1269 223 Obe-

200 238 303 270 dientia
319 247 351 269 ut
368 237 513 276 praefertur
529 237 708 276 constitutis,
727 247 783 268 nec
799 237 883 267 alicui
899 235 1085 266 eorumdem:

253 278 365 315 Neque
389 277 508 314 patietur
523 300 532 314 ,
561 277 700 307 tollerabit
716 298 725 314 ,
751 284 798 306 aut
828 275 972 313 permittet
1004 273 1084 311 quod
1111 272 1208 309 aliquis
1239 277 1274 299 ex

200 316 254 347 suis
276 315 452 353 Capitaneis,
478 315 646 346 Feodalibus
660 338 670 353 ,
689 314 831 351 Vassallis,
856 313 1000 350 SubditiS,
1018 320 1065 342 aut
1087 309 1274 341 Servitoribus

200 355 443 394 quibuscumque,
459 354 494 384 ad
509 354 586 385 suam
603 354 648 384 vel
664 354 772 384 alterius
781 352 984 389 cujuscumque
997 348 1275 388 Qerelam,Guer-

199 404 260 423 ram
276 393 358 423 faciat
373 403 419 423 aut
434 392 608 431 Dampnum
624 392 725 422 inferat
739 392 783 421 seu
800 391 967 421 Gravamen
983 389 1124 427 praedifto
1141 387 1273 417 Domino

200 435 265 468 Regi
280 431 409 470 Angliae,
426 442 480 462 nec
496 432 547 462 suis
561 431 754 468 Hominibus,
772 428 916 466 Vaffassis,
934 428 1118 464 Feodalibus,
1137 425 1273 461 Subditis,

201 471 409 508 Servitoribus,
427 469 541 509 Patriis,
560 470 665 506 Locis,
683 468 800 506 Terris,
818 468 864 498 seu
881 467 1032 497 Dominiis
1046 465 1272 504 quibuscumque

199 509 249 539 fibi
270 509 474 577 peciitinentibus
487 533 497 546 ,
521 509 567 539 vel
591 507 775 538 existentibus
796 507 826 536 in
842 506 888 537 sua
903 505 1076 536 Obedientia
1090 527 1100 542 ,
1121 512 1175 533 nec
1190 502 1274 531 alicui

197 557 298 578 eorum
319 558 375 578 em.

238 586 369 625 ITEM,
394 586 492 626 quod,
516 585 634 616 durante
655 593 786 623 ternpore
809 582 1067 614 Abstinentiarium
1090 575 1270 622 hujusmodi,

202 625 352 665 praedietae
367 624 462 655 Partes
478 635 538 655 non
553 632 685 662 poterunt
701 647 709 661 ,
729 634 783 654 nec
799 623 881 652 altera
898 630 998 651 eorum
1014 626 1134 658 poterit,
1153 625 1272 658 capere,

201 665 332 708 nec-capi
355 664 447 694 facere
465 685 475 701 ,
493 674 547 694 nec
566 663 734 701 conquirere
748 685 757 699 ,
774 671 830 691 una
851 659 930 698 supet
952 658 1070 688 alteram
1085 678 1094 693 ‚
1112 665 1162 692 per
1181 655 1268 690 Vim,

201 711 250 740 per
264 702 397 741 Insidias,
416 713 464 741 per
487 702 598 732 Scalam
614 724 624 739 ,
640 711 689 738 per
704 700 894 731 Obsidionern
909 720 918 735 ,
937 706 987 734 per
1003 695 1141 725 Insultum
1157 693 1202 724 seu
1218 691 1269 722 In-

200 741 347 772 vafionetn
364 765 373 780 ,
393 752 441 779 per
462 741 679 778 Deceptionem
695 762 704 777 ,
722 747 815 776 neque
839 737 905 766 alias
919 757 928 772 ,
955 742 1145 773 quaecumque
1169 732 1268 767 Loca,

200 779 307 819 Villas,
326 780 442 818 Castra,
460 779 506 809 seu
521 779 680 814 Fortaliti23
698 778 731 807 ὃ(
747 777 767 807 s1
782 774 930 813 Capitanei
944 795 954 811 ,
975 772 1127 814 Manentes
1140 794 1155 812 ,V
1168 771 1202 801 &
1217 769 1267 798 In-

199 817 355 850 habitante3
368 819 482 856 alicujus
498 817 626 848 Civitatis
637 838 644 852 ‚
663 815 774 853 Opidi,
793 814 893 851 Villae,
914 812 1002 850 Loci,
1022 810 1184 848 Castr1,1eu
1197 808 1268 852 For-

200 857 280 887 talitii
296 858 404 888 alterius
416 857 544 887 Partium
560 854 779 892 praedietarum,
796 854 822 883 se
839 850 974 882 Reddere
990 850 1094 881 vellent
1109 871 1119 886 ,
1136 849 1169 879 δε
1189 847 1266 876 dista

201 895 282 926 Loca
292 896 357 926 dare
371 896 418 926 seu
432 894 554 932 tradere,
572 903 606 923 ac
621 893 658 923 de
675 893 783 930 propria
800 891 944 921 voluntate
958 889 1003 919 sua
1017 889 1118 930 reverti
1132 886 1168 932 de
1182 884 1266 915 Parte

200 944 257 964 una
280 934 315 965 ad
339 935 452 964 alteram
477 932 610 969 Partem,
624 932 658 961 ad
674 932 732 960 hoc
749 941 807 960 non
825 930 994 967 recipietur,
1013 928 1170 964 anymo
1184 930 1266 953 erunt

199 973 235 1002 &
257 974 465 1042 permanebunt
482 972 512 1001 in
533 971 637 1001 eisdem
660 969 777 1000 Puneto
799 970 832 1000 ὃς
855 968 934 999 Statu
949 989 958 1004 ,
978 968 1010 996 in
1029 965 1130 1004 quibus
1146 964 1209 994 sunt
1227 962 1264 992 de

219 1021 257 1042 rae
269 1019 326 1041 enti

198 1020 218 1049 P
237 1050 255 1069 '¹'
276 1034 392 1080 IT⁷EM
407 1071 417 1086 ,
439 1048 520 1087 quod
541 1046 721 1078 omnesrnodi
739 1045 884 1076 Gentium
897 1066 906 1082 ,
932 1044 993 1073 tam
1014 1039 1206 1072 Ecclesiastici
1227 1039 1261 1069 &

201 1087 342 1126 Nobiles,
360 1089 446 1125 quam
461 1086 633 1126 ssourgenses
645 1086 679 1116 &
695 1084 873 1114 Mercatores
887 1105 896 1120 ‚
917 1081 1082 1117 Mecanici,
1103 1080 1262 1110 Laborato-

199 1137 258 1165 reS,
276 1127 309 1157 &
331 1126 377 1157 alii
395 1127 558 1165 quicunque
582 1123 779 1162 comprehensi
801 1124 831 1153 in
853 1120 1036 1159 praesentibus
1060 1117 1263 1155 Abstinentiis,

199 1166 258 1196 effe
269 1173 402 1206 poterunt
416 1175 449 1195 ac
465 1174 649 1202 permanere,
663 1163 696 1193 ὅτ
708 1163 770 1192 suos
790 1160 882 1191 facere
899 1159 1024 1191 Labores
1039 1160 1073 1191 &
1088 1158 1264 1188 Mercantias

198 1205 233 1235 &
247 1205 298 1236 alia
311 1204 452 1242 Agenda,
469 1213 502 1234 ac
517 1204 557 1233 ire
574 1204 607 1234 δε
623 1202 720 1231 venire
734 1201 764 1230 'm
774 1199 885 1238 singulis
900 1199 959 1229 aliis
974 1196 1134 1234 Gerendis,
1150 1197 1179 1227 in
1193 1205 1262 1225 om-

197 1244 282 1274 nibus
298 1243 387 1274 Locis
399 1242 487 1273 Partis
500 1241 572 1278 suae,
590 1242 619 1270 in
635 1239 813 1277 praesentibus
828 1236 1016 1269 Abstinentiis
1031 1235 1153 1266 Guerrae
1169 1243 1256 1266 com-

198 1283 355 1320 prehensis,
374 1283 435 1312 tute
449 1282 483 1312 ὃς
498 1280 592 1309 secure
607 1302 616 1316 ,
635 1278 737 1317 absque
759 1277 816 1307 hoc
832 1276 912 1315 quod
931 1275 971 1306 illi
984 1275 1020 1305 de
1032 1274 1114 1305 Parte
1129 1274 1187 1304 una
1202 1274 1261 1303 im—

197 1321 343 1359 pediantur
353 1342 363 1358 ,
382 1320 546 1355 turbentur,
564 1326 717 1354 vexentur,
734 1326 788 1347 nec
806 1314 990 1346 molestentur
1003 1324 1052 1353 per
1065 1314 1128 1344 illos
1142 1313 1178 1343 de
1192 1312 1261 1342 alte-

197 1370 227 1390 ra
244 1359 323 1390 Parte
329 1382 341 1397 ,
359 1360 389 1388 in
403 1358 454 1388 suis
470 1356 596 1386 Personis
610 1379 620 1394 ,
640 1355 738 1387 Bestiis
752 1378 762 1393 ,
779 1353 986 1385 Mercitnoniis
1000 1376 1011 1392 ,
1026 1352 1072 1383 vel
1089 1352 1146 1383 aliis
1162 1351 1262 1383 Rebus

198 1399 233 1429 ὅ(
256 1399 341 1428 Bonis
362 1397 413 1428 suis
433 1395 660 1434 quibuscumque
677 1417 688 1433 ,
717 1404 766 1431 per
787 1393 970 1432 Captivitates
983 1415 993 1431 ,
1020 1390 1263 1431 Appatissamenta

198 1436 303 1466 Gallice
317 1437 392 1466 dicia
408 1437 546 1475 Appatis,
564 1433 670 1464 Cursus
683 1457 693 1472 ‚
712 1433 868 1471 Fouragia,
888 1441 979 1469 neque
993 1430 1059 1460 alias
1072 1430 1261 1470 qualitercun—

195 1485 251 1514 que
267 1476 298 1505 sit
311 1484 357 1506 aut
370 1474 427 1505 esse
441 1473 541 1515 possit,
563 1472 718 1503 Reservato
731 1471 813 1509 quod
826 1494 835 1508 ,
854 1471 874 1501 si
889 1469 995 1508 aliquid
1007 1468 1102 1499 adhuc
1117 1467 1197 1499 restat
1211 1467 1264 1497 de-

198 1515 309 1552 bitum,
327 1514 477 1544 occasione
496 1511 701 1550 praedffiorum
715 1510 1029 1547 Appatissamentorum
1044 1531 1053 1546 ,
1071 1508 1109 1538 ab
1122 1517 1186 1537 ante
1200 1506 1261 1537 Ul·-

197 1554 302 1584 timam
317 1552 408 1583 Diem
423 1551 530 1582 Menfis
540 1550 714 1588 Septembris
728 1550 807 1579 Anni
819 1546 1259 1586 praedi&iQuadrages1miTer-

196 1593 244 1629 tii,
262 1591 330 1622 illud
345 1590 519 1629 persolvetur
532 1591 566 1621 δε
582 1590 659 1626 exigi
675 1588 776 1626 poterit
790 1588 836 1618 via
844 1587 936 1625 Juris,
956 1594 1040 1623 prout
1054 1586 1214 1616 continetur
1231 1585 1260 1614 in

196 1630 313 1661 Litteris
336 1629 581 1661 Abstinentiatum
602 1627 846 1666 supradictarum,
864 1625 909 1656 sed
925 1647 936 1663 ,
951 1626 988 1654 de
1009 1624 1074 1662 post
1091 1622 1260 1662 prsedietam

195 1668 347 1700 Ultimam
366 1669 446 1698 diem
466 1667 574 1698 Mensis
589 1666 764 1704 Septembris
777 1665 856 1695 Anni
876 1662 1094 1702 Qadragefimi
1109 1662 1203 1692 Tertii
1217 1661 1260 1691 ci-

196 1715 238 1738 tra
255 1709 338 1745 usque
351 1717 429 1738 nunc
445 1729 455 1745 ,
479 1707 514 1738 ὃς
533 1705 569 1735 de
584 1714 689 1736 caetero
704 1703 845 1742 pendente
858 1702 891 1733 &
903 1702 1022 1732 durante
1042 1710 1173 1738 tempore
1187 1710 1260 1737 prae-

194 1746 317 1778 sentium
341 1745 585 1776 Abstinentiarum
598 1767 609 1782 ,
626 1743 725 1773 omnia
747 1741 880 1780 praedicta
896 1739 1138 1778 Appatiffamenta
1153 1739 1260 1770 celsant

194 1787 229 1818 &
243 1785 404 1822 cessabunt,
420 1783 500 1820 sunt,
517 1790 599 1813 erunt
612 1804 622 1819 ,
639 1782 672 1813 &
688 1780 894 1819 permanebunt
907 1779 1010 1809 abolita
1023 1779 1057 1810 &
1071 1778 1195 1808 omnino
1209 1778 1262 1808 de-

194 1825 282 1863 posita
297 1833 330 1854 ex
344 1832 460 1862 utraque
474 1820 554 1852 Parte
571 1831 576 1850 ι
596 1819 668 1851 Nec
684 1828 818 1858 poterunt
832 1818 872 1849 illi
886 1817 922 1848 de
937 1828 993 1849 una
1006 1816 1090 1847 Parte
1105 1817 1260 1855 quicquam

195 1865 305 1902 exigere
324 1860 415 1893 modo
423 1859 643 1900 quomodolibet
655 1860 692 1889 ab
700 1859 752 1888 illis
761 1857 843 1889 Parte
855 1857 954 1895 altera,
962 1857 1089 1887 Ratione
1096 1866 1151 1886 nec
1161 1856 1260 1886 Occa-

192 1900 402 1939 fioneipsorurn
411 1898 718 1938 Appatissamentorum
727 1920 737 1936 ,
745 1906 796 1935 pro
811 1905 943 1934 tempore
951 1896 1133 1934 praeterito&
1143 1894 1261 1933 effluxo,

192 1951 208 1971 a
222 1940 357 1979 praedi&a
370 1939 487 1970 Ultima
502 1938 547 1968 die
562 1937 671 1967 Mensis
680 1936 854 1974 Septembris
871 1936 945 1965 Anni
962 1933 1260 1973 QuadragesimiTer-

192 1980 243 2018 tii,
261 1980 331 2010 citra
347 1978 431 2016 usque
445 1987 540 2016 nunc,
556 1987 611 2007 nec
628 1977 713 2006 etiam
730 1974 918 2012 imposterum
932 1983 985 2012 pro
998 1983 1131 2011 tempore
1146 1973 1260 2011 futuro,

191 2028 250 2057 quo
271 2017 432 2056 hujusmodi
452 2015 598 2056 praesentes
620 2014 810 2045 Abstinentiae
830 2013 969 2043 durabunt
984 2013 1017 2043 &
1033 2011 1158 2043 Cursum
1173 2011 1260 2042 habe-

192 2057 266 2087 bunt
281 2068 291 2095 ·,
309 2056 339 2086 fit
353 2055 503 2086 occasione
520 2054 564 2084 vel
582 2053 678 2083 medio
700 2053 882 2092 Treugarum
899 2051 931 2082 &
949 2051 1194 2081 Abstinentiarum
1210 2059 1260 2088 ge-

192 2095 347 2133 neralium,
365 2095 510 2135 captarum
525 2094 595 2123 inter
613 2095 762 2122 Dominum
777 2102 863 2121 meum
875 2091 908 2121 &
920 2089 1072 2128 praefatum
1087 2093 1183 2127 Regem
1190 2093 1259 2119 An-

189 2133 272 2174 gliae,
290 2133 335 2164 seu
351 2133 557 2164 Declarationis
578 2131 676 2170 expost
691 2131 728 2161 de
742 2132 820 2168 super
842 2129 949 2168 saetae,
970 2129 1017 2160 vel
1039 2128 1104 2159 alias
1126 2128 1259 2166 qualiter—

194 2183 320 2210 cumque
334 2172 418 2202 fuerit
433 2183 443 2209 3
464 2171 497 2201 &
514 2169 637 2201 cessante
651 2171 733 2200 cmni
750 2168 847 2200 fraude
863 2169 896 2199 &
911 2167 987 2198 malo
1002 2168 1120 2207 ingenio
1136 2179 1146 2205 ·,
1161 2176 1258 2197 tamen

191 2211 504 2250 Appatiffimentorum
523 2209 716 2248 Aequitaniae,
732 2208 918 2246 Andegaven.
934 2208 968 2239 &
990 2207 1029 2237 du
1053 2205 1166 2245 Mayno
1185 2206 1261 2237 nulla

192 2249 240 2280 fiet
256 2252 378 2281 mutatio
392 2272 402 2288 ,
427 2249 473 2280 sed
489 2249 534 2278 illa
556 2248 668 2278 cursum
683 2247 764 2278 suum
779 2247 923 2277 habebunt
938 2245 1064 2284 plenarie
1082 2246 1123 2276 uti
1135 2245 1258 2276 consue-

187 2297 298 2321 verunt.

245 2328 291 2358 Ιτ
301 2336 319 2357 ε
330 2335 358 2358 M
367 2349 377 2366 ,
393 2327 413 2357 si
428 2326 582 2363 contigerit
594 2323 674 2366 quod
689 2333 740 2362 per
752 2323 876 2362 aliquem
891 2323 939 2353 vel
953 2332 1003 2361 per
1015 2323 1123 2362 aliquos
1147 2322 1255 2353 Subdi-

188 2374 233 2398 tos
247 2368 406 2398 Patriarutn
425 2365 626 2403 praedidiarum
649 2364 876 2394 committeretur
898 2362 943 2392 vel
964 2369 1177 2402 attemptaretur
1197 2361 1258 2393 Res

189 2415 383 2445 quaecumque
404 2404 542 2435 contraria
558 2403 603 2433 seu
623 2401 852 2441 praejudiciabilis
867 2401 1054 2432 Abstinentiis
1074 2400 1257 2440 hujusmodi,

190 2444 257 2475 effet
272 2455 320 2482 per
334 2446 411 2474 viam
427 2442 505 2473 Facti
521 2441 711 2479 Guerrae,vel
725 2440 1004 2479 alias,Abstinentiae
1017 2438 1083 2478 ipsae
1097 2450 1156 2470 non
1170 2450 1258 2478 prop-

191 2492 233 2514 ter
249 2483 307 2514 hoc
321 2483 476 2519 Corruptae
490 2489 570 2511 erunt
586 2490 641 2511 nec
655 2479 789 2510 infracta:
804 2491 814 2517 ·,
833 2479 877 2509 sed
898 2479 1121 2516 Attemptatores
1136 2501 1145 2517 ,
1165 2479 1259 2509 Infra-

191 2523 303 2560 ἂοτεε,
321 2522 355 2553 &
370 2521 393 2550 F
395 2522 515 2551 acientes
531 2520 686 2558 quicquam
700 2541 710 2556 ,
728 2527 778 2555 per
793 2519 868 2548 viam
884 2516 963 2548 Facti
975 2540 984 2556 ,
1004 2517 1144 2555 Guerrae,
1164 2519 1210 2548 vel
1225 2529 1256 2548 a-

189 2563 258 2600 lias,
276 2563 306 2592 in
321 2560 496 2591 contrarium
515 2558 682 2588 earumdem
700 2557 946 2587 Abstinentiarum
960 2579 969 2594 ,
988 2556 1199 2594 compellentur
1221 2558 1257 2589 ad

189 2600 394 2641 Reparandum
417 2598 593 2634 Attemptata
614 2597 648 2627 &
672 2595 825 2626 Malefad‘ta
841 2605 906 2633 quae
920 2596 949 2624 in
966 2595 1023 2626 hoc
1039 2597 1258 2635 commiserint,

191 2642 226 2673 ἅ
243 2640 393 2677 punientur
406 2644 540 2674 tanquam
555 2635 723 2666 Infractores
739 2634 919 2671 Treugarum
935 2644 941 2663 :
961 2633 999 2664 Et
1015 2656 1026 2673 ,
1044 2633 1119 2664 Casu
1133 2643 1192 2673 quo
1206 2645 1256 2672 ap-

191 2677 330 2718 prehendi
345 2686 404 2707 non
420 2674 550 2713 possent,
569 2674 719 2704 exulabunt
735 2674 768 2704 &
781 2680 920 2712 ponentur
937 2681 1014 2702 exna
1032 2672 1145 2708 Leges(
1157 2673 1257 2704 videli-

192 2719 258 2755 cet)
278 2716 422 2747 Homines
437 2713 550 2744 Subditi
570 2714 604 2744 δε
627 2711 780 2743 Servitores
799 2712 925 2749 praedic‘li
941 2714 1052 2740 Domini
1068 2715 1173 2741 Mariti
1189 2716 1257 2751 mei,

191 2759 221 2788 in
245 2754 425 2794 praesentibus
454 2751 638 2783 Abstinentiis
667 2749 869 2787 comprehensi
882 2772 891 2787 ,
918 2759 967 2786 per
996 2748 1081 2788 ipfiem
1112 2753 1259 2780 Dominum

193 2806 296 2833 meum,
312 2794 358 2824 vel
372 2803 422 2830 per
437 2791 472 2821 ab
486 2800 522 2820 eo
535 2789 708 2820 Potestatem
724 2789 872 2826 habentes,
892 2789 925 2819 &
943 2788 1084 2818 Homines
1099 2788 1255 2820 Subditi&

191 2835 347 2866 Servitores
361 2831 471 2870 praefati
486 2829 611 2859 Domini
626 2831 705 2865 Regis
721 2826 834 2865 Angliae
851 2850 862 2865 ,
881 2828 964 2857 etiam
986 2827 1015 2855 in
1038 2827 1144 2857 eisdem
1162 2828 1258 2858 Absti-

191 2874 296 2944 ἒεῑὲὲἰῐίὶε
307 2868 524 2909 comprehensi,
541 2877 589 2905 per
602 2866 686 2906 ipfim1
701 2870 814 2904 Regem,
832 2865 878 2895 vel
893 2875 942 2903 per
957 2863 1131 2896 Potestatem
1148 2867 1184 2896 ab
1197 2867 1256 2907 ipso

213 2923 228 2944 a
287 2920 336 2941 tes.

248 2950 312 2989 Qi
332 2947 447 2987 quidem
474 2944 661 2977 Abstinentiae
686 2943 808 2974 Guerrae
823 2944 856 2975 δε
873 2942 997 2973 Securus
1013 2942 1106 2973 Status
1127 2952 1209 2974 erunt
1226 2945 1259 2975 &

191 2988 398 3031 permanebunt
413 2987 441 3015 in
456 2985 508 3015 suis
523 2984 659 3022 Robore,
679 2982 790 3013 Virtute
806 3006 815 3021 ,
833 2983 867 3013 &
883 2980 987 3012 Valore
1001 2981 1095 3012 donec
1111 2982 1260 3019 praedic‘tus

192 3031 325 3059 Dominus
338 3024 377 3060 &
393 3027 517 3054 Maritus
532 3033 605 3052 meus
620 3023 653 3053 &
669 3025 800 3051 Dominus
814 3024 874 3051 Rex
890 3019 1004 3057 Angliae
1018 3044 1028 3059 ,
1055 3021 1102 3051 vel
1125 3021 1191 3051 alter
1214 3023 1258 3060 ip-

194 3069 310 3104 sorum,
325 3066 361 3094 ab
375 3063 480 3094 eisdem
496 3061 640 3092 Recedere
655 3061 796 3091 voluerint
805 3060 868 3098 ,vel
883 3059 1020 3096 voluerit,

233 3105 304 3136 Hoc
317 3102 396 3141 quod
411 3102 504 3132 facere
519 3108 650 3137 poterunt
664 3100 698 3130 &
712 3100 813 3137 poterit
828 3098 946 3137 quilibet
958 3107 1059 3128 eorum
1067 3121 1078 3137 ,
1095 3097 1114 3128 sl
1130 3098 1192 3137 ipfis
1201 3099 1262 3137 pla-

194 3145 301 3182 cuerit,
317 3142 363 3172 vel
379 3141 456 3171 alteri
470 3139 595 3176 ipsorum
605 3160 615 3175 ,

223 3183 257 3213 In
266 3191 354 3220 quern
363 3179 459 3211 casum
468 3179 533 3209 Pars
541 3177 584 3206 illa
592 3199 601 3213 ,
628 3185 671 3206 uae
679 3176 715 3206 ab
724 3175 778 3205 istis
789 3175 971 3206 Abstinentiis
979 3174 1110 3206 recedere
1119 3176 1241 3207 voluerit
1251 3199 1261 3215 ,

198 3223 339 3252 tenebitur
354 3217 510 3256 lignificare
524 3216 601 3246 alteri
641 3216 692 3244 arti
708 3214 787 3251 quod
803 3215 839 3244 ab
855 3214 960 3244 eisdem
976 3213 1107 3244 recedere
1124 3215 1210 3252 velit,
1230 3217 1264 3247 &

198 3260 310 3290 dietum
332 3255 490 3288 Receffum
511 3255 562 3284 fibi
585 3253 681 3283 debite
705 3254 846 3282 intimabit
869 3254 902 3283 &
926 3251 1085 3282 notificabit
1107 3262 1154 3290 per
1171 3263 1262 3283 unum

197 3298 318 3329 Annum
333 3298 474 3333 integrum
491 3301 642 3332 antequam
657 3291 722 3321 Pars
737 3290 887 3322 Recedens
909 3289 1051 3319 Guerrarn
1076 3301 1194 3320 movere
1211 3302 1264 3327 po-

195 3338 261 3406 {erit
275 3359 285 3374 ,
312 3345 364 3366 nec
388 3335 446 3373 pati
465 3333 558 3364 facere
572 3330 618 3362 vel
632 3329 734 3360 inferre
749 3329 915 3360 Gravamen
930 3328 984 3359 five
1000 3326 1171 3365 Dampnum
1187 3330 1263 3360 alteri

223 3375 287 3404 arti·
308 3375 411 3404 scilicet

237 3397 392 3442 Pre'edietus
407 3396 584 3444 Domirms&
594 3410 723 3437 Maritus
739 3417 827 3444 meus,
846 3416 900 3443 pro
915 3404 998 3435 Parte
1012 3403 1057 3433 sua
1066 3425 1076 3440 ,
1094 3403 1169 3434 Parti
1184 3407 1262 3442 Regis

201 3450 316 3488 Angliae
338 3449 519 3486 Rothomagi
533 3471 544 3486 ,
569 3447 688 3478 Baillivo
709 3444 935 3481 Rothomagensr
955 3465 965 3481 ,
1011 3443 1039 3472 ui
1061 3452 1113 3479 pro
1134 3451 1264 3480 tempore

202 3490 286 3521 fuerit
301 3511 311 3526 ,
329 3488 372 3518 vel
387 3489 442 3524 ejus
458 3486 680 3518 Locumtenenti
701 3484 807 3514 ibidem
824 3505 834 3520 ,
852 3483 898 3513 vel
913 3483 942 3512 in
957 3480 986 3511 C
1013 3481 1086 3518 erio,
1104 3479 1264 3519 Capitaneo

204 3528 308 3560 Calesii
316 3526 387 3564 ,sive
403 3525 450 3554 suo
467 3524 692 3555 Locumtenenti
704 3523 828 3558 ibidem,

239 3567 277 3597 Et
292 3563 420 3603 praefatus
431 3566 563 3592 Dominus
577 3566 637 3592 Rex
652 3561 783 3599 Angliae,
801 3569 854 3598 pro
869 3557 952 3588 Parte
966 3557 1028 3595 sua,
1047 3555 1123 3587 Parti
1139 3557 1264 3594 ejusdem

203 3607 315 3637 Domini
337 3602 376 3638 ὠ·
400 3603 502 3630 Mariti
522 3605 572 3629 mei
595 3601 744 3631 Ambianis
758 3622 768 3637 ,
786 3598 904 3629 Baillivo
927 3596 1113 3626 Ambianenfi
1137 3596 1187 3633 qui
1210 3606 1263 3633 pro

203 3652 333 3681 tempore
347 3641 447 3676 fuerit,
467 3638 512 3668 vel
525 3640 582 3675 ejus
598 3639 822 3670 Locumtenenti
835 3636 944 3667 ibidem
954 3657 963 3673 ,
981 3635 1028 3665 vel
1044 3635 1071 3664 in
1087 3634 1195 3664 saneto
1207 3637 1267 3665 Au—

204 3683 346 3719 dornaro,
360 3678 480 3710 Baillivo
500 3676 536 3705 de
558 3677 664 3707 Saneto
686 3677 857 3708 Audomaro
873 3698 883 3713 ,
900 3673 944 3704 vel
966 3672 1015 3703 suo
1038 3673 1263 3704 Locumtenenti

204 3721 322 3751 ibidem.

245 3758 283 3789 Et
296 3758 334 3789 fic
349 3753 481 3787 faciendo
499 3752 632 3791 quaelibet
646 3752 843 3790 praedictarum
858 3751 988 3783 Partiutn
1002 3751 1053 3780 erit
1068 3750 1101 3779 &
1115 3758 1266 3786 permane-

206 3797 248 3827 bit
260 3798 353 3836 quieta
369 3819 378 3834 ,
398 3795 483 3825 libera
497 3814 507 3830 ,
525 3792 559 3822 &
574 3790 696 3820 absoluta
710 3791 745 3820 ab
761 3792 865 3822 eisdem
882 3789 1065 3828 praesentibus
1080 3788 1266 3819 Abstinentiis

208 3833 327 3864 Guerrae
342 3835 375 3864 δε
389 3833 498 3864 Securo
513 3829 600 3860 Statu.

246 3873 284 3902 Et
306 3874 370 3910 quia
389 3872 454 3902 alias
476 3877 568 3906 captae
592 3865 654 3896 sunt
669 3873 753 3908 cert-ae
777 3866 960 3896 Abstinentiae
974 3864 1118 3905 praediCtis
1130 3863 1208 3894 Villa
1230 3865 1264 3895 &

209 3909 366 3940 Contraem
386 3910 423 3940 de
445 3907 556 3938 Calelio
569 3930 579 3943 ,
596 3903 815 3939 nichssommus,
833 3905 866 3934 ad
883 3905 1036 3935 tollendam
1051 3912 1173 3934 omnem
1188 3903 1263 3932 Arn-

207 3949 378 3984 biguitatem
400 3949 432 3978 ὃς
454 3946 664 3976 Obscuritatem
679 3964 689 3979 ,
708 3941 842 3983 nolumus
863 3943 982 3979 intelligi
1029 3952 1076 3980 per
1098 3940 1266 3978 Praesentes,

208 3985 289 4024 quod
304 3985 393 4022 aliqua
407 3985 567 4022 Derogatio
580 3991 670 4020 neque
686 3979 890 4016 Praejudicium
901 3966 1011 4017 aliquod
1019 3979 1188 4018 denturipfis
1202 3979 1266 4009 Ab·

207 4024 344 4056 stinentiis
356 4024 442 4063 captis
455 4024 486 4054 in
500 4022 582 4054 distis
595 4019 669 4053 Villa
683 4019 716 4050 &
732 4017 894 4049 Contraetu
906 4017 1083 4058 Calefi13sed
1098 4017 1267 4057 intelligmus

553 100 1464 153 CONVENTIONES,

1520 100 1958 154 LITERAE,

1317 187 1397 225 quod
1408 210 1417 226 ,
1436 187 1456 218 si
1469 187 1615 226 praesentes
1631 189 1819 221 Abstinentiae
1830 191 2064 230 Revocarentut,
2083 192 2192 231 adhuc,
2211 201 2273 223 non
2287 193 2306 212 ἢ
2320 194 2377 224 ob·
2389 187 2466 220 Ann-
2478 188 2524 221 D·

1317 226 1408 257 stante
1421 226 1468 257 illa
1483 226 1712 266 Revocatiome,
1727 229 1814 260 dietae
1829 230 1891 260 aliae
1902 231 2090 262 Abstinentiae
2104 230 2206 272 Capta:
2221 242 2276 270 pro
2291 231 2377 263 Cale-

2414 229 2501 268 1446·

1317 265 1358 295 sio
1379 266 1412 296 &
1435 275 1489 305 pro
1512 265 1673 296 Contractu
1693 267 1794 297 Calesii
1809 291 1819 306 ,
1844 277 1875 298 ut
1895 270 2037 306 praefertur
2052 293 2062 308 ,
2081 270 2134 300 snit
2147 273 2179 302 ὃ(
2194 279 2378 311 permaneant
2389 273 2452 295 Hm.
2473 271 2500 298 ⁶-

1317 303 1425 342 semper
1439 304 1474 334 de
1490 304 1555 342 post
1568 327 1578 343 ,
1594 304 1625 334 in
1639 306 1774 335 omnibus
1787 307 1839 336 suis
1852 307 1972 337 Punctis
1987 330 1998 346 ,
2015 309 2045 338 in
2057 309 2111 339 suis
2126 309 2246 340 Robore
2263 309 2296 340 ἃ
2312 309 2380 339 Vir-

1316 351 1374 374 tute
1383 366 1394 381 ,
1411 343 1504 374 donec
1518 353 1567 383 per
1580 353 1667 373 unam
1683 343 1727 374 vel
1737 343 1851 374 alteram
1866 345 1979 375 Partem
1993 347 2097 377 fuerint
2108 347 2287 385 Revocatae,
2301 348 2382 387 juxta

1316 381 1442 412 formam
1458 383 1491 413 &
1504 390 1633 412 tenorem
1649 381 1807 412 Literarum
1823 382 1986 413 Patentium
2000 384 2114 423 desuper
2129 386 2330 418 confectarum
2345 388 2380 418 δε

1316 421 1479 451 traditarum
1495 430 1529 450 ex
1542 420 1596 451 una
1610 429 1686 458 parte
1701 421 1732 451 ὅ(
1742 420 1835 450 alterii.

1351 459 1405 497 Et,
1424 468 1477 497 pro
1492 458 1717 497 Conservandis,
1737 458 1974 497 Manutenendis,
1991 461 2024 492 &
2042 460 2247 502 observandis,
2263 473 2298 495 ex
2313 463 2384 495 Par.

1317 505 1345 526 te
1359 501 1474 527 Demini
1482 496 1520 533 ὠ
1530 501 1635 527 Mariti
1650 501 1702 527 mei
1716 497 1865 535 supradiffi
1875 499 2074 536 ,praesentibus
2088 500 2271 534 Abstinentiis
2283 501 2380 533 Guer-

1316 545 1356 565 rae
1369 537 1403 567 ὃς
1419 536 1527 566 Securo
1538 535 1622 580 'Statu
1637 559 1647 573 ,
1665 538 1695 566 in
1709 536 1830 566 modum
1845 536 1966 574 superius
1980 537 2152 569 declaratum
2162 561 2172 577 ,
2189 550 2223 570 ac
2238 550 2303 572 toto
2318 541 2382 572 Te..

1315 582 1395 617 nore.
1409 573 1597 605 Praesennum
1618 576 1647 605 in
1671 584 1809 612 quantum
1833 575 1922 612 ipsum
1946 575 2113 606 Dominum
2134 586 2232 608 meum
2253 580 2286 610 &
2310 579 2381 611 Nos

1315 620 1487 654 contingere
1502 612 1594 650 potest
1609 635 1618 651 ,
1637 613 1703 644 Nos
1716 636 1726 651 ,
1743 614 1847 644 virtute
1869 613 2018 645 Potestatis
2037 614 2070 645 δε
2086 614 2273 648 Auctoritatis
2286 618 2381 655 supra-

1314 649 1454 695 dchtarurn
1463 673 1472 688 ,
1489 661 1538 689 per
1552 651 1675 682 eundem
1690 655 1836 682 Dominum
1849 664 1933 681 meum
1945 652 2044 683 Nobis
2055 660 2085 683 ut
2100 653 2247 691 praefertur
2259 658 2380 687 attribu-

1315 695 1410 731 tarum
1423 699 1453 718 in
1470 689 1523 720 hac
1538 699 1633 728 parte,
1649 700 1685 721 ac
1700 701 1754 728 pro
1768 692 1802 722 &
1815 693 1934 722 nomine
1948 692 2030 729 ipfius
2044 695 2157 722 Domini
2169 696 2237 729 mei,
2254 692 2379 726 Ordina-

1314 736 1424 765 vrrnus,
1444 727 1654 765 Deputavimus
1668 751 1678 766 ,
1695 730 1728 759 &
1746 729 1955 760 Commifimus
1969 752 1979 768 ‚
1997 730 2190 769 Ordinamus,
2210 730 2381 763 Committi-

1313 766 1959 872 issirffirssfiffijaffiff52155‘11332‘35335252
1975 768 2195 847 Sffjsepsssisfffiss
2209 770 2382 847 sffflfflssrffl

1311 849 1370 879 tes,
1386 852 1415 871 vr
1438 852 1538 881 ercet,

1351 879 1387 924 In·
1402 880 1516 911 Ducatu
1528 882 1561 912 ὅ(
1576 880 1729 925 Comitatu
1742 882 1932 921 Burgundiae,
1951 885 1980 914 in
1995 883 2188 916 Comitatibus
2202 884 2379 917 Kadralesen.

1313 916 1503 948 Matisconen.
1522 920 1555 950 ὃ(
1571 919 1803 963 zAntiffiodoren.
1822 922 1855 952 δε
1878 923 1908 951 in
1933 932 2033 953 eorum
2055 924 2255 964 Appenditiis,
2273 925 2380 955 cariffi-

1312 966 1394 1001 mum
1411 957 1666 994 Consanguineum
1688 959 1817 989 nostrum
1830 982 1840 997 ,
1865 960 2088 991 Theobaldumde
2102 964 2186 993 Novo
2202 962 2296 1003 Castro
2313 963 2380 994 Do-

1313 1004 1427 1026 minum
1440 996 1475 1026 de
1487 996 1566 1027 Albo
1580 995 1688 1026 Monte
1705 997 1899 1028 Marescallum
1916 999 2089 1037 Burgundiae
2097 1023 2108 1039 ,

1348 1033 1382 1078 in
1405 1034 1562 1065 Ducatibus
1583 1033 1782 1078 Lotharingiae
1797 1058 1807 1074 ,
1823 1035 1978 1067 Brabantiae
1993 1061 2002 1076 ,
2023 1039 2057 1069 &
2075 1039 2255 1078 Limburgiae
2271 1064 2281 1078 ‚
2299 1039 2382 1072 Mar-

1310 1073 1445 1104 chionatu
1460 1074 1538 1105 Sacri
1548 1073 1684 1112 Imperii,
1701 1074 1736 1105 &
1751 1084 1851 1104 eorum
1866 1076 2286 1114 appendentijsfflraedileemrn
2296 1078 2380 1110 Con<

1309 1111 1493 1150 sanguineum
1510 1112 1657 1150 nostrum,
1673 1111 1834 1150 Johannem
1848 1116 1977 1142 Comitem
1991 1117 2023 1143 a'e
2039 1115 2175 1155 Nafflwbe
2190 1118 2224 1148 ὃς
2238 1119 2271 1148 de
2286 1120 2375 1158 Vyan.

1312 1151 1363 1180 den
1377 1151 1567 1182 Senescallum
1580 1150 1754 1190 Brabantiae,

1333 1189 1383 1233 'In
1400 1190 1595 1234 Comitatibus
1608 1190 1641 1221 ὅ(
1656 1189 1756 1221 Patriis
1771 1189 1911 1220 Flandriae
1925 1190 1958 1221 &
1975 1190 2159 1222 Namurcen.
2175 1192 2209 1223 &
2221 1194 2252 1223 in
2270 1193 2378 1226 Domi-

1310 1239 1360 1258 nio
1374 1228 1542 1259 Mechlrmae
1552 1252 1561 1267 ,
1577 1230 1610 1260 &
1623 1239 1724 1259 eorum
1740 1230 1949 1269 appendentiis,
1968 1230 2144 1261 cariffimum
2155 1231 2285 1262 nostrum
2295 1238 2380 1272 ,Cor-

1311 1267 1410 1311 neliani
1431 1267 1597 1305 Bastardum
1612 1268 1779 1305 Burgundiae
1794 1292 1804 1306 ,
1823 1268 2058 1300 Gubernatorem
2075 1269 2230 1300 Patriarum
2250 1270 2380 1303 Lucem-

1310 1306 1420 1345 burgiae
1436 1307 1468 1337 &
1483 1306 1518 1338 de
1533 1306 1631 1347 Chiny
1647 1329 1657 1344 ,
1674 1307 1708 1337 δε
1723 1306 1925 1338 Admiraldum
1942 1306 2099 1345 Flandriae,
2117 1307 2165 1338 I'r
2176 1318 2194 1338 E
2205 1317 2252 1348 M,
2272 1309 2381 1342 Domi.

1310 1354 1380 1374 num
1396 1348 1527 1374 Simonem
1539 1345 1571 1375 de
1580 1345 1703 1383 Lalaing
1720 1345 1847 1376 Militem
1865 1345 2014 1376 Baillivum
2032 1347 2254 1378 Ambianensem
2264 1348 2370 1386 ,ITEM

1311 1382 1509 1414 Phillebertum
1530 1384 1563 1413 de
1584 1384 1724 1424 Vandrqyo
1745 1384 1922 1416 Scutiferum
1947 1383 2140 1423 capitaneum
2163 1386 2200 1417 de
2229 1373 2387 1419 Grevelinl

1333 1433 1380 1453 ues

1311 1431 1339 1505 g‘
1351 1446 1498 1506 In'Batriis
1513 1462 1547 1493 &
1563 1460 1763 1493 Comitatibus
1777 1461 1958 1501 Hollandiae,
1977 1462 2155 1502 Zellandiae,
2172 1473 2206 1494 ac
2223 1465 2253 1494 in
2271 1464 2382 1496 Domi-

1311 1509 1360 1530 nio
1374 1500 1485 1543 Frisiae,
1503 1502 1535 1532 &
1550 1511 1650 1531 eorum
1667 1501 1881 1540 appendentiis,
1901 1501 2066 1532 Dominum
2082 1504 2250 1533 Franconem
2258 1504 2291 1534 de
2298 1508 2383 1534 Bers-

1303 1538 1380 1607 Jfialia
1396 1538 1526 1570 Militem
1542 1543 1671 1570 Comitem
1695 1540 1729 1570 de
1751 1539 1933 1580 Castrevant,
1951 1541 2038 1572 etiarn
2059 1540 2315 1581 consanguineum
2331 1553 2387 1576 no-

1340 1587 1421 1615 rum,

1338 1615 1384 1661 ⁴In
1405 1615 1598 1660 Comitatibus
1620 1617 1743 1648 Arthesri
1759 1642 1768 1655 ,
1788 1616 1920 1649 Boloniae
1934 1642 1944 1655 ,
1961 1619 1995 1651 &
2016 1617 2147 1650 Pontivii
2161 1641 2172 1656 ,
2189 1619 2222 1650 δί
2239 1620 2270 1650 in
2287 1619 2385 1651 Patria

1311 1653 1466 1699 Pie-ardiae,
1486 1656 1647 1700 caeterisque
1661 1657 1777 1694 Terris,
1798 1657 1904 1695 Locis,
1922 1657 2130 1695 Praepofituris,
2150 1657 2386 1698 Casteuaniis,&

1312 1692 1465 1724 Dominus
1487 1695 1569 1732 ipsius
1591 1695 1718 1733 Domini
1733 1696 1791 1726 mei
1807 1696 1878 1726 citra
1894 1697 1928 1726 &
1941 1696 2013 1726 ultra
2028 1695 2140 1726 Rivum
2156 1696 2306 1736 Sommae,
2324 1701 2386 1728 Do-

1313 1736 1414 1762 minum
1425 1734 1458 1763 de
1470 1736 1556 1763 Auxi
1569 1732 1776 1764 seneschallum
1791 1733 1918 1764 Pontivii
1933 1734 2080 1773 Militem,

1350 1771 1421 1802 ΙΤΕ
1432 1780 1458 1815 M
1467 1794 1477 1811 ,
1497 1773 1526 1802 in
1543 1772 1685 1810 praediffls
1699 1772 1839 1804 Patriis&
1851 1772 2047 1803 comitatibus
2060 1773 2161 1804 Artefii
2170 1796 2180 1812 ,
2197 1773 2382 1816 Honandiae,

1314 1809 1471 1854 Zellandiae
1485 1833 1495 1849 ,
1515 1810 1645 1841 Boloniae
1690 1812 1723 1842 &
1737 1811 1867 1841 Pontivii
1880 1834 1890 1849 ,
1907 1812 1937 1841 in
1951 1811 2102 1842 Dominio
2116 1812 2226 1851 Frifiae,
2243 1814 2275 1842 in
2291 1812 2386 1845 Patria

1313 1848 1469 1893 Picardiae,
1487 1859 1572 1888 atque
1585 1850 1644 1894 aliis
1655 1835 1864 1888 ffraepofimris,
1885 1848 2078 1889 Castellaniis,
2095 1850 2214 1890 Terris,
2232 1851 2386 1883 &Domi-

1313 1888 2386 1967 335}ssffssmssffissssssn{Zazffifi‘sussiafffissifffflssss⁰⁰53³,me

1312 1965 1350 1996 de
1364 1966 1556 2004 Habourdin,
1567 1966 1766 1997 Admiraldum
1781 1966 1907 2005 ibidem,
2191 1952 2200 1967 ³

1367 2004 1401 2035 In
1420 2003 1513 2035 Patria
1531 2007 1565 2037 &
1581 2004 1735 2036 Comitatu
1751 2005 1896 2036 Hanoniae
1908 2005 1942 2036 &
1957 2005 1989 2035 in
2002 2005 2054 2036 suis
2066 2005 2261 2044 appendenti'ss
2275 2005 2386 2037 Domi-⁴

1312 2053 1384 2074 num
1406 2043 1567 2083 Johannem
1590 2045 1624 2074 de
1645 2048 1699 2074 Cro
1738 2043 1869 2074 Militem
1881 2066 1892 2081 ‚
1912 2045 2108 2075 Dominumde
2121 2044 2253 2083 Chhnay,
2270 2044 2388 2083 Capita·-

1312 2093 1403 2152 ἓὶευπ]
1430 2084 1464 2114 &
1491 2082 1664 2123 Magistrum
1728 2083 1839 2114 inivum
1859 2081 2028 2123 Hanoniae,
2055 2083 2168 2114 nostros
2185 2084 2293 2114 sincere
2310 2084 2382 2116 dfle'a

1343 2131 1392 2160 os,
2379 2148 2382 2151 .

1348 2160 1383 2190 ln
1399 2160 1541 2198 praedietis
1553 2163 1624 2192 vero
1641 2160 1759 2193 Ducatu
1768 2160 2024 2199 Luczemburgen.
2039 2162 2073 2194 &
2091 2160 2245 2192 Comitem
2259 2160 2297 2191 de
2311 2160 2386 2192 Chr*

1312 2208 1349 2238 ny
1359 2222 1368 2237 ,
1386 2200 1419 2229 δε
1432 2201 1460 2229 in
1473 2209 1573 2230 eorum
1588 2200 2034 2240 Appenditiis,praenominatum
2052 2199 2202 2230 Cornelium
2216 2199 2385 2238 Bastardm

1312 2240 1479 2275 Burgundiae
1502 2238 1737 2269 Gubernatorem
1756 2238 1924 2269 eorumdem
1939 2262 1949 2276 ,
1966 2241 2001 2270 ὃς
2016 2248 2101 2277 eum,
2118 2239 2163 2269 vel
2180 2248 2247 2277 eos,
2266 2239 2314 2277 qui
2329 2249 2385 2277 pro

1311 2286 1441 2315 ternpore
1456 2276 1559 2315 fuerit,
1574 2277 1618 2308 seu
1634 2278 1738 2308 fuerint
1754 2278 1784 2307 in
1798 2277 1915 2308 Officiis
1931 2278 2092 2316 praedictis,
2111 2277 2157 2308 vel
2171 2287 2272 2308 eorum
2286 2277 2384 2309 Loca-

1310 2324 1455 2354 tenentes,

1348 2355 1466 2394 Quibus
1480 2355 1514 2385 &
1529 2355 1646 2385 cuilibet
1660 2364 1759 2385 eorum
1769 2376 1778 2392 ‚
1795 2363 1830 2384 ex
1844 2353 1928 2385 Parte
1943 2354 2065 2393 ejusdem
2080 2355 2192 2384 Domini
2205 2357 2274 2394 mei,
2292 2353 2388 2385 Dedi-

1312 2404 1391 2432 mus,
1410 2395 1444 2425 &
1457 2393 1571 2424 Damus
1585 2416 1596 2432 ,
1621 2395 1655 2424 &
1672 2392 1877 2424 Concedimus
1892 2393 2007 2431 plenam
2024 2394 2058 2424 &
2071 2393 2276 2424 omnimodam
2292 2393 2382 2424 Pone-

1310 2432 1411 2464 statem
1420 2456 1430 2471 ,
1450 2433 1678 2471 Auctoritatem,
1695 2434 1730 2464 &
1745 2430 1921 2463 Mandatum
1941 2432 2058 2470 speciale
2072 2431 2197 2462 faciendi
2209 2433 2380 2469 reparare&

1311 2472 1464 2503 emendare
1473 2494 1483 2510 ,
1504 2470 1700 2502 Mediantibus
1713 2470 1860 2501 Terminis
1871 2469 2111 2508 Justitiae&Jure
2126 2470 2378 2508 Armorum‚0m-

1310 2521 1347 2541 ne
1361 2511 1431 2541 illud
1448 2510 1527 2548 quod
1542 2510 1664 2541 Fac'tum
1680 2533 1690 2548 ,
1706 2510 1917 2546 Attemptatum
1935 2531 1945 2547 ,
1964 2507 2207 2540 Commiffumve
2222 2507 2325 2546 fuerit,
2341 2509 2380 2540 de

1312 2549 1395 2581 Parte
1408 2548 1524 2588 ejufiiem
1539 2552 1652 2578 Domini
1665 2552 1717 2578 mei
1733 2571 1741 2583 ,
1757 2548 1788 2577 in
1803 2549 1975 2578 contrarium
1990 2546 2169 2586 praesentium
2189 2545 2382 2578 Abstinentia-

1311 2599 1376 2619 rum
1393 2590 1427 2620 ὃ(
1439 2588 1538 2618 Securi
1553 2586 1663 2624 Status,
1674 2596 1707 2617 ac
1721 2586 1899 2622 Corrigendi
1911 2587 1945 2617 &
1961 2586 2119 2623 corrigere,
2126 2595 2161 2616 ac
2169 2586 2262 2623 puniri
2275 2585 2383 2616 facien-

1308 2627 1338 2657 di
1352 2627 1559 2664 Delinquentes
1580 2627 1610 2656 in
1628 2625 1733 2656 eisdem
1755 2624 1942 2655 Abstinentiis
1964 2624 2186 2662 comprehensos
2201 2646 2212 2663 ‚
2231 2625 2266 2656 ὅτ
2281 2633 2382 2655 contra

1311 2666 1463 2696 Tenorem
1478 2664 1666 2695 Praesentium
1683 2665 1844 2701 venientes,

1350 2703 1388 2735 Et
1404 2704 1606 2742 consequentes
1618 2702 1745 2733 tradendi
1762 2701 1869 2732 Literas
1883 2701 1942 2732 suas
1956 2700 2176 2732 Certificatorias
2190 2700 2382 2740 conquerens

1311 2744 1385 2774 tibus
1398 2744 1432 2774 &
1447 2742 1724 2780 Complangentibus
1737 2764 1747 2776 ,
1763 2750 1829 2778 quae
1845 2740 1963 2779 quidem
1979 2741 2100 2770 Litterae
2118 2740 2253 2771 valebunt
2273 2740 2383 2771 salvum

1313 2782 1504 2813 Conductum
1519 2781 1554 2811 ad
1571 2780 1746 2810 veniendum
1760 2781 1852 2810 versus
1860 2778 2083 2810 Conservatores
2095 2779 2306 2817 uniuscumque
2316 2778 2384 2809 Par-

1310 2822 1344 2852 tis
1362 2820 1566 2858 Prosequutum
1580 2820 1613 2850 &
1630 2819 1794 2857 requisitum
1811 2817 2049 2856 Repparationem
2064 2817 2292 2855 deAttemptatis
2317 2827 2382 2855 quae

1312 2860 1387 2890 faeta
1401 2859 1514 2890 fuiss'ent
1527 2867 1576 2896 per
1591 2856 1739 2888 Homines
1753 2880 1763 2896 ,
1783 2856 1939 2887 Servitores
1954 2879 1963 2895 ,
1987 2865 2035 2887 aut
2050 2855 2184 2886 Subditos
2198 2856 2280 2886 unius
2319 2857 2384 2886 artis

1312 2897 1494 2929 Hominibus
1507 2920 1516 2935 ,
1536 2896 1729 2928 Servitoribus
1742 2919 1751 2933 ,
1771 2904 1818 2926 aut
1838 2895 1964 2926 Subditis
1977 2895 2087 2926 alterius
2100 2894 2189 2924 Partis
2204 2915 2214 2931 ,
2231 2895 2266 2925 &
2276 2893 2311 2924 ad
2326 2894 2384 2924 ib‘r-

1310 2937 1379 2968 dem
1397 2936 1554 2980 Agendum
1564 2934 1732 2979 ,&.abin·de
1746 2933 1964 2978 Revertendum
1976 2935 2006 2963 in
2024 2933 2102 2963 Loca
2116 2931 2161 2962 sua
2173 2932 2271 2976 secure
2286 2932 2320 2963 ὃς
2333 2942 2383 2970 pa-

1311 2975 1415 3014 cifice,
1433 2984 1535 3006 totiens
1549 2983 1678 3013 quotiens
1693 2973 1754 3011 ipsis
1769 2972 1900 3011 expediet
1913 2995 1924 3011 ‚
1941 2972 2037 3003 donec
2049 2971 2206 3009 Reparauo
2220 2971 2385 3009 Attempta-

1311 3024 1409 3046 torum
1425 3014 1509 3045 fuerit
1526 3013 1709 3051 subsequuta,

1351 3053 1386 3083 In
1402 3053 1504 3091 quibus
1520 3052 1635 3090 quidem
1656 3051 1771 3081 Litteris
1786 3048 2016 3080 Certifficatoriis
2035 3048 2230 3086 exprimentur
2246 3047 2381 3078 Personae

1311 3091 1563 3130 Conquerentium
1589 3090 1623 3120 &
1649 3088 1922 3128 Complangentiurn
1937 3109 1947 3125 ,
1971 3096 2069 3117 earum
2092 3086 2295 3118 Habitationes
2309 3108 2320 3124 ,
2345 3096 2381 3117 ac

1312 3130 1484 3168 Dampnum
1499 3129 1577 3168 quod
1589 3128 1652 3165 ipsis
1665 3127 1775 3158 illatum
1787 3127 1887 3164 fuerit,
1904 3127 1939 3158 &
1953 3134 2002 3162 per
2018 3134 2122 3164 quem,

1348 3169 1387 3200 Et
1403 3179 1455 3207 pro
1471 3168 1574 3206 Sigillo
1587 3166 1798 3197 Conservatoris
1813 3188 1822 3203 ,
1861 3165 1889 3195 ui
1909 3164 2000 3195 dietas
2021 3164 2131 3194 Literas
2145 3162 2383 3194 Certifficatorias

1316 3209 1415 3239 fecerit
1431 3230 1440 3245 ,
1458 3207 1598 3236 solventur
1621 3206 1762 3242 Quinque
1779 3204 1838 3235 Soli
1862 3204 1867 3209 '
1887 3201 2070 3234 Turonenses
2083 3225 2094 3241 ,
2112 3202 2146 3233 &
2168 3210 2222 3239 pro
2237 3200 2384 3239 Scriptura

1312 3247 1386 3278 Duo
1398 3246 1487 3276 Solidi
1502 3245 1556 3275 Sex
1573 3244 1692 3274 Denarii
1707 3242 1898 3273 Turonenses.

1350 3285 1389 3316 Et
1404 3284 1570 3322 generaliter
1585 3284 1619 3313 ὃς
1631 3281 1783 3319 specialiter
1799 3279 1930 3311 Faciendi
1947 3279 1982 3310 &
1996 3277 2159 3310 Exci-cendi
2173 3278 2272 3308 omnia
2287 3278 2382 3310 alia&

1312 3323 1436 3361 singula,
1456 3333 1524 3353 cum
1544 3321 1563 3340 ²¹²
1583 3320 1635 3351 suis
1647 3319 1867 3350 circumstantiis
1882 3319 1915 3349 &
1931 3317 2165 3355 deppendentiis‚
2184 3326 2249 3353 quae
2260 3318 2331 3347 boni
2346 3319 2380 3349 δί

1313 3363 1414 3398 legales
1430 3360 1650 3391 Conservatores
1665 3358 1758 3388 facere
1772 3358 1878 3387 debent
1891 3357 1925 3387 &
1941 3355 2058 3393 poffunt
2070 3355 2099 3384 in
2114 3354 2162 3384 tali
2179 3354 2275 3394 Casu,
2289 3355 2342 3394 &,
2361 3355 2381 3386 fi

1311 3399 1423 3430 necesse
1446 3399 1529 3429 fuerit
1543 3420 1554 3436 ,
1569 3395 1752 3427 Procedendi
1776 3395 1871 3425 Manu
1895 3394 1966 3424 forti
1991 3393 2026 3424 &
2052 3393 2157 3424 armata
2182 3402 2269 3431 prout
2293 3393 2381 3426 Casus

1311 3446 1403 3468 exroet

1351 3459 1520 3514 Quocirca,
1539 3481 1574 3503 ex
1588 3480 1666 3509 parte
1678 3470 1750 3501 dicti
1762 3473 1877 3500 Domini
1892 3468 1931 3503 ὠν
1948 3471 2053 3499 Mariti
2067 3473 2134 3507 mei,
2153 3470 2188 3501 &
2204 3471 2306 3501 mute
2320 3469 2380 3500 Po-

1311 3513 1417 3545 testatis
1431 3513 1463 3543 &
1480 3511 1627 3541 Facultatis
1642 3510 1804 3547 supradictae
1821 3519 1870 3546 per
1883 3507 1974 3546 ipsum
1988 3507 2088 3538 Nobis
2102 3509 2380 3548 attributae,Damus

1312 3554 1343 3583 in
1356 3550 1517 3586 Mandatis,
1532 3559 1580 3589 per
1595 3547 1704 3578 easdem
1719 3547 2032 3583 Praesentes,omnibus
2046 3544 2379 3583 Locatenentibus,Ma-

1311 3590 1466 3628 reschallis,
1484 3586 1672 3625 Admiraldis,
1691 3584 1939 3623 Viceadmiraldis,
1957 3585 2137 3625 Capitaneis,
2153 3587 2188 3618 &
2203 3586 2263 3616 aliis
2274 3584 2380 3614 Gemi-

1314 3631 1366 3660 bus
1381 3627 1503 3659 Guerrae
1519 3649 1529 3664 ,
1546 3625 1684 3662 Baillivis,
1701 3624 1948 3661 vicecomitibus,
1963 3624 2230 3661 Gubemaroribus,
2240 3622 2374 3661 justicia-

1313 3669 1377 3706 riis,
1393 3668 1426 3698 &
1442 3665 1567 3696 Subditis
1587 3663 1710 3702 ejusdem
1736 3662 1861 3693 Domini
1886 3663 1968 3700 mei,
1987 3671 2068 3701 atque
2088 3663 2147 3693 aliis
2161 3663 2191 3692 in
2205 3662 2240 3691 &
2253 3659 2305 3690 sub
2325 3661 2377 3692 suis

1313 3705 1500 3738 Protedtione
1514 3704 1547 3734 &
1564 3702 1807 3733 Gubernamento
1821 3701 1983 3731 constitutis
1998 3723 2009 3739 ,
2024 3711 2071 3732 aut
2082 3709 2181 3732 eorum
2195 3699 2378 3729 Locatenen‘-

1314 3746 1405 3782 tibus,
1424 3744 1458 3774 &
1473 3742 1590 3772 cuilibet
1605 3741 1729 3779 ipsorum
1745 3762 1754 3778 ,
1773 3748 1857 3777 prout
1871 3740 1920 3770 fibi
1936 3741 2088 3777 pertinebit
2100 3761 2111 3777 ,
2128 3745 2262 3776 quatenus
2276 3737 2376 3768 Absti-

1314 3784 1421 3815 nentias
1435 3781 1556 3812 Guerrae
1570 3781 1603 3810 δε
1617 3780 1754 3809 Securum
1771 3778 1879 3809 Statum
1894 3779 2018 3816 superius
2029 3777 2183 3808 declaratos
2197 3775 2377 3814 conservent,

1315 3828 1532 3857 manuteneant,
1550 3816 1738 3855 adimpleant,
1754 3817 1787 3848 &
1801 3817 1969 3855 observent,
1985 3826 2023 3847 ac
2040 3815 2143 3845 faciant
2156 3814 2231 3843 bene
2245 3816 2280 3846 δε
2293 3813 2376 3853 debi-

1313 3863 1342 3892 te
1356 3858 1522 3891 conservare
1535 3880 1545 3895 ,
1565 3865 1746 3900 manutenere
1761 3878 1772 3894 ,
1789 3856 1959 3894 adimplere,
1976 3856 2011 3886 &
2025 3852 2187 3889 observare,
2205 3851 2242 3882 de
2257 3852 2375 3884 PunCto

1313 3900 1342 3929 in
1358 3896 1504 3967 Pdundimm
1517 3919 1528 3934 ,
1543 3896 1620 3934 quta
1641 3894 1753 3925 illorum
1772 3895 1898 3925 formam
1913 3895 1948 3925 &
1961 3893 2112 3923 Tenorem
2124 3912 2135 3928 ,
2151 3890 2256 3929 absque
2276 3892 2378 3923 infrin-

1337 3948 1373 3968 en
1393 3946 1428 3966 o:

1316 3948 1336 3976 g
1352 3975 1391 4006 Et
1405 3999 1415 4014 ,
1431 3974 1496 4013 quia
1510 3972 1602 4003 forsan
1615 3971 1744 4010 expediet
1759 3970 1960 4001 Ostenfionem
1974 3967 2066 3997 facere
2079 3965 2116 3996 de
2129 3967 2314 4005 praesentibus
2326 3967 2371 3999 di·

1316 4015 1399 4049 versis
1415 4015 1444 4045 in
1461 4012 1547 4047 Locis
1561 4033 1572 4050 ,
1589 4012 1621 4043 in
1637 4011 1736 4051 quibus
1749 4006 1948 4049 difficilereffet
1955 4003 2075 4046 presens
2087 4006 2227 4047 originale
2246 4007 2370 4078 delevi-g,

2409 306 2427 325 *
2445 308 2501 335 XI.

2434 346 2498 381 136.

2416 3316 2436 3336 *²
2455 3317 2511 3346 XL'

2439 3363 2502 3393 ¹37·
