2555 4266
755 189 867 233 ET
955 190 1221 233 ACTA
1309 187 1784 249 Pontici«.

9 278 87 313 Arm.
102 278 142 311 D.
153 278 255 311 clairee‘
266 288 302 308 en
312 276 396 317 Iafirt
410 273 442 305 de
455 274 504 314 cest
520 273 647 316 Article,
667 277 753 319 qu’ilz
776 285 897 309 montent
917 289 936 308 a
951 277 980 307 la
1000 281 1102 307 Summe
1117 278 1149 307 de
1166 278 1215 308 six

32 328 120 358 1492.
158 318 237 349 Cens
252 316 309 348 Vin
353 315 410 346 Mil
422 313 509 345 Escus
523 315 614 353 d’Or,

192 358 235 386 Et
251 324 392 394 afficiar
403 351 530 394 l’Aquiet
544 353 576 382 de
589 353 766 392 I⁷Obligation
780 365 830 395 que
844 354 871 384 le
887 354 933 384 feu
947 353 1016 393 Roy
1033 353 1164 384 Edouard
1181 364 1214 382 a-

159 398 221 424 voit
235 395 271 423 du
284 401 331 423 reu
347 391 416 429 Roy
431 391 525 431 Loys,
543 391 581 427 όν
596 395 642 422 des
657 398 822 430 Arreraiges
835 393 868 422 de
884 394 955 421 Huit
969 396 1074 421 Termes
1090 399 1215 421 montans

158 432 236 463 Cent
250 431 339 468 Vingt
352 432 420 467 cinq
438 429 495 459 Mil
510 429 596 461 Escus
609 431 698 469 d'Or,

192 468 345 509 Lesquelles
356 468 524 505 obligations
536 469 632 508 serent
646 476 738 499 tenues
766 478 813 498 our
828 466 982 504 annullees,
999 465 1038 501 &0
1055 466 1118 496 celle
1131 467 1168 497 de
1188 466 1214 496 la

156 507 277 546 Royne,
296 506 333 541 ὠ·
343 514 430 536 toutes
446 515 538 536 autres
549 507 678 538 touchant
693 507 717 536 le
723 476 786 546 ,git
801 506 833 535 de
840 508 986 542 Bretaigne
994 505 1090 544 serunt
1104 505 1215 534 rendues

11 551 31 572 *
50 553 120 580 ΧΠ,
152 545 387 584 desmaintenant,
413 544 452 580 ῤ’
474 547 492 565 *
516 545 590 575 celles
612 546 647 575 du
667 546 712 575 feu
731 546 795 584 Roy
821 543 900 582 Loys
929 545 1004 582 1—tost
1026 554 1075 582 que
1097 543 1123 573 le
1143 543 1212 582 Roy

11 598 75 625 507.
149 583 343 622 d'Angleterre
356 583 447 614 l’aura
463 591 593 622 trouvee,
608 583 674 613 dont
697 582 720 612 il
736 582 886 620 prometira
916 585 973 611 aire
984 581 1038 622 fiin
1057 584 1158 611 Povoir
1173 584 1212 617 (γ

146 624 198 651 -Ac
215 630 256 651 uit
1019 636 1021 638 ·

188 633 234 690 ize
251 645 319 700 Roy
334 660 369 692 de
385 661 494 692 France
510 658 600 699 &ses
615 661 713 696 Hoirs,

188 701 262 729 Pour
277 711 316 730 ces
331 699 429 739 Causes
445 699 484 734 ῤ’
500 705 591 729 autres
605 696 818 736 ConfideratIons
831 708 850 725 a
861 707 887 726 ce
908 695 931 726 le
945 707 1076 726 mouvans
1086 719 1095 735 ,

184 739 291 777 Payera
305 749 338 767 ou
355 738 419 775 fera
427 741 506 776 paier
519 747 555 767 au
572 735 613 765 dit
637 734 704 773 Roy
723 735 939 773 d’Angleterre,
959 735 996 770 ὠ·
1006 735 1050 774 ses
1065 738 1166 773 Hoirs,
1181 735 1210 764 la

147 778 248 806 Somme
266 777 301 808 de
315 776 385 814 Sept
400 775 478 806 Cens
491 775 636 812 Qiai‘ante
652 772 742 803 Viritz
757 772 814 803 Mil
831 773 916 804 Escus
931 774 1005 804 d'Or
1015 796 1024 812 ,
1043 773 1081 809 όν
1093 785 1126 803 en
1141 773 1210 803 bail-

146 814 206 844 lera
218 814 378 854 semblables
400 816 513 843 Lettres
536 811 723 848 d-'obligation
741 811 779 846 ὠ
804 815 932 842 Seuretez
951 823 1000 852 que
1025 813 1050 843 le
1072 813 1118 843 feu
1141 812 1209 851 Roy

150 852 246 892 Loys,
258 862 327 891 pour
339 852 364 881 le
377 852 493 880 Traici'ie
508 850 540 879 de
549 852 710 890 Picquegny,
727 849 814 880 bailla
831 862 867 880 au
879 852 920 880 dit
936 852 981 881 feu
991 851 1058 889 Roy
1066 850 1211 888 Edouard‚

151 902 170 920 a
178 894 257 929 paier
270 891 300 921 la
315 888 466 929 deffirsc'z'itte
481 892 581 918 Somme
594 898 647 927 par
659 892 790 927 Arinen,
802 896 856 927 par
870 889 970 919 chacun
986 894 1040 918 An
1061 889 1210 927 Cinquan-

150 938 180 960 te
194 929 252 960 Mil
268 929 370 958 Francs
384 927 460 966 Ving
475 927 546 958 Solz
560 927 707 958 Tournois
721 937 794 965 pour
811 929 835 958 le
851 927 938 958 Franc
949 950 958 966 ‚
976 932 1022 968 qui
1044 939 1070 957 ce
1085 933 1211 966 paieront

152 979 188 997 en
203 967 287 1006 Elius
300 965 322 995 d
327 967 376 995 ⁷Or
391 965 426 996 de
442 975 514 995 xxxv
529 966 592 996 Sols
609 965 763 1004 Monnoye
777 977 793 996 a
807 966 914 1004 present
929 975 1048 996 courant
1059 976 1131 1006 pour
1145 968 1212 998 cha-

149 1015 208 1038 cun
222 1006 315 1042 Eicu,
332 1015 351 1032 a
368 1006 451 1033 Deux
465 1007 587 1042 Termes,
602 1005 635 1033 de
648 1007 735 1043 Demy
756 1008 810 1034 An
825 1016 857 1034 en
871 1008 958 1043 Demy
973 1009 1026 1035 An
1036 1028 1045 1043 ,

187 1046 231 1073 Et
249 1043 316 1072 dont
328 1041 355 1072 le
376 1044 496 1073 Premier
516 1042 638 1083 eflherra
657 1042 681 1073 le
703 1045 824 1074 Premier
839 1042 916 1081 Jour
928 1045 961 1072 de
983 1047 1053 1084 May
1063 1043 1210 1082 prouchain

149 1087 277 1118 venant,
545 1109 552 1118 ,

148 1137 151 1139 ,
187 1121 231 1148 Et
244 1119 270 1148 le
286 1119 386 1149 Second
398 1118 422 1149 le
438 1123 558 1150 Premier

189 1160 232 1187 Et
245 1157 303 1198 aufi
313 1159 345 1187 de
361 1162 413 1187 An
431 1170 465 1189 en
482 1164 551 1197 An,
568 1159 607 1194 ὠ·
626 1159 659 1188 de
673 1162 764 1188 Terme
777 1169 810 1188 en
829 1162 938 1196 Terme,
949 1159 1059 1198 jusques
1077 1170 1113 1188 au
1130 1159 1209 1197 plain

146 1194 188 1265 ἐξ·
205 1199 443 1264 entltv'eIrlfssiement
458 1197 490 1227 de
506 1197 535 1227 la
552 1196 704 1236 deffiifiiztte
716 1200 818 1227 Somme
829 1197 864 1228 de
884 1196 953 1236 Sept
966 1197 1045 1228 Gens
1065 1197 1209 1236 Qarante

177 1244 205 1264 in
283 1245 289 1264 i
350 1238 411 1265 icus

182 1245 227 1302 Lqe
240 1272 303 1314 quel
314 1259 455 1303 Paieme’nt
463 1273 496 1313 se
499 1272 567 1313 fera
581 1284 614 1303 en
627 1272 656 1302 la
671 1276 699 1303 V
699 1273 746 1303 ille
760 1273 793 1303 de
804 1272 912 1310 Calais,
931 1272 970 1308 (ᾤ’
976 1273 1009 1312 ft
1025 1272 1050 1302 le
1064 1274 1209 1313 Trefiirier,

149 1321 183 1341 ou
198 1320 296 1350 autre,
311 1315 357 1352 qui
378 1320 518 1352 apportera
530 1311 664 1350 l'Argent
679 1310 740 1351 fait
751 1312 852 1350 saveir
866 1311 904 1350 sa
921 1323 1008 1341 venue
1032 1322 1068 1340 au
1085 1313 1126 1342 dit
1148 1312 1207 1343 Sei-

144 1359 238 1387 gneur
252 1351 418 1390 d’Aubeny,
436 1362 471 1381 on
487 1363 521 1380 en
536 1350 589 1389 son
610 1350 732 1389 absence,
748 1362 784 1380 au
801 1352 924 1388 Deppute
942 1351 974 1379 de
991 1349 1102 1389 Calais,
1119 1349 1143 1380 il
1159 1362 1206 1380 en·

143 1398 245 1427 voyera
262 1392 334 1418 Gens
344 1397 412 1427 pour
425 1388 450 1418 le
464 1389 587 1419 condmre
601 1390 691 1428 depuis
704 1389 771 1429 qu'il
778 1387 844 1427 sera
859 1396 934 1417 entre
950 1389 989 1417 les
1002 1387 1082 1417 Pales
1099 1388 1138 1424 ό·
1154 1392 1207 1419 Li-

142 1430 234 1456 mittes
249 1425 288 1457 du
302 1427 371 1467 Roy
387 1428 580 1467 d’Angleterre
589 1450 599 1465 ,
610 1427 720 1468 jusques
733 1439 770 1456 au
787 1427 828 1456 dit
842 1430 913 1457 Lieu
927 1427 959 1456 de
974 1426 1081 1456 Calais:

183 1467 226 1494 Et
236 1473 305 1504 pour
318 1477 344 1495 ce
358 1477 409 1505 que
418 1488 427 1503 ,
442 1477 475 1495 en
488 1465 665 1503 l'obligation
678 1465 714 1496 de
732 1466 756 1496 la
774 1464 895 1504 Royne,
915 1464 1107 1533 n'estllbecifie'e
1117 1476 1150 1494 ne
1161 1465 1207 1494 de-

147 1502 247 1533 claire'e
258 1507 363 1533 Somme
377 1508 512 1541 certaine,
530 1504 567 1534 les
580 1504 629 1533 diz
644 1503 858 1542 Ambaffadeurs
880 1503 909 1532 d’
911 1508 978 1541 Aug
990 1510 1076 1533 eterre
1098 1510 1144 1532 ont
1166 1501 1206 1542 of-

137 1539 222 1580 feu,
238 1553 288 1582 que
301 1542 387 1572 icellui
404 1543 471 1582 Roy
486 1543 561 1572 d'An
583 1544 679 1573 leterre
695 1553 728 1571 en
742 1542 849 1571 dedeins
863 1552 915 1579 ung
934 1545 987 1570 An
1003 1541 1152 1571 ordonnera
1167 1541 1206 1576 ὠ»

143 1579 361 1618 commettrason
372 1579 521 1619 Tresorier,
598 1587 690 1610 autres
709 1579 829 1618 Officiers
851 1583 897 1620 qui
918 1587 1017 1609 aurunt
1038 1580 1160 1609 conduie‘l
1176 1580 1205 1610 la

144 1617 275 1657 Despenft
290 1620 358 1647 dont
369 1619 496 1657 procedde
512 1619 542 1649 la
557 1619 627 1648 dicte
641 1622 757 1655 Somme,

178 1658 240 1693 Et,
256 1668 290 1686 en
303 1655 332 1686 Ia
342 1657 464 1695 presence
477 1657 522 1687 des
537 1656 632 1695 Offices
643 1656 676 1686 de
693 1659 844 1694 Bretaign,
862 1667 894 1685 ou
909 1663 1020 1693 autres,
1036 1655 1094 1685 telz
1114 1667 1164 1695 que
1178 1656 1204 1686 le

141 1696 198 1732 Ray
212 1695 245 1724 de
268 1697 374 1725 France
386 1707 407 1734 y
427 1695 575 1726 ordonnera
592 1693 630 1729 ὠ·
652 1702 825 1732 commettra,
850 1694 887 1724 les
909 1696 977 1724 dites
1001 1694 1144 1733 Despenses
1165 1694 1204 1730 &-

140 1735 187 1762 Mi
201 1744 227 1762 es
240 1732 338 1772 serant
351 1744 433 1763 veues
445 1733 485 1768 ὠ·
498 1732 630 1770 veriffi'ees
641 1741 696 1771 par
710 1732 914 1771 l‘Affi'rmation
931 1733 967 1762 du
985 1732 1050 1773 Roy
1065 1734 1204 1771 d'Angle-

142 1779 230 1839 ‘es‘zft
242 1771 1026 1850 {JZffZffiZZssJZZ'Z—‘t’§ggsszssr‘fffigssaes'ffss‘rz
1038 1809 1087 1848 fia
1110 1809 1135 1839 ιε
1156 1813 1203 1840 εε-

139 1854 244 1878 rement
258 1849 303 1877 des
318 1849 367 1878 diz
381 1848 518 1887 Officiers,
536 1859 620 1883 ayans
635 1848 756 1878 conduicr
769 1847 855 1877 ladite
873 1848 1004 1886 Despence
1013 1870 1022 1885 ,

174 1888 218 1915 Et
236 1887 290 1924 [bit
312 1898 363 1925 que
383 1886 407 1916 le
426 1887 468 1916 dit
490 1889 616 1923 Seigneur
638 1885 708 1924 Roy
728 1886 940 1924 d'Angleterre,
956 1885 1065 1925 afferme
1085 1885 1114 1916 la
1135 1886 1205 1917 ditte

139 1927 242 1954 Somme
255 1925 288 1955 de
302 1926 352 1954 six
367 1923 445 1954 Cens
461 1924 552 1964 Vingt
560 1924 615 1954 Mil
625 1924 728 1963 Escus,
747 1935 779 1954 ou
793 1931 873 1954 autre
887 1925 1012 1961 mendre‚
1031 1924 1059 1954 la
1067 1926 1122 1955 dite
1131 1928 1205 1955 Som-

140 1974 183 2030 ἴιε
199 1961 323 2009 affi’rme‘e
336 1961 405 2030 ser}
411 1966 501 2040 ffaiee
517 1971 572 2003 par
585 1961 611 1994 le
625 1962 694 2004 Roy
712 1964 749 1995 de
766 1963 889 2002 France,
908 1974 964 1993 aux
980 1966 1084 1993 Termes
1101 1962 1140 1998 όν
1149 1971 1204 2001 par

153 2013 171 2031 a
185 2011 304 2030 manlere
338 2013 370 2031 ue
403 2012 416 2030 Ε
438 2013 467 2031 ΙΙΙ

146 2058 149 2060 -
180 2041 224 2069 Et
232 2013 449 2078 serontqbaillees
468 2024 526 2070 a’ux
545 2043 659 2070 commis
676 2040 716 2072 du
733 2040 802 2079 Roy
818 2039 855 2071 de
875 2039 997 2078 France,
1015 2044 1061 2080 qui
1070 2048 1154 2081 yront
1170 2052 1205 2071 en

139 2076 310 2114 ‘Angleterre
320 2078 357 2108 les
368 2078 474 2109 doubles
488 2087 544 2118 par
559 2080 684 2110 Extra&
706 2079 752 2110 des
772 2083 891 2118 Conzptes
905 2080 950 2109 des
969 2079 1037 2110 dites
1058 2079 1204 2120 Despenset

141 2114 181 2150 φ
202 2116 317 2156 Mfis..

11 363 75 387 Hm.
92 368 117 393 7.

572 1119 649 1158 Jour
665 1120 697 1150 de
715 1119 872 1150 Novembre
885 1127 960 1157 apres
974 1131 1007 1149 en
1016 1119 1153 1159 suivant,

178 2193 393 2236 Savoirfaifhns
413 2204 482 2236 que,
500 2195 617 2227 voulans
656 2195 772 2228 roceder
787 2195 824 2227 de
842 2195 942 2226 bonne
956 2194 1006 2235 foy
1022 2204 1091 2227 avec
1104 2195 1141 2226 les
1153 2195 1203 2227 diz
1250 2225 1254 2227 Δ

139 2229 359 2264 ‘Ambaffadeurs
375 2234 587 2274 d’Angleterre‚
641 2245 694 2266 ous
707 2233 872 2266 confeffons
885 2234 912 2265 le
929 2234 972 2265 dit
989 2234 1111 2273 Article,
1128 2236 1162 2267 &
1177 2235 1203 2266 le

140 2278 269 2314 contenti
287 2281 322 2301 en
337 2273 432 2303 icellui
445 2273 540 2310 avoir,
555 2282 605 2312 par
624 2273 713 2304 Nous
729 2283 770 2304 ou
791 2272 880 2303 Nom
899 2271 936 2303 du
958 2272 1028 2312 Roy
1044 2273 1140 2304 nostre
1162 2274 1204 2304 dit

140 2308 281 2346 Seigneur
300 2311 334 2342 &
347 2310 484 2349 Maistre,
499 2311 571 2342 estre
591 2312 746 2351 consenty,
760 2310 899 2348 accorde,
914 2312 948 2343 ὃς
963 2311 1086 2350 conclu,
1105 2312 1138 2343 &
1154 2312 1206 2343 de-

140 2347 242 2390 rechef
256 2357 292 2378 en
307 2357 389 2380 vertu
402 2349 440 2380 du
456 2349 564 2380 Povoir
575 2359 591 2380 a
604 2350 692 2381 Nous
704 2351 801 2381 donne
816 2359 851 2380 en
858 2348 932 2380 ceste
944 2349 1052 2388 Panic,
1069 2350 1157 2381 iniere
1173 2361 1202 2382 es

140 2385 222 2416 dittes
236 2386 347 2417 Lettrae
359 2388 396 2418 de
410 2387 478 2419 Paix
493 2389 526 2419 ὃς
535 2388 674 2428 Amittie,
691 2388 862 2420 Accordons
875 2389 908 2419 &
917 2387 1112 2428 Consentons,
1131 2399 1204 2420 con-

140 2423 242 2468 cluons
258 2425 293 2456 &
312 2426 440 2456 voulons
470 2426 516 2457 u'il
529 2427 582 2457 soit
599 2427 661 2457 d'au
674 2428 712 2459 tel
726 2427 839 2457 Valleur
853 2427 888 2458 &
904 2427 987 2464 poreil
1009 2426 1106 2458 Effe&
1120 2437 1204 2458 corn-

139 2471 189 2493 me
202 2463 244 2493 s'tl
255 2462 329 2493 feust
342 2464 445 2495 dedans
467 2474 497 2495 es
511 2465 619 2497 Lettres
632 2465 672 2496 du
685 2466 726 2497 dit
741 2466 868 2496 Traictie
877 2465 912 2495 de
928 2465 999 2496 Paiis
1014 2467 1048 2496 &
1059 2466 1185 2497 ⁴Ami'ttie
1194 2489 1204 2504 ‚

175 2500 215 2531 Et
235 2501 408 2534 d'abondant
429 2504 488 2534 leur
504 2502 708 2542 Promettons‚
724 2508 842 2534 comme
860 2513 913 2534 aux
933 2504 1148 2535 Ambassadeurs
1167 2505 1202 2535 δε

138 2538 311 2582 Procureurs
330 2541 368 2571 du
387 2542 429 2572 dit
441 2541 580 2579 Seigneur
599 2545 656 2583 Roy
675 2542 889 2580 d'Angleterre‚
910 2542 946 2572 de
964 2543 1032 2573 faire
1045 2542 1164 2574 veris-fier
1178 2544 1204 2574 le

139 2576 198 2608 dite
213 2577 322 2610 Article
331 2580 365 2611 δε
382 2588 444 2611 tout
458 2580 485 2610 le
497 2579 634 2612 Contenti
649 2591 685 2612 en
699 2582 797 2621 icelluy
815 2591 863 2619 par
878 2580 903 2610 le
917 2583 973 2621 Roy
987 2580 1072 2620 nostre
1086 2582 1128 2611 dit
1144 2585 1203 2612 Sei-

159 2626 224 2645 neu?

138 2626 158 2653 g
179 2654 216 2684 Et
230 2638 302 2694 que,
319 2665 369 2694 par
383 2656 422 2687 ses
437 2657 547 2688 Lettres
560 2656 690 2688 Parentes
704 2656 818 2696 Signees
830 2657 866 2687 de
881 2657 907 2688 sa
929 2657 1030 2695 Main,
1045 2659 1078 2689 ὃς
1095 2657 1203 2690 seellees

138 2691 176 2722 de
189 2693 240 2723 sori
256 2692 350 2724 Grant
364 2694 444 2729 Seel,
460 2696 480 2725 il
494 2695 654 2727 Promettra
666 2697 700 2727 &
715 2696 752 2726 Se
760 2696 921 2726 Submettra
936 2697 1011 2735 paier
1020 2697 1043 2726 la
1051 2697 1108 2727 dite
1115 2697 1200 2727 Som-

139 2740 189 2763 me
202 2731 309 2770 deSept
330 2736 399 2764 Cens
417 2733 568 2773 Qarante
589 2737 659 2779 Cinq
680 2733 739 2763 Mil
757 2735 860 2774 Escus‚
880 2744 952 2778 pour
969 2735 1006 2765 les
1026 2734 1129 2765 Causes
1149 2744 1202 2766 aux

136 2768 440 2853 10ῗὲᾏῖξὲᾙῖἓέ
447 2772 970 2855 ξὲἷιὲῗὲἓὲἓέξῑῖἓεῗξὲἱῗῖὲῗξῗῗῗῖῑι
991 2814 1046 2850 Ray
1060 2814 1132 2852 Lo„
1151 2813 1202 2842 son

137 2844 210 2876 Pere
227 2849 287 2882 (cui
301 2847 378 2878 Dieu
393 2849 515 2886 absoille)
533 2850 595 2880 feist
615 2850 648 2880 &
662 2849 742 2891 bailla
758 2860 791 2880 au
801 2849 848 2888 feu
862 2853 911 2879 Roi
925 2850 1059 2879 Edouard
1068 2850 1204 2889 d'Angle-

136 2892 210 2953 ῐεῖιὶιξ
225 2895 300 2954 13(ριἒὲ
313 2885 351 2917 les
358 2886 496 2962 {ommes
511 2887 577 2925 qu'il
590 2888 679 2919 deubt
695 2888 774 2918 Paier
791 2897 839 2927 pat
853 2888 879 2918 le
893 2887 1023 2919 Traiffie
1039 2888 1104 2919 faite
1126 2897 1204 2928 entre

215 2934 232 2954 a
303 2934 358 2962 que
379 2934 426 2964 ny.

176 3000 223 3031 En
233 3000 395 3040 Tesmoing
407 3001 444 3032 de
461 3012 495 3033 ce
515 3002 605 3034 Nous
624 3002 839 3033 Ambaffadeurs
857 3001 948 3033 deffus
965 3010 1104 3033 nommez
1116 3014 1204 3034 avons

137 3048 187 3069 ces
199 3038 344 3070 Presentes
359 3039 475 3078 Signees
493 3040 529 3071 de
545 3051 605 3071 noz
626 3041 722 3072 Mains
741 3041 793 3072 fait
809 3041 901 3072 seeller
922 3042 961 3072 du
980 3041 1044 3072 Seel
1058 3041 1094 3073 de
1114 3042 1203 3074 Nous

138 3080 265 3113 Seigneur
278 3078 323 3107 des
351 3087 361 3100 ⁹
373 3079 465 3116 uerdes
480 3089 551 3115 pour
566 3080 654 3110 Nous
669 3089 742 3111 tous.

178 3114 287 3146 Donne
298 3125 315 3147 a
330 3118 357 3145 Ε
381 3116 452 3155 aples
462 3117 515 3156 fia
529 3118 558 3147 la
567 3122 632 3148 Mer
644 3119 669 3149 le
683 3118 785 3158 iionur
800 3117 835 3148 de
843 3116 1033 3158 Novembre,
1052 3118 1118 3149 l'An
1130 3119 1203 3150 Mil-

137 3152 165 3184 le
178 3176 189 3192 ‚
208 3153 318 3192 Qiatre
379 3165 427 3194 ns,
448 3157 556 3195 Qiatre
575 3156 666 3197 Vings
684 3158 717 3189 &
733 3157 848 3187 Douze.

174 3229 252 3260 Ainfi
268 3229 373 3270 signe,

148 3284 157 3286 ν’
173 3268 305 3308 Philippes
323 3270 356 3299 de
373 3275 531 3303 crevecuer.

171 3309 212 3337 L.
229 3309 261 3337 de
279 3307 436 3339 Hallewin.

687 3237 721 3263 F.
736 3234 768 3263 de
786 3237 895 3274 Crequy.

688 3275 723 3302 R.
741 3273 774 3302 de
790 3275 922 3313 Lannoy,
939 3273 973 3305 &

688 3310 724 3350 J.
745 3309 875 3350 Dauffiy.

175 3387 276 3414 Savoir
283 3383 392 3425 faisbns
403 3397 453 3427 que
466 3387 543 3416 Nous
561 3396 643 3427 ayans
656 3386 694 3418 les
716 3387 824 3418 Lettres
845 3387 878 3418 &
899 3387 1006 3418 Article
1024 3386 1198 3423 deffusdites,

136 3422 170 3453 &
192 3423 218 3452 le
238 3426 420 3454 contenu'en
439 3425 530 3455 iceulx
547 3435 619 3462 pour
633 3426 774 3464 agreable,
793 3426 879 3456 Nous
902 3435 963 3456 tout
980 3436 1014 3456 ce
1029 3436 1084 3463 que
1107 3425 1198 3456 deffus

135 3461 177 3490 est
193 3461 251 3499 dit,
269 3471 358 3492 avons
373 3461 467 3501 Gree,
484 3463 616 3502 Ratiffie,
631 3464 796 3503 conferme,
814 3464 1030 3502 &Approuve‚
1047 3465 1080 3494 &
1097 3474 1197 3502 parces

136 3499 279 3529 Presentes
291 3509 362 3538 pour
385 3501 488 3539 Nous²
506 3511 565 3533 noz
587 3502 676 3533 Hoirs
697 3504 730 3535 Se
745 3503 939 3542 Succeffeurs,
959 3502 1089 3541 Greons,
1106 3502 1199 3533 Ratif-

135 3538 208 3576 fions
218 3560 227 3573 ,
246 3536 441 3570 Confermons
457 3542 488 3570 &
504 3541 704 3578 Approuvons.

175 3575 249 3620 {En
257 3574 419 3620 Tesmoing
434 3578 469 3608 de
484 3589 518 3609 ce
528 3579 613 3610 Nous
630 3590 719 3610 avons
733 3580 823 3617 Signe
837 3589 884 3610 ces
899 3579 1042 3610 Presentes
1050 3578 1086 3609 de
1101 3579 1199 3611 nostre

136 3613 241 3652 Mam,
256 3614 290 3644 &
307 3614 360 3647 fait.
370 3615 463 3648 seeller
476 3617 512 3646 de
528 3617 623 3648 nostre
639 3617 734 3649 Grant
747 3619 830 3650 Seel„
885 3641 888 3647 .
1039 3647 1042 3650 ,

171 3652 280 3683 Donne
295 3661 348 3681 aux
363 3654 488 3683 Montilz'
501 3653 539 3683 les
550 3658 651 3692 Tours,
671 3657 695 3686 le
713 3656 845 3686 Sixiesme
859 3654 932 3692 Jour
950 3655 985 3686 de
1000 3654 1169 3687 Decembre
1180 3679 1190 3693 ‚

110 3723 112 3725 ,
131 3689 199 3722 1Ἀη
216 3691 252 3721 de
267 3689 364 3720 Grace
379 3690 477 3729 Mille,
487 3693 607 3730 *Qiatre
620 3694 717 3732 Ceus,
733 3695 844 3732 Quatre
860 3692 949 3732 Vings
969 3694 1004 3724 &
1019 3693 1145 3733 Douze,
1162 3696 1195 3726 &

120 3727 167 3760 -de
179 3729 274 3760 nostre
284 3727 387 3768 Regae
404 3729 429 3759 le
444 3729 600 3761 Dixiesme.
638 3743 639 3746 ¹

18 3782 36 3787 ”
54 3803 77 3825 π
118 3798 230 3837 -Tsub
248 3805 348 3845 Piica,

0 3569 85 3600 *XH-

4 3607 53 3637 08.

17 3872 38 3904 5'
143 3912 146 3915 .
663 3903 666 3906 -
932 3881 1142 3918 Cainnas.

171 3963 262 3999 Super
278 3962 411 4003 Blicamj

159 4005 227 4036 ,Par
241 4000 265 4029 le
285 4003 358 4042 Ray,
390 4031 392 4033 ,

170 4038 431 4077 Meffeigneurs'les
446 4042 528 4071 Ducz
545 4036 695 4069 d'OrIeans
711 4037 750 4076 ά
765 4037 797 4071 de
812 4037 959 4078 Bourbon,

154 4093 156 4095 ·
171 4080 227 4109 Les
240 4080 336 4110 Contes
348 4077 380 4109 de
399 4080 488 4120 Lucey
501 4077 540 4117 ό·
558 4077 694 4109 Dalebret
701 4099 712 4116 ‚

2254 224 2309 265 55

1286 320 1341 346 Les
1363 322 1500 355 Seigneiaers
1514 321 1550 366 de⁴
1561 322 1704 362 Myolans,
1723 324 1896 367 d'Aulu'gny,
1914 327 1951 363 ό·
1971 326 2003 358 de
2020 329 2173 369 Graynault
2208 333 2299 366 d'Ar-
2318 289 2452 370 Anzan*

1249 362 1371 421 {2722an
1394 358 1432 428 g
1445 361 1597 425 desunrlz'
1612 361 1644 389 de
1666 364 1859 402 Mourvillier,
1881 365 1913 393 de
1936 368 2032 406 Bois),
2047 369 2079 397 de
2101 355 2192 410 Sccrs}
2208 373 2246 408 όν
2265 375 2297 405 de
2318 373 2380 398 Hm·
2407 381 2445 407 7--

1287 416 1416 460 Miist’res
1430 408 1662 475 JehanoDZe-'ff'ay
1679 436 1716 471 όν
1733 438 1831 476 Jehan
1845 440 1949 479 Rahot,
1969 443 2072 473 Michel
2089 445 2202 476 Gallart
2226 446 2299 478 Chi-

1249 469 1333 499 valier
1344 491 1354 506 ‚
1369 469 1457 498 Guille
1470 473 1613 501 Briconnet
1631 474 1668 509 ὠ-
1682 475 1778 513 Jehan
1794 480 1826 507 de
1841 479 1947 509 Bidane
1962 480 2120 513 Generaulx
2135 485 2182 515 des
2197 484 2300 517 Finan·

1250 516 1313 545 ces,
1329 507 1362 538 δε
1378 517 1466 538 autres
1480 507 1602 539 Presens.

1291 282 1346 308 Les
1360 281 1497 322 Evesques
1517 283 1548 312 de
1563 285 1677 313 Lettore
1691 284 1728 320 ὠ·
1743 287 1774 315 de
1788 287 1900 326 Luffoot‚

1874 553 1905 584 R
1924 565 1944 585 o
1965 566 1984 587 B
2004 567 2022 587 E
2043 567 2065 588 R
2084 567 2107 588 T
2127 569 2145 590 E
2162 568 2195 590 T.

1406 622 1461 652 Sub
1479 622 1569 660 sigillo
1587 624 1619 653 a‘e
1636 625 1705 654 Cera*
1725 625 1789 656 allici
1801 629 1930 666 pendente
1947 644 1965 661 a
1984 634 2068 662 cauda
2084 637 2263 673 Pergamenae.

1255 704 2291 723 Ἣ

1365 753 1512 800 Ejusdem
1536 756 1642 788 Litera
1666 754 1703 788 de
1726 755 1890 790 Rebellibus
1911 772 1965 791 non
1985 765 2179 799 auxiliandis.

1249 847 1302 897 I<
1313 842 1435 882 Arolus,
1453 842 1511 888 Dei
1525 844 1627 888 gratia,
1645 847 1806 889 Francorum
1818 849 1892 886 Rex,
1912 849 2083 883 universis&
2097 854 2296 894 singulis,prae,
2319 859 2447 891 Aung

1319 883 1404 912 sentes
1425 883 1540 912 Litteras
1554 883 1730 923 inspeeturis,
1747 884 1880 916 Salutem.
2339 908 2426 937 1492,

1285 920 1391 950 Notum
1398 919 1516 960 facimus
1530 922 1624 960 quod,
2316 940 2358 963 Αψ,
2384 940 2398 964 5

1283 957 1340 989 Pro
1350 959 1483 990 securiori
1500 960 1520 989 F
1523 961 1641 991 irniitate
1657 960 1690 990 &
1703 960 1912 992 Observatione
1922 962 2003 993 Pacis
2016 965 2059 995 seu
2070 964 2231 1008 Amicitiae,
2247 978 2298 1001 nu·
2320 958 2352 1000 H.
2362 958 2411 1001 'a'

1246 1003 1295 1030 per
1309 1001 1381 1028 inter
1395 1000 1455 1027 Nos
1468 999 1501 1029 ὃς
1521 997 1703 1029 Cariffimum
1718 999 1842 1030 Fratrem
1857 1001 1889 1030 &
1900 1000 2149 1042 Coniaiiguineum
2157 1006 2284 1039 nostrum
2319 1016 2358 1038 Ex
2372 997 2428 1041 ‘Aa

1245 1033 1391 1066 Heriricum
1406 1036 1517 1074 Angliae
1529 1040 1623 1074 Regem
1634 1037 1716 1067 1²³&ae
1730 1038 1762 1068 &
1779 1039 1918 1068 conclusae
1927 1063 1936 1078 ,
2286 1033 2296 1048 ³

1285 1072 1370 1112 Nos,
1386 1075 1455 1105 ultra
1474 1075 1630 1114 Articulos,
1649 1077 1676 1105 in
1697 1076 1833 1107 Tractatu
1848 1077 1935 1107 dieta:
1955 1078 2036 1110 Pacis
2058 1080 2229 1118 specificatos
2264 1086 2298 1116 &

1282 1121 1294 1140 r
1319 1112 1386 1143 Nos
1409 1113 1601 1153 Ratifficatos,
1621 1113 1817 1144 Conclusimus
1840 1116 1873 1146 δε
1897 1115 2143 1149 concordavimus
2157 1144 2168 1159 ,
2191 1107 2299 1161 ac³per

1268 1150 1397 1217 ‚i‘daelsentes
1415 1151 1630 1183 Concordamus
1645 1154 1676 1184 &
1691 1152 1899 1184 Concludimus
1907 1154 2067 1187 Articulum
2075 1158 2298 1202 subsequentem3

1246 1197 1274 1218 vi
1294 1198 1393 1228 cicer,

1283 1227 1393 1267 Qiod,
1410 1228 1490 1259 dietis
1504 1228 1643 1260 Amicitiis
1654 1230 1832 1270 durantibus,
1851 1241 1948 1263 neuter
1965 1232 2097 1264 nostruin
2106 1234 2239 1275 Regum,
2252 1238 2301 1269 seu

1246 1263 1402 1309 Haeredum
1423 1267 1586 1298 nostrorum
1609 1269 1743 1306 aliquibus
1761 1268 1926 1301 Rebellibus
1945 1272 2000 1302 five
2017 1272 2209 1304 proditoribus
2223 1299 2234 1314 ,
2252 1277 2300 1308 scu

1245 1301 1358 1348 Rebelli
1373 1308 1427 1335 live
1443 1305 1604 1345 proditori,
1618 1308 1726 1338 alterius
1741 1307 1905 1348 Nostrum,
1921 1311 1969 1348 qui
1992 1311 2021 1339 in
2042 1311 2162 1350 aliquem
2181 1313 2299 1346 Locum

1244 1341 1425 1374 Obedientiae
1439 1343 1542 1374 nostrae
1558 1345 1604 1375 seu
1619 1346 1725 1377 alterius
1740 1345 1886 1377 Nostrum
1901 1347 2099 1380 declinaverint
2113 1350 2158 1381 seu
2175 1350 2299 1384 declina-

1246 1382 1334 1419 verit,
1353 1383 1560 1420 quoquomodo
1579 1383 1653 1415 dabit
1668 1383 1712 1414 seu
1728 1384 1869 1421 praestabit
1882 1385 2059 1426 Consilium,
2080 1388 2301 1429 Auxiliiirnffia-

1243 1428 1361 1462 vorem,
1378 1420 1556 1460 Subsidium,
1573 1431 1620 1452 aut
1641 1422 1830 1453 Assistentiam
1853 1424 1978 1456 adversus
1999 1425 2117 1457 alterum
2133 1426 2299 1468 Nostrum,
2354 1430 2357 1432 ’

1244 1466 1289 1487 cui
1310 1457 1440 1489 Rebelles
1455 1460 1611 1499 extiterint,
1629 1460 1674 1491 seu
1692 1461 1814 1490 Rebellis
1827 1463 1956 1493 extiterit.

1280 1494 1314 1526 In
1336 1497 1416 1534 cujus
1438 1497 1492 1526 Rei
1512 1497 1726 1529 Testimonium
1749 1499 1849 1530 Literis
1868 1501 2061 1541 praesentibus,
2089 1502 2181 1534 Manu
2203 1505 2299 1538 nostrii

1243 1531 1398 1573 subscriptis
1412 1558 1422 1572 ,
1440 1535 1568 1574 Sigillum
1583 1538 1711 1567 nostrum
1726 1536 1867 1575 Magnum
1884 1539 2002 1569 fecimus
2018 1543 2130 1579 apponi.

1279 1571 1390 1603 Datum
1405 1573 1562 1613 Ambafiae,
1581 1574 1639 1605 Die
1653 1575 1763 1605 decimssa
1777 1576 1857 1605 tertila
1880 1576 1987 1607 Mensis
2003 1577 2170 1610 Decembris
2177 1604 2188 1619 ,
2207 1581 2296 1613 Anno
2346 1601 2349 1603 -

1242 1608 1367 1640 Domini
1384 1611 1554 1651 Millefiino,
1574 1613 1875 1653 Qadringentesimo‚
1892 1614 2088 1654 Nonagesimo
2102 1617 2243 1659 seeundo,
2262 1622 2295 1652 ὃς

1241 1647 1338 1688 Regni
1350 1649 1440 1681 nostri
1456 1651 1591 1682 Decimo.

2317 1057 2383 1087 togr.

1949 1690 2226 1725 CHARLES.

1278 1763 1313 1795 In
1333 1763 1438 1796 Dorso.

1278 1804 1333 1832 Per
1350 1807 1447 1841 Regem
1455 1827 1465 1842 ,

1276 1844 1352 1871 Duce
1367 1841 1562 1883 Aurilianenfi
1571 1866 1581 1881 ,

1277 1882 1377 1910 Comite
1388 1881 1420 1910 de
1435 1884 1506 1910 Line
1502 1891 1522 1920 y
1531 1904 1541 1919 ,
1980 1918 1983 1920 ¹

1280 1920 1403 1948 Dominis
1418 1919 1450 1948 a'e
1467 1922 1585 1956 Curton,
1602 1917 1776 1959 d'Aubigny‚
1800 1918 1833 1948 de
1856 1919 2012 1960 Grunauh,
2036 1922 2069 1951 de
2090 1924 2239 1964 Daiarrser,
2262 1926 2296 1955 de

1240 1956 1420 1996 Morvillier,
1435 1959 1466 1987 de
1489 1956 1614 1987 chandee
1626 1980 1638 1995 ,
1661 1956 1700 1993 ὠ·
1713 1958 1757 1987 des
1769 1957 1884 1998 Raches,
1909 1958 2050 1998 Magistro
2066 1960 2198 1999 Jolcas-me
2219 1965 2304 2003 Dauf

1204 2020 1205 2024 Ἰ
1232 1993 1316 2063 fay&
1330 2032 1387 2064 aliis
1403 2026 1598 2065 Praesentibtis.

1931 2072 2262 2107 Romarm-2

1421 2148 1476 2180 Sub
1492 2148 1583 2186 Sigillo
1597 2158 1686 2189 cereo,
1702 2148 1759 2180 albi
1779 2149 1887 2190 coloris,
1907 2150 2041 2189 pendente
2060 2163 2078 2180 a
2095 2150 2191 2190 duplici
2205 2154 2299 2186 Gauda

1500 2189 1679 2225 Pergamenae.
2286 2214 2288 2216 ·

1274 2262 1393 2333 Sigi‘quff
1407 2262 1625 2303 circumfiribitur
1639 2263 1685 2294 hoc
1697 2265 1788 2304 modo,
1806 2268 1868 2296 viz.
1876 2264 1996 2297 Karolus
2004 2266 2078 2305 ,lDei
2089 2268 2303 2310 grati-iffiraffifl

1241 2312 1345 2334 corum
1391 2311 1434 2333 ex.

1259 2449 1365 2480 Litcrae
1388 2445 1494 2479 Karoli
1518 2447 1649 2479 Franciae
1664 2444 1754 2490 fhper
1777 2448 1982 2492 Prorogatione
2004 2450 2142 2482 Termini
2163 2449 2274 2482 Trium
2299 2455 2301 2457 '

1300 2501 1305 2506 “
1531 2497 1675 2527 Statuam
1698 2494 1988 2540 congregandorum.

1237 2578 1419 2635 KArolus‚
1436 2578 1494 2610 Dei
1508 2579 1610 2619 gratia,
1627 2579 1789 2609 Francorum
1801 2581 1879 2618 Rex,
1895 2578 2056 2620 Univerfis,
2075 2580 2222 2619 praesentes
2230 2582 2295 2614 Lit-
2317 2579 2392 2612 Ann.
2406 2581 2445 2612 D2

1309 2627 1377 2649 teras
1391 2617 1570 2657 inspecturis,
1587 2617 1719 2648 Salutem.
2346 2629 2429 2659 1492.

1277 2655 1375 2694 Cum,
1394 2666 1442 2694 per
1458 2656 1577 2687 Foedera
1594 2656 1675 2687 Pacis
1688 2658 1721 2687 &
1737 2654 1952 2696 Amicitiarum,
1970 2659 2042 2685 inter
2055 2657 2115 2686 Nos
2130 2659 2164 2689 &
2180 2658 2295 2691 Cariffi-
2315 2662 2366 2686 An.
2388 2661 2414 2686 δ.

1239 2703 1319 2724 mum
1336 2695 1464 2726 Fratrem
1479 2695 1512 2726 &
1529 2693 1780 2733 Consanguineum
1801 2694 1929 2724 nostrum
1950 2697 2097 2734 Henriciem
2116 2696 2228 2733 Angiife
2242 2702 2296 2727 Re-
2318 2702 2351 2724 H.
2367 2707 2393 2731 7.

1236 2743 1312 2771 gem,
1330 2733 1376 2763 Re
1397 2743 1447 2772 na,
1466 2732 1588 2771 Patrias,
1606 2734 1640 2764 &
1654 2732 1786 2762 Subditos
1803 2732 1944 2770 utriusque
1957 2731 2101 2763 Nosti-‚ini
2111 2757 2121 2771 ,
2135 2735 2181 2765 die
2196 2736 2298 2767 Tertii
2317 2739 2356 2761 Ex
2371 2737 2427 2762 Au-

1241 2770 1346 2802 Menlis
1362 2742 1540 2802 tffovembris
1553 2772 1688 2810 proximo
1706 2771 1838 2811 praeteriti
1848 2794 1857 2809 ,
1877 2771 1951 2811 apud
1962 2770 2087 2808 stapulas
2095 2772 2181 2812 soora
2195 2777 2296 2813 Mare,
2315 2782 2378 2810 tagr-

1238 2809 1312 2840 faeta
1327 2810 1360 2840 ὃ(
1376 2809 1507 2841 conclusa
1525 2809 1622 2847 fuerit,
1642 2810 1713 2839 inter
1728 2818 1844 2847 caetera,
1863 2809 1983 2839 Dictum
1999 2810 2032 2839 δε
2055 2809 2294 2851 Concordarum,

1276 2847 1366 2887 Qud
1378 2871 1388 2887 ,
1410 2846 1485 2887 infra
1508 2848 1652 2877 Duodecim
1673 2847 1782 2886 Iliensi-'s
1801 2847 1925 2885 proximo
1948 2854 2011 2876 tunc
2025 2845 2182 2887 sequentes,
2207 2849 2293 2880 dicius

1239 2889 1339 2917 Frater
1351 2885 1388 2921 (ἐν
1405 2885 1616 2926 Consanguineus
1629 2896 1663 2914 no
1686 2896 1714 2914 er
1728 2888 1815 2914 onmia
1836 2884 1962 2923 Capitula
1987 2887 2064 2914 Pacis
2087 2885 2124 2920 ὠ
2141 2891 2290 2918 Amicitia-

1239 2935 1300 2954 rum
1336 2933 1385 2964 per
1407 2937 1467 2955 eum
1489 2924 1619 2962 Jurata,
1688 2924 1746 2961 suis
1766 2926 1883 2952 Litteris
1907 2923 2067 2952 Patentibus
2083 2924 2235 2966 Ratificata
2254 2925 2293 2962 &-

1239 2949 1410 3005 Confirmata
1440 2970 1488 3001 per
1501 2965 1565 2992 Tres
1577 2966 1672 2992 Status
1685 2965 1769 2998 Regni
1780 2961 1910 2999 Angliae,
1927 2959 1981 2990 rite)
1993 2960 2031 2995 &
2049 2966 2062 2978 ¹*
2083 2963 2172 2992 debite*
2187 2967 2292 2994 Ccnvo-
2316 2970 2335 2990 t
2350 2971 2418 3002 ΧΠ,

1239 3009 1312 3032 catos
1330 2987 1476 3040 (videficet)
1490 3009 1541 3038 per
1558 3000 1688 3030 Praelatos
1705 2999 1743 3034 όν
1765 2998 1871 3028 clerum
1891 2998 2002 3028 Nobiles
2023 2998 2062 3035 &
2085 3005 2293 3033 communitates
2315 3018 2382 3046 509,

1239 3040 1282 3078 eju
1295 3041 1354 3069 dem
1369 3044 1474 3078 Regni,
1491 3037 1644 3077 Ratffcari
1658 3037 1695 3072 &-
1713 3037 1875 3078 Confirmari
1887 3035 2006 3075 faceret,

1305 3087 1318 3108 t
1326 3088 1448 3118 peraeque
1460 3079 1520 3106 Nos
1541 3080 1702 3107 Amicitiam
1724 3073 1762 3110 ό
1779 3075 1905 3114 Capitula
1920 3075 2080 3116 antedicta,
2096 3084 2143 3114 per
2158 3078 2217 3107 Nos
2232 3078 2293 3116 Ju-

1237 3125 1302 3147 rata
1311 3141 1322 3156 ,
1337 3116 1376 3152 &⁹
1388 3117 1482 3156 nostris
1496 3119 1612 3145 Litteris
1627 3113 1787 3144 Patentibus
1800 3113 1961 3153 Ratiffi'cata
1982 3112 2020 3148 εἰ)
2042 3113 2213 3155 Canfirmata
2235 3124 2290 3183 fer

1238 3158 1301 3185 Tres
1321 3159 1415 3185 Status
1434 3157 1518 3191 Regni
1532 3164 1565 3184 no
1589 3158 1614 3183 ri
1631 3152 1784 3191 (videlicet)
1799 3160 1848 3190 per
1866 3152 1998 3182 Praelatos
2018 3152 2140 3191 clerum,
2162 3155 2207 3183 No
2225 3158 2291 3194 ies,

1235 3193 1274 3228 έν
1292 3197 1499 3224 Communitates
1511 3196 1588 3230 ipius
1603 3194 1704 3230 Regni,
1720 3190 1776 3220 ritex
1794 3189 1832 3226 ἔγ
1851 3190 1939 3220 debite*
1957 3193 2138 3229 Conveni-tos,
2155 3192 2232 3231 infra
2245 3193 2293 3231 di<

1235 3233 1290 3262 ctos
1306 3233 1451 3262 Duodecim
1464 3230 1571 3269 Menses
1588 3233 1655 3260 Rati·
1677 3233 1734 3259 cari
1746 3227 1784 3264 εἴφ’
1799 3227 2131 3270 Confirmarifaceremus,

1270 3270 1398 3309 Verum,
1414 3271 1477 3308 quia
1487 3269 1686 3307 Congregatio
1702 3268 1808 3298 Trium
1822 3265 1948 3297 Statuum
1964 3267 2059 3306 Regni
2073 3267 2200 3307 Angliae,
2212 3268 2291 3301 &fi-·

1234 3310 1336 3339 militer
1355 3309 1448 3347 Regni
1461 3306 1551 3338 nostri
1565 3317 1624 3337 non
1639 3307 1696 3336 sine
1720 3305 1828 3342 magnis
1849 3304 1980 3344 Expenfis
1994 3307 2027 3336 &
2049 3305 2214 3343 Sumptibus
2227 3306 2295 3346 fieri*

1232 3347 1343 3387 potest,
1361 3350 1468 3377 Notum
1483 3345 1596 3386 facimus
1609 3344 1688 3384 quod
1703 3343 1882 3374 desiderantes
1895 3343 2085 3385 Sublevamini
2102 3342 2290 3377 Subditorum

1234 3385 1373 3424 utriusque
1401 3384 1547 3416 Nostrum
1570 3382 1719 3423 providere
1734 3406 1745 3422 ,
1769 3381 1972 3424 Nos‚·absque
1994 3382 2028 3411 aii
2049 3380 2084 3411 ufi
2103 3381 2293 3421 innovatione

1232 3424 1278 3455 seu
1294 3423 1464 3463 Praejudicio
1480 3424 1508 3452 in
1525 3422 1636 3462 reliquis
1648 3420 1783 3459 Capitulis
1799 3419 1869 3450 dieti
1883 3419 2030 3450 Tractatus
2071 3420 2126 3450 acis
2141 3420 2197 3451 five
2208 3421 2292 3454 Ami-.

1232 3463 1380 3501 citiarum,
1396 3461 1439 3492 sed
1457 3461 1518 3499 ipsis
1539 3462 1572 3492 ὃς
1595 3458 1838 3497 eorumquolibet
1860 3458 1891 3487 in
1909 3459 1959 3488 suo
1982 3457 2102 3488 Robore
2122 3458 2156 3489 &
2179 3460 2290 3498 Vigore

1233 3502 1428 3540 manentibus,
1445 3497 1644 3530 consensimus
1664 3499 1698 3529 &
1725 3495 1987 3539 Concordavimus‚
2007 3505 2040 3526 ac
2064 3506 2114 3534 per
2135 3497 2289 3530 Praesentoe

1234 3539 1437 3570 Consentimus
1447 3539 1481 3569 δε
1496 3537 1716 3567 Concordamus
1730 3534 1809 3573 quod
1825 3533 1989 3564 Ranficauo
2010 3533 2056 3564 seu
2077 3533 2289 3576 Confirmatio,

1232 3577 1321 3608 fienda
1336 3588 1386 3616 per
1402 3576 1476 3607 Tres
1491 3575 1583 3606 Status
1596 3574 1690 3613 Regni
1706 3573 1832 3611 Angste,
1850 3573 1883 3603 &
1905 3571 2027 3602 similiter
2043 3582 2091 3609 per
2111 3573 2184 3604 Tres
2198 3574 2288 3606 Status

1232 3616 1327 3655 Regni
1341 3615 1442 3653 nostri,
1463 3614 1551 3644 modo
1568 3614 1601 3644 &
1618 3613 1709 3642 forma
1730 3612 1761 3640 iu
1780 3610 1859 3640 dieto
1874 3609 2010 3641 Traditio]
2026 3609 2107 3641 Pacis
2126 3611 2285 3651 declaratis,

1232 3654 1421 3693 Prolongetur
1435 3653 1519 3691 usque
1534 3651 1568 3681 ad
1584 3650 1741 3689 proximam
1756 3647 2019 3686 Congregationem
2034 3649 2137 3679 Trium
2145 3649 2285 3681 statuum.

1231 3703 1317 3729 quatri
1337 3691 1394 3731 ipse
1418 3691 1511 3721 Frater
1529 3690 1561 3720 δε
1581 3687 1814 3725 consanguineus
1838 3686 1931 3716 noster
1954 3697 2008 3724 pro
2028 3687 2083 3717 aliis
2108 3687 2230 3727 Ageiidis
2245 3688 2287 3719 sui

1232 3731 1329 3769 Regni
1348 3729 1457 3769 Angliae
1474 3727 1556 3758 faciet
1575 3727 1621 3757 seu
1639 3726 1695 3755 fieri
1714 3724 1870 3762 ordinabit,
1887 3726 1920 3755 δε
1937 3734 2021 3762 quam
2036 3725 2159 3756 similiter
2176 3735 2230 3764 pro
2245 3726 2288 3758 A-

1232 3769 1328 3808 gendis
1344 3768 1438 3807 Regni
1457 3765 1544 3797 nostri
1556 3765 1689 3795 faciemus
1705 3762 1747 3792 seu
1761 3761 1819 3793 fieri
1834 3762 2047 3802 ordinabimus,

1269 3806 1390 3838 Proviso
1404 3815 1497 3837 tamen
1514 3804 1593 3841 quod
1609 3800 1767 3839 hujusmodi
1790 3801 1982 3840 Congregatio
2000 3801 2128 3832 Statuum
2149 3799 2197 3831 fiat
2216 3801 2289 3838 insta

1232 3844 1406 3877 Triennium
1422 3843 1551 3881 proxime
1563 3839 1677 3883 sequens
1681 3862 1695 3878 ,
1973 3878 1977 3883 ἰ
2246 3879 2252 3884 1

1271 3883 1328 3921 Et,
1343 3883 1404 3914 casu
1423 3891 1481 3919 quo
1496 3881 1545 3910 alia
1572 3878 1690 3909 Materia
1713 3887 1771 3907 non
1800 3887 1928 3908 occurrat
1951 3877 2057 3918 dictem
2081 3877 2288 3919 Congregatioe

1233 3931 1303 3953 nem
1325 3921 1443 3952 faciendi
1464 3919 1534 3948 infra
1546 3918 1603 3955 jam
1627 3916 1737 3946 dietum
1759 3915 1949 3953 Triennium,
1973 3916 2030 3952 ipie
2052 3915 2288 3953 Consanguineus

1233 3960 1329 3992 noster
1342 3963 1402 3990 Rex
1416 3955 1526 3994 Angliae
1544 3956 1577 3986 &
1593 3956 1652 3984 Nos
1675 3953 1795 3984 limiliter
1817 3953 2014 3995 Tencbimur,
2033 3954 2200 3996 &tuterque
2219 3955 2288 3986 No-

1234 3998 1324 4030 strsim
1336 3998 1473 4029 tenebitur
1488 3996 1520 4025 &
1539 3993 1700 4032 procurabit
1718 4003 1786 4023 curri
1801 3993 1904 4022 effectu
1914 3993 2012 4032 ‚quod
2028 3991 2190 4029 liujuimodi
2205 3992 2290 4025 Rati-

1234 4036 1378 4068 ficationes
1392 4036 1436 4066 seu
1451 4031 1692 4063 Confirmationes
1706 4040 1755 4068 per
1774 4030 1863 4061 Status
1877 4031 2016 4068 utriuique
2032 4029 2125 4068 Regni
2142 4029 2289 4070 Respecti-

1190 4067 1192 4070 ’
1236 4077 1291 4114 ve,
1309 4075 1356 4114 qui
1368 4074 1409 4105 ob
1424 4073 1497 4103 bar'ic
1512 4067 1631 4101 Causam
1647 4069 1973 4106 convocabuntur,iiifra
1987 4065 2099 4098 dietum
2117 4067 2289 4100 Triennium

2221 4107 2290 4137 fient
