2555 4266
654 192 766 234 ET
847 190 1117 233 ACTA

521 368 580 402 Ad
600 371 728 415 Papam.

141 459 238 495 Dors.

97 544 279 590 Sanfbiffimo
305 550 336 580 in
360 545 473 590 christo
496 550 584 580 Patri
605 549 641 584 ὠ·
669 546 797 578 Domino
824 540 972 575 Domino
993 541 1085 574 Sixto
1101 542 1160 573 Sa-

144 596 296 641 crosc'znffae
324 600 462 630 Romana
490 607 527 628 ac
560 593 750 638 Univerfizlis
773 590 901 633 Ecclestae
922 589 1058 635 Pontifici
1079 593 1161 623 Ma-

144 657 240 678 xlmo.

42 755 48 761 .
102 730 314 794 SAnfflffime
335 731 363 760 in
388 728 506 760 Christo
529 727 628 765 Pater,
647 725 713 764 post
725 726 909 758 humilimam
923 724 1165 757 Commendatio-

160 780 229 800 nem
244 780 277 800 ac
292 768 482 799 Devotiffima
497 767 608 797 Pedum
626 765 723 796 osculo
741 765 901 796 Beatorum.

141 809 315 848 Quanquam
329 808 468 844 speramus
482 803 663 834 Sanstnatem
679 803 814 843 vestram,

141 848 238 886 Quae,
253 855 306 884 pro
333 845 461 881 singulari
481 854 514 874 ac
539 845 630 881 prope
655 842 766 873 Divina
791 842 919 873 Bonitate
933 840 1165 879 Benignitateque

104 886 166 923 sua,
193 886 310 915 libenter
329 882 397 913 solet
422 883 607 919 Principx-m,
630 882 681 912 fibi
703 891 736 911 ac
760 881 874 912 Sanc'tae
898 880 964 911 Sedi
986 879 1164 917 Apostolicae

104 925 290 956 Devotorum
307 943 318 959 ‚
343 921 394 958 piis
414 920 672 958 Supplicationibus
697 920 822 950 inclinari
838 942 848 957 ,
875 918 1014 957 Virosque
1032 918 1166 957 Egregios

103 974 137 995 ac
158 961 311 993 Praeciaros
334 958 403 990 Vita
426 961 528 997 pariter
550 959 583 989 &
605 958 751 990 Doctrina
771 958 925 989 Favoribus
946 956 1078 995 prosequi
1105 966 1167 997 gra-

99 1001 172 1033 tiofis

141 1024 349 1069 Reffverendum
361 1037 390 1066 in
403 1035 523 1066 Christo
547 1035 659 1067 Patrem
680 1035 847 1067 Dominum
865 1034 1026 1074 Johannem
1048 1033 1168 1063 Shirwo-

104 1078 153 1117 de,
171 1076 206 1108 ad
223 1075 247 1107 E
268 1076 425 1115 iscopatum
445 1075 670 1105 Dunelmensem
686 1074 838 1112 Electum,
859 1073 1048 1111 nostrumque
1062 1072 1170 1102 Orato-

100 1126 180 1153 rem,
199 1116 232 1146 δε
280 1116 398 1145 irtutum
417 1113 649 1151 Meritorumque
667 1114 780 1144 suorum
795 1113 828 1144 ὃς
844 1111 967 1142 Precum
984 1121 1100 1149 quoque
1115 1120 1171 1154 no-

102 1155 221 1185 strarum
238 1154 343 1184 intuitu
357 1153 438 1183 brevi
451 1153 485 1183 ad
501 1152 711 1183 Cardinalatum
728 1152 912 1188 evesturatm
929 1159 1044 1187 tamen,
1061 1158 1090 1179 ut
1113 1148 1170 1186 ipsa

102 1195 243 1223 Saneiitas
264 1192 356 1233 vestra
376 1191 514 1229 intelligat
533 1200 640 1230 quanto
663 1189 688 1220 id
709 1189 846 1220 desiderio
861 1190 1058 1226 expeitemus,
1077 1188 1124 1218 has
1141 1197 1171 1217 e-

100 1233 169 1263 tiam
191 1232 300 1262 Literas
321 1231 356 1261 ad
375 1230 493 1261 eandem
515 1240 570 1268 pro
595 1229 724 1261 celeriori
745 1230 801 1268 ejus
819 1229 859 1258 rei
873 1227 1053 1265 expeditione
1068 1225 1172 1257 dandas

100 1281 278 1309 putavmius,

141 1309 192 1340 Est
207 1311 283 1339 enirn
293 1333 303 1348 ,
321 1311 405 1338 Beati
423 1318 473 1337 tme
487 1310 592 1346 Pater,
605 1308 663 1344 Jam
678 1307 708 1336 in
723 1305 782 1337 hoc
796 1305 904 1345 Regno
925 1304 1023 1335 nostro
1047 1303 1173 1340 publica-

103 1357 167 1380 tum
184 1348 253 1379 Nos
267 1357 320 1385 pro
333 1347 386 1377 hac
437 1357 453 1376 e
466 1346 567 1376 Literis
579 1345 684 1384 aliquot
700 1345 773 1382 apud
789 1344 993 1373 Beatitudinem
1006 1342 1123 1384 vestram
1139 1343 1172 1373 &

104 1387 177 1424 apud
200 1387 320 1417 Sacrum
343 1385 507 1424 Collegium
528 1383 730 1419 intercessisse,
763 1392 920 1421 mag-cique
943 1384 1026 1412 eiiam
1051 1387 1109 1418 ipes
1131 1381 1172 1410 est

103 1426 263 1456 Procerum
277 1433 310 1455 ac
324 1423 484 1454 Nobilium
498 1422 618 1458 eiusdem
636 1423 732 1460 Regni
749 1422 838 1452 nostri
864 1431 929 1451 eum
955 1420 1076 1459 Virum,
1093 1421 1172 1462 cujus

103 1465 168 1495 sane
180 1463 290 1502 jamdiu
304 1462 473 1493 celeberima
492 1462 573 1491 Fama
589 1462 657 1499 fuit,
675 1461 781 1499 quique
796 1469 942 1498 tantopere
965 1458 1069 1489 studuit
1093 1457 1173 1488 simul

105 1504 139 1534 δε
157 1503 264 1533 studeat
278 1501 314 1531 de
328 1501 381 1539 ipsa
398 1501 575 1530 Beatitudine
590 1499 683 1538 vcstra
697 1509 731 1529 ac
747 1498 914 1535 Apostolica
933 1498 1004 1529 Sede
1021 1497 1097 1527 bene
1112 1506 1173 1526 me-

106 1543 159 1573 reri
179 1540 348 1579 propediem
372 1538 406 1568 ad
435 1539 582 1576 praefatum
605 1537 807 1568 sustollendum
833 1536 1015 1573 Honorem,
1051 1536 1144 1572 itaque
1162 1557 1172 1573 ‚

103 1581 238 1618 quoniam
252 1577 312 1615 spes
325 1586 391 1615 quae
405 1576 534 1607 differtur
545 1576 642 1615 affligit
654 1577 802 1613 animum,
821 1575 941 1614 vestram
956 1573 1173 1613 Benigniffimam

102 1619 284 1649 SanHitatem
301 1615 496 1646 instantissime
512 1616 529 1634 Ε
549 1616 731 1653 deprecamur
748 1613 980 1651 obtestamurque
994 1624 1025 1644 ut
1039 1614 1098 1643 hoc
1120 1622 1174 1642 no-

58 1656 65 1662 ”
103 1656 194 1687 strum
208 1653 431 1686 ardentissimum
451 1653 648 1692 Desiderium,
667 1654 746 1690 pium
764 1653 826 1683 sane
842 1663 875 1683 ac
891 1653 972 1691 justis
987 1651 1084 1683 Causis
1100 1653 1174 1682 inni-

101 1703 190 1734 xum,
209 1694 377 1732 quantocius
393 1692 453 1722 fieri
466 1692 566 1729 poffit,
583 1692 730 1730 complere
744 1691 894 1730 dignetur,

138 1732 278 1772 Nosque,
295 1733 315 1762 fi
337 1731 365 1762 id
390 1731 472 1761 faciet
496 1739 580 1768 prout
602 1740 663 1761 eam
681 1731 821 1761 fat'turam
835 1730 1026 1767 confidimus,
1044 1729 1175 1760 dabimus

103 1781 222 1810 operam
244 1780 275 1802 ut
298 1770 368 1801 nulli
389 1771 522 1800 omnium
546 1769 716 1808 Principum
741 1767 972 1800 Christianorum
995 1769 1024 1799 in
1047 1768 1116 1798 Fide
1140 1778 1173 1798 ac

103 1810 273 1842 Devotione
287 1818 352 1849 erga
368 1808 455 1846 ipsam
467 1809 650 1838 Sanffitatem
667 1807 787 1848 vestram
801 1816 834 1838 ac
850 1807 1049 1846 Apostolicam
1070 1806 1173 1838 Sedem

103 1849 205 1882 cedere
217 1848 379 1879 videamur:

142 1887 180 1918 Et
202 1888 258 1925 ipsa
279 1887 420 1917 Sanctitas
443 1885 555 1926 vestra,
572 1895 637 1924 quae
657 1893 701 1916 tot
722 1883 919 1922 illustrissima,
937 1884 1175 1923 utiaccepimus,

103 1925 200 1964 Opera
219 1927 293 1963 edit,
312 1924 456 1963 indiesque
470 1925 556 1964 magis
572 1934 606 1955 ac
631 1925 720 1963 magis
732 1923 825 1954 Urbis
846 1923 1038 1962 Ecclefiaeque
1063 1923 1175 1954 Roma-

104 1976 151 1995 nae
171 1965 358 2002 Splendorem
375 1962 546 2001 amplificat,
563 1973 613 2001 per
630 1962 786 2000 plurimos,
803 1962 982 2001 quaesumus,
1004 1962 1120 1999 Annos,
1138 1961 1173 1992 ad

104 2003 230 2042 ejusdem
251 2003 396 2033 Romanae
419 2010 511 2040 atquae
534 2002 608 2032 adeo
635 2001 793 2032 universalis
815 2000 951 2031 Ecclesiae
965 1999 1173 2031 Commodum

105 2044 140 2074 &
162 2041 316 2071 Honorem
339 2040 563 2078 Christianaeque
584 2039 741 2078 Religionis
765 2039 982 2078 Augmentum,
998 2039 1060 2070 sana
1080 2041 1113 2070 ὅτ
1131 2041 1175 2068 in-

106 2081 230 2111 columis
245 2082 341 2116 vivat;
362 2078 420 2110 Cui
434 2079 504 2109 Nos
520 2079 553 2110 &
575 2078 698 2109 Causam
719 2078 794 2110 hanc
814 2078 922 2109 iterum
942 2079 1102 2117 iterumque
1124 2078 1175 2110 fla-

105 2119 282 2158 grantiffimo
295 2119 392 2150 animo
408 2117 655 2149 commendamus.

142 2196 189 2227 Ex
202 2196 369 2234 Londoniis,
387 2195 416 2234 vj
431 2194 517 2226 Non.
537 2194 664 2226 Martias.

143 2272 354 2304 Devotissimus
369 2272 452 2303 Filius
467 2272 616 2311 Ricardus,
634 2271 693 2303 Dei
709 2271 816 2310 gratia,
834 2273 894 2301 Rex
907 2270 1021 2310 Angliae
1035 2270 1074 2308 ῤ’
1086 2273 1177 2302 Fran-

107 2314 155 2343 εἰῶ
164 2335 175 2352 ,
189 2313 222 2344 &
240 2316 372 2343 Dominus
388 2311 536 2341 Hiberniae.

509 2437 568 2472 Ad
590 2438 774 2474 cardinales.

157 2525 257 2560 Dots.

111 2609 366 2656 Reverendiffimis
392 2615 424 2646 in
454 2611 568 2657 Christo
587 2610 731 2646 Patribus
749 2624 786 2646 ac
804 2614 945 2646 Dominis
967 2612 1178 2657 Colendiffimis

157 2663 351 2707 Sar-rofhnt‘lae
379 2665 515 2695 Romana:
535 2662 663 2705 Ecclesi'ae
689 2662 838 2708 Epiftopis
858 2689 867 2704 ‚
904 2661 1079 2696 Presbiteris
1095 2690 1105 2706 ‚
1140 2675 1177 2697 ac

161 2714 306 2747 Diaconis
323 2709 536 2744 cardinalibus
552 2713 673 2744 Amicis
690 2709 793 2754 nostris
807 2709 970 2754 cariffimis.

177 2793 385 2835 Everendiffl‘mi
406 2799 436 2826 in
457 2795 524 2826 chri
547 2806 561 2826 o
584 2798 682 2826 Patres
705 2807 736 2826 ac
759 2799 870 2826 Domini
892 2795 1066 2835 Colendzffimi
1088 2799 1182 2827 Amici

201 2834 283 2876 nostri
305 2833 443 2874 cariffi'mi,
469 2845 508 2872 po
553 2833 706 2873 plurimam
725 2843 796 2865 cum
817 2834 1084 2867 commendatione
1103 2836 1183 2867 Salu-

115 2881 185 2904 tem.

152 2911 211 2943 Etsi
226 2911 369 2950 speramus
381 2909 487 2941 vestras
503 2909 761 2941 Reverendisfimas
775 2909 998 2943 Dominationes
1008 2935 1018 2951 ,

153 2951 232 2989 Qiae
247 2950 413 2988 Principum
429 2949 541 2980 Sanetae
555 2949 622 2980 Sedi
646 2949 824 2986 Apostolicae
847 2949 1032 2981 Devotorum
1055 2950 1183 2981 honestis

114 2989 222 3028 'piisque
238 2988 392 3019 Defideriis
406 2998 519 3018 morem
534 2997 647 3027 gerere,
661 2997 694 3018 ac
707 2987 792 3018 Viros
806 2986 873 3018 Viti
886 2989 920 3019 &
943 2988 1090 3021 Dostrina
1108 3000 1184 3028 prae-

117 3027 220 3058 stantes
234 3027 389 3058 Favoribus
405 3026 534 3065 prosequi
550 3025 658 3064 solent,

154 3065 234 3096 Tam
251 3065 410 3097 Literarum
423 3064 778 3103 Commendationutnque
792 3063 952 3096 nostrarum
968 3065 1068 3096 intuitu
1095 3068 1183 3104 quam

73 3132 79 3137 .
119 3104 344 3135 confideratione
357 3104 546 3134 Scientiarum
560 3113 594 3134 ac
610 3103 755 3134 Virtutum
770 3102 934 3135 Reverendi
947 3105 978 3134 in
995 3089 1115 3136 Christo
1128 3105 1184 3135 Pa-

71 3169 77 3175 .
119 3143 167 3173 tris
179 3142 304 3174 Domini
318 3141 458 3181 Johannis
468 3142 601 3172 Shirwod
609 3141 645 3172 ad
658 3141 860 3179 Episcopatum
877 3141 1101 3174 Dunelmensem
1117 3143 1185 3174 Eie-

117 3182 175 3220 ἃί,
192 3181 338 3220 nostrique
360 3183 391 3212 in
413 3181 549 3212 Romana
568 3179 658 3212 Curia
676 3180 823 3219 Oratoris,
849 3180 913 3212 suos
935 3181 1104 3219 praestituras
1126 3181 1184 3212 esse

120 3216 270 3251 consensus
281 3222 322 3250 uti
335 3219 381 3250 ille
393 3220 429 3249 ad
444 3217 640 3251 Cardinalatsis
655 3217 809 3258 Fastigium
833 3220 1002 3258 extollatur,
1022 3230 1134 3258 tamen,
1152 3230 1184 3251 ut

118 3257 1184 3334 siffeassrsaaffgmfflz³⁰ifi¹ssrazssa⁰s⁵ffissin⁰ratisffi

209 3335 213 3340 ,
703 3319 713 3335 ²

140 3343 289 3366 uravrmus.

118 3345 138 3376 p
161 3373 324 3411 Qiaefimus
334 3375 428 3412 itaque
444 3374 479 3405 ὃς
493 3372 673 3404 obsecramus
688 3373 927 3413 Reverendrffimas
941 3376 1129 3404 Paternitates
1138 3385 1187 3404 ve-

121 3410 194 3451 stras
213 3413 340 3449 quatinus
360 3423 422 3443 non
441 3412 531 3442 modo
554 3422 676 3443 annuere
699 3413 778 3450 (nam
798 3412 834 3443 de
855 3413 912 3443 hoc
935 3415 973 3443 ne
997 3413 1186 3444 dubitandum

123 3449 243 3488 quidem
255 3450 434 3489 arbitramur)
449 3451 553 3482 verum
569 3452 654 3481 etiam
669 3459 751 3491 agere
764 3451 955 3490 adjuvareque
967 3452 1072 3490 velint,
1083 3462 1114 3483 ut
1129 3452 1187 3483 hoc

125 3488 257 3520 nostrum
274 3488 495 3520 ardentissimum
509 3489 704 3528 Desiderium,
722 3490 803 3528 pium
816 3491 881 3521 sane
898 3500 932 3521 ac
955 3491 1088 3521 innixum
1110 3490 1189 3522 Cau-

124 3527 158 3559 fis
170 3525 295 3558 honestis
310 3527 449 3570 &justis,
466 3529 615 3566 quamcito
631 3527 692 3559 fieri
705 3529 828 3566 potuerit
841 3529 1037 3568 compleatur,

165 3566 236 3603 Quo
258 3564 413 3602 (videlicet)
438 3567 472 3597 &
493 3567 533 3596 illi
554 3565 643 3603 Viro,
663 3565 800 3598 Moribus
821 3566 1004 3605 Scientiaque
1027 3567 1189 3606 praestanti,

126 3606 233 3642 quique
247 3603 283 3633 de
297 3603 401 3647 SanEta
417 3603 672 3648 SedeApostolica
686 3605 833 3644 Sacroque
845 3605 900 3637 isto
919 3605 1056 3643 Collegio
1077 3607 1188 3644 optime

125 3644 237 3680 semper
251 3642 285 3672 &
299 3639 403 3671 Verbis
412 3651 447 3671 ac
463 3641 564 3673 Literis
577 3643 610 3674 &
624 3642 769 3682 Operibus
785 3645 871 3675 etiam
895 3645 990 3682 quoad
1013 3645 1105 3682 potest
1128 3654 1189 3675 me-

127 3683 182 3713 reri
199 3680 308 3718 studet,
323 3679 474 3724 condignae
489 3679 684 3712 Promotionis
700 3681 815 3712 Merces
827 3682 982 3721 obveniat,
999 3683 1033 3714 ὃς
1054 3683 1122 3714 Nos
1143 3691 1191 3713 ex-

124 3721 291 3758 perimento
302 3717 457 3757 intelligere
471 3717 612 3748 valeamus
626 3719 731 3750 nostras
749 3719 852 3750 Preces
863 3730 924 3750 non
943 3721 1030 3751 nichil
1052 3721 1190 3753 Ponderis

128 3758 203 3796 apud
216 3757 321 3789 vestras
333 3755 573 3800 Reverendiffi‘gnas
589 3760 794 3788 nominationes
814 3758 936 3795 habere,
955 3759 1079 3798 Nosque
1097 3761 1140 3791 ob
1160 3760 1191 3790 id

129 3797 165 3827 ad
180 3796 376 3828 Referendum
390 3797 429 3825 eis
446 3794 575 3824 Gratiam
589 3795 745 3832 plurimum
763 3796 942 3834 obligemur,
960 3797 994 3827 ad
1023 3798 1103 3836 quod
1126 3798 1192 3828 sane

129 3833 293 3866 faciendum
307 3835 415 3871 semper
431 3833 536 3863 erimus
547 3833 726 3871 paratissimi,
745 3835 779 3865 &
793 3833 1039 3866 Commendamus
1059 3836 1128 3867 Nos
1151 3838 1193 3874 ip-

131 3872 175 3902 sos
187 3873 367 3911 Causamque
381 3873 455 3903 hanc
469 3872 556 3902 etiam
571 3880 655 3908 atque
667 3873 750 3902 etiam
775 3871 1027 3905 Reverendiffimis
1047 3874 1194 3906 Domina-

132 3911 256 3942 tionibus
271 3912 388 3950 vestris,
406 3911 485 3950 Qae
497 3910 610 3950 optime
624 3910 732 3948 semper
745 3910 864 3942 valeant.

170 3987 216 4019 Ex
230 3979 394 4028 rimus,
414 3989 442 4028 vj
456 3987 544 4019 Non.
560 3985 686 4019 ivianias.

131 4064 317 4135 Hygia-ardus,
342 4064 402 4098 Dei
423 4065 512 4105 gratis⁴
525 4089 536 4104 ,
560 4067 622 4096 Rex
642 4061 755 4103 Angliae
775 4060 814 4099 ῤ’
835 4065 956 4096 Franciae
973 4087 984 4104 ,
1007 4065 1041 4098 &
1063 4067 1196 4098 Dominus

163 4116 172 4135 l
190 4114 282 4134 ernlae·

1199 183 1681 234 PUBchA.
2188 212 2266 254 143

2279 281 2356 313 Ann.
2368 281 2413 314 D,

2295 331 2308 350 1
2335 322 2350 351 8

1406 374 1463 404 Pro
1479 375 1591 408 comite
1610 377 1746 423 Douglas
1763 376 1799 410 de
1817 378 2050 422 ancfffflibus·
2275 330 2332 387 Rici
2348 330 2385 397 3}-

1202 464 1327 520 REX·
1344 465 1519 498 Vicecomiti
1538 468 1764 539 thynghamiae
1789 473 1822 505 &
1849 473 1985 513 Derbiae,
2013 478 2060 515 qui
2080 487 2157 509 nunc
2169 476 2211 508 est
2226 478 2259 509 &
2275 475 2328 500 An.
2352 483 2377 502 ¹·

1281 515 1329 543 qui
1343 515 1398 542 pro
1411 514 1542 543 tempore
1560 517 1628 546 erit,
1665 510 1777 540 alutem.
2279 515 2306 539 R.
2326 520 2351 546 3·

1238 541 1321 574 Cum
1343 543 1490 588 Dominus
1515 547 1548 573 E.
1572 555 1658 584 nuper
1679 550 1738 576 Rex
1757 548 1871 584 Angliae
1892 550 2021 590 §Quartus
2038 553 2131 584 Frater
2146 553 2260 591 noster,
2278 550 2363 584 Clms·
2385 551 2411 580 ⁷ss

1200 589 1298 617 quarto
1317 581 1433 626 decimo
1452 582 1661 626 dieaFebruarii
1697 586 1785 615 Anno
1801 587 1895 626 Regni
1918 591 1956 619 sui
1978 590 2095 628 Primo,
2112 592 2146 621 de
2164 593 2260 623 Gratia
2275 591 2302 614 R.
2326 597 2352 623 3-
2373 597 2411 615 ⁷7³-

1200 619 1246 650 sua
1262 620 1391 658 speciali,
1411 631 1460 659 per
1476 621 1581 652 Literas
1596 622 1653 652 suas
1692 633 1814 659 atenteS,
1834 622 1901 662 quas
1916 627 1986 656 Nos
2010 639 2059 666 per
2082 630 2186 660 Lirem
2209 631 2262 661 Pa·
2278 635 2294 661 5
2300 635 2325 662 3·

1201 667 1290 689 tentes
1306 658 1601 699 Confirmaverimus,
1618 662 1787 692 concefferit
1800 662 1906 700 Jacobo
1921 669 2018 695 Camiri
2030 667 2147 702 Dourlas
2169 669 2263 709 Quin-

1197 704 1293 735 gentas
1308 698 1410 728 Libras
1422 699 1616 736 percipiendas
1629 701 1773 731 annuatim
1788 710 1803 729 a
1817 700 1899 730 Festo
1912 702 2008 733 Sancti
2026 705 2174 736 Michieiis
2192 717 2261 738 tunc

1203 736 1309 779 ultimo
1323 738 1477 780 ‚praeterito
1501 747 1555 775 pro
1569 738 1714 769 Termino
1732 737 1808 768 Vitae
1823 738 1878 769 suae
1894 740 2048 776 (v2deiicet)
2074 744 2263 783 Quadraginta

1204 774 1306 818 Libras
1320 774 1434 818 inde—de
1448 775 1561 814 Firmis,
1587 777 1722 815 Finibus,
1737 776 1886 818 Exitibus,
1905 779 2156 820 Arterciamentis,
2173 782 2263 813 Profi-

1204 823 1282 850 culs,
1301 812 1489 849 Redditibus,
1508 814 1754 854 Reventionibus,
1767 818 1800 848 ὃς
1814 817 1871 847 aliis
1886 817 1905 836 ²*
1925 817 2188 850 Commoditatibus
2203 823 2264 858 qui-
2281 823 2300 841 *
2319 824 2390 852 xii,

1203 851 1396 895 buscumque,
1413 852 1448 882 de
1465 851 1660 897 Comitatibus
1674 854 1902 895 Notyrighamiae
1916 856 1950 887 δε
1964 855 2083 887 Derbiae
2100 868 2268 894 provenien·
2283 861 2345 888 218.

1204 890 1278 934 tibus
1301 890 1358 921 five
1375 893 1606 931 emergentibus,
1624 903 1673 930 per
1694 904 1794 925 manus
1814 893 2001 925 Vicecomitis
2017 896 2185 926 eorumdem
2206 897 2269 927 Co-

1205 937 1356 973 mitatuum
1372 939 1426 967 pro
1440 939 1569 968 tempore
1581 931 1739 970 existentis,
1756 932 1790 963 ad
1804 932 1884 963 Festa
1899 933 2015 964 Paschae
2031 935 2064 964 ὅ(
2087 933 2181 964 Sanffl
2210 935 2270 965 Mi-

1205 967 1306 1011 chaelis
1326 977 1375 1006 per
1395 968 1516 1008 aequales
1533 968 1697 1009 Portiones,
1717 980 1804 1009 prout
1827 973 1856 1002 in
1880 971 1979 1003 Litetis
1999 972 2141 1011 praedietis
2161 973 2270 1011 plenius

1206 1015 1387 1045 continetur,

1243 1043 1314 1088 Tibi
1330 1046 1516 1089 Praecipimus
1532 1046 1613 1085 quod
1629 1048 1712 1077 eidem
1726 1051 1824 1078 Comiti
1838 1048 1883 1087 id,
1902 1049 1979 1087 quod
1995 1050 2020 1079 ei
2035 1058 2050 1078 a
2072 1058 2147 1080 retro
2171 1050 2212 1080 est
2233 1051 2271 1082 de

1207 1082 1349 1127 praedietis
1373 1084 1576 1125 §Quadraginta
1599 1086 1695 1116 Libris
1714 1091 1829 1126 annuis,
1846 1099 1863 1118 a
1883 1088 1964 1118 dic'to
1987 1087 2072 1118 Festo
2096 1088 2190 1118 Sanc'ti
2214 1089 2274 1119 Mi-

1206 1121 1308 1152 chaelis
1321 1146 1331 1159 ,
1357 1124 1391 1167 .&.
1412 1123 1521 1154 easdem
1544 1124 1744 1164 Quadraginta
1764 1126 1886 1164 Libras,
1912 1135 2026 1156 exnunc
2046 1126 2158 1164 singulis
2179 1129 2275 1167 annis,

1207 1158 1324 1204 durante
1337 1170 1397 1192 Vita
1410 1162 1472 1200 sua,
1490 1163 1527 1192 de
1543 1164 1661 1202 Firmis,
1678 1164 1825 1201 Exitibus,
1844 1165 2096 1202 Amerciamentis,
2115 1164 2274 1205 Proficuis,

1208 1197 1398 1237 Redditibus3
1414 1198 1662 1240 Reventionibus,
1683 1203 1715 1233 &
1728 1203 1786 1233 aliis
1806 1201 2067 1234 Commoditatibus
2089 1204 2272 1238 quibuscum-

1208 1246 1279 1275 que,
1298 1237 1335 1267 de
1353 1237 1548 1282 Colmitaribus
1565 1240 1703 1277 praedictis
1720 1243 1951 1280 provenientibus
1967 1241 2023 1272 sive
2045 1245 2273 1282 emergentibus,

1207 1275 1244 1305 de
1258 1285 1388 1320 tempore
1401 1287 1432 1307 in
1448 1286 1558 1322 tempus
1574 1279 1662 1309 solvas
1671 1303 1680 1317 ,
1691 1281 1770 1318 juxta
1782 1280 1930 1311 Tenorem
1941 1280 2101 1310 Literarum
2114 1281 2274 1312 nostrarum

1208 1315 1425 1358 praediffaruni,
1445 1318 1580 1354 recipiens
1597 1328 1612 1348 a
1637 1319 1755 1355 praefaro
1776 1322 1876 1349 Comite
1899 1320 1935 1349 de
1961 1329 2091 1356 tempore
2111 1321 2139 1349 in
2164 1329 2276 1357 tempus

1210 1352 1316 1384 Literas
1333 1357 1390 1384 luas
1404 1355 1627 1394 Aequietantiae,
1637 1367 1701 1394 quae
1715 1366 1768 1394 pro
1781 1358 1865 1387 nobis
1879 1357 2044 1389 sufficientes
2060 1357 2163 1388 fuerint
2175 1359 2203 1388 in
2219 1360 2272 1390 bac

1208 1400 1306 1430 parte,
1324 1402 1374 1429 per
1388 1403 1455 1430 quas
1466 1394 1499 1423 ὃς
1512 1394 1631 1431 praesens
1648 1395 1818 1426 Mandatum
1833 1395 1962 1426 nostrum
1982 1397 2051 1427 Nos
2066 1397 2137 1426 Tibi
2154 1397 2219 1428 inde
2242 1399 2273 1428 in

1209 1429 1364 1472 Compoto
1381 1438 1432 1460 ruo
1448 1432 1481 1461 ad
1497 1432 1678 1463 Scaccarium
1695 1434 1824 1464 nostrum
1840 1435 1875 1465 de
1892 1444 2023 1474 tempore
2041 1437 2071 1465 in
2089 1444 2202 1473 ternpus
2225 1435 2277 1467 de-

1210 1468 1301 1498 bitam
1316 1468 1531 1500 Allocationem
1549 1472 1650 1502 habere
1664 1472 1806 1503 faciemus.

1246 1544 1334 1576 Teste
1350 1545 1433 1586 Rege
1447 1547 1519 1585 apud
1538 1547 1812 1588 tlscstmonastcrium,
1828 1550 1936 1581 octavo
1950 1550 1996 1580 die
2012 1549 2121 1582 Martii.

1210 1621 1378 1655 Confimilia
1395 1622 1496 1655 Brevia
1508 1624 1666 1665 diriguntur
1682 1625 1911 1657 vicecomitibus
1925 1626 2102 1666 subscriptis,
2113 1626 2163 1658 sub
2177 1628 2277 1659 eadem

1611 1663 1706 1703 Data,
1725 1665 1875 1703 videlicet,

1247 1741 1275 1768 V
1274 1742 1399 1769 icecomiti
1415 1739 1542 1771 Lincoln.

1249 1780 1277 1806 V
1276 1781 1405 1808 icecomiti
1417 1779 1512 1818 Norff
1524 1777 1562 1815 &¹
1576 1778 1644 1818 Suff

1211 1865 1326 1923 REX
1342 1866 1518 1897 Vicecomiti
1532 1867 1576 1896 W
1577 1868 1691 1913 amicae
1703 1866 1925 1911 &lLeycestriae
1944 1867 1992 1906 qui
2004 1877 2082 1914 nunc
2096 1867 2138 1914 est
2158 1868 2193 1900 &
2209 1869 2279 1914 qui,

1213 1943 1218 1947 ι
1284 1904 1344 1940 ὠς.
1359 1913 1391 1934 ut
1398 1905 1484 1944 Ji'aepra
1497 1903 1576 1945 afflue
1588 1906 1642 1944 ibt,
1660 1905 1810 1944 Videlicet,
1828 1906 1866 1941 <ly
1881 1914 1946 1936 tunc
1955 1907 2010 1946 fic,
2029 1909 2154 1944 Triginta
2175 1907 2279 1937 Libras

1211 1942 1278 1974 inde
1294 1943 1331 1974 de
1346 1944 1466 1983 Firmis,
1484 1944 1618 1983 Finibus,
1637 1944 1784 1983 Exitibus‚
1801 1944 1861 1980 &a
1879 1953 1911 1974 ut
1919 1945 2014 1984 supra.

1247 2019 1338 2051 Teste
1351 2029 1382 2052 ut
1397 2020 1485 2059 supra.

1213 2094 1334 2151 REX
1355 2096 1533 2144 vicecomiti
1551 2096 1696 2129 Devoniae
1717 2100 1767 2137 qui
1787 2108 1865 2145 nunc
1878 2085 2050 2146 ιεἰῇ-ἑζξιεῃιῄ,
2070 2097 2182 2145 &qut
2191 2098 2277 2144 supp-a

1247 2173 1252 2177 ·
1292 2135 1375 2176 usque
1387 2136 1601 2176 1b1,videlicet‚
1617 2136 1656 2173 ὠν
1671 2144 1736 2167 tunc
1741 2138 1783 2178 fic
1789 2161 1800 2177 ,
1818 2141 1846 2168 V
1848 2145 1926 2176 igzntr
1941 2138 2066 2176 Libras,
2084 2137 2151 2169 inde
2165 2138 2201 2168 de
2216 2139 2280 2169 Fir-

1212 2180 1284 2210 mis,
1298 2173 1360 2210 &a
1378 2183 1410 2205 ut
1417 2177 1514 2215 Jitpra.

1249 2258 1342 2292 Teste
1355 2269 1385 2292 ut
1397 2260 1487 2299 supra.

1214 2335 1334 2393 REX
1348 2337 1524 2383 Vicecomiti
1539 2336 1721 2382 Staffordiae,
1738 2338 1787 2377 qui
1804 2347 1880 2368 nunc
1893 2336 1935 2369 est
1961 2336 1995 2367 δε
2017 2337 2083 2383 qui,
2102 2335 2163 2381 &⁶2
2182 2343 2217 2384 ¹¹²,
2225 2335 2277 2378 su-

1287 2383 1344 2414 pra
1365 2376 1444 2415 ufiyue
1471 2375 1508 2404 ibi
1545 2376 1676 2407 videlicet
1713 2375 1752 2412 ὠ·
1769 2376 1898 2415 tuncsic,
1917 2378 1945 2406 V
1946 2383 2026 2414 tginti
2040 2375 2143 2406 Libras
2155 2376 2224 2406 inde
2242 2376 2280 2408 de

1211 2413 1332 2453 Firmis,
1351 2414 1481 2452 Finibus,
1500 2398 1648 2454 Euneos,
1663 2399 1724 2451 (ξιτ.
1742 2422 1773 2445 ut
1780 2415 1877 2455 fiepra.

1251 2490 1342 2523 Teste
1358 2500 1389 2523 ut
1405 2490 1494 2530 supra.

1303 2623 1362 2660 Ad
1377 2628 1532 2672 Rogatum
1550 2627 1638 2672 Regis
1654 2628 1830 2668 Scotorum,
1856 2627 1962 2658 Literae
1978 2623 2014 2656 de
2032 2622 2196 2658 Condaliu-

1217 2717 1259 2752 M
1274 2727 1292 2750 E
1305 2727 1332 2749 M
1345 2726 1368 2749 o
1383 2726 1406 2750 R
1419 2727 1440 2748 A
1453 2727 1478 2749 N
1493 2727 1517 2749 D
1531 2727 1554 2749 u
1570 2727 1597 2749 M
1624 2714 1706 2762 quod
1714 2743 1723 2758 ‚
1749 2717 1868 2749 ottavo
1896 2717 1956 2748 Die
1979 2718 2097 2748 Martii
2116 2717 2206 2748 Anno
2220 2719 2284 2750 Re-

1254 2768 1305 2814 gis
1327 2762 1460 2798 Ricardi
1479 2764 1589 2798 Tertii
1608 2768 1728 2806 Primo,
1753 2763 1808 2807 ista
1824 2764 1904 2796 Billa
1921 2762 2050 2796 liberata
2058 2763 2127 2808 fuit
2152 2766 2284 2797 Domino

1264 2813 1448 2848 Cancellario
1465 2814 1581 2860 Angliae
1598 2812 1682 2860 apud
1695 2811 1978 2856 Wstmonasterinm
1997 2811 2180 2857 exequenda.

1220 2903 1378 2966 PLnAsE
1402 2904 1425 2935 it
1448 2902 1497 2934 the
1518 2901 1620 2942 Kyngs
1636 2901 1733 2933 moost
1749 2901 1853 2932 Noble
1864 2901 1960 2946 Grace
1974 2910 2007 2932 to
2023 2900 2154 2944 Graunte
2165 2901 2206 2932 his
2221 2910 2283 2940 gra-
2300 2903 2377 2935 Ann.
2391 2904 2436 2936 D.

1288 2953 1368 2975 cious
1389 2942 1499 2973 Lettres
1519 2941 1650 2972 Parentes
1662 2941 1699 2972 of
1707 2941 1779 2971 Saus
1790 2940 1922 2972 Conduit
1937 2940 2028 2970 undre
2041 2939 2083 2970 liis
2097 2938 2189 2971 Great
2202 2940 2281 2972 Sale
2325 2945 2412 2983 1484.

1219 2983 1289 3014 aftre
1302 2983 1351 3014 the
1367 2980 1490 3012 Tenour
1505 2979 1629 3020 ensuyng
1639 3003 1649 3019 ,
2296 2986 2350 3049 gin.
2374 2993 2398 3013 1.

1294 3066 1356 3116 R·
1396 3063 1456 3114 E·
2302 3064 2437 3135 Ξῖέῐζεῑῑ

2304 3139 2408 3163 'I'urrim

1225 3174 1343 3236 REX
1363 3176 1496 3208 univerfis
1509 3177 1543 3208 &
1557 3174 1673 3212 fingulis
1689 3173 1866 3213 Admirallis,
1884 3173 2016 3206 Salutem.
2304 3176 2420 3203 Londai.

1323 3217 1420 3248 Sciatis
1435 3215 1535 3254 quod,
1553 3214 1589 3245 ad
1603 3222 1736 3251 rogatum
1757 3212 1971 3250 Consanguinei
1985 3211 2073 3242 iiostri
2087 3210 2188 3250 Jacohi
2206 3212 2284 3247 Regi,-
2310 3223 2372 3241 10¹.

1222 3260 1374 3292 Scotorum,
1393 3254 1561 3292 suscepimus
1573 3254 1601 3282 in
1614 3252 1722 3283 salvum
1737 3252 1770 3283 δε
1783 3252 1914 3283 securum
1930 3250 2120 3282 Conductum
2137 3249 2282 3287 nostrum,
2304 3255 2417 3289 temple.

1222 3305 1255 3325 ac
1271 3295 1302 3325 in
1318 3293 1551 3330 Protefflonem,
1567 3292 1736 3322 Tuitionem
1748 3313 1757 3328 ,
1774 3291 1808 3321 ἃ
1824 3290 2032 3321 Defensionem
2057 3287 2163 3318 nostras
2181 3288 2285 3325 specia-
2308 3300 2334 3327 3.

1223 3334 1276 3370 les,
1306 3332 1510 3362 Reverendum
1536 3331 1648 3361 Patrem
1672 3328 1850 3359 Willielmum
1870 3327 2024 3367 Epifiopum
2044 3326 2286 3366 Aberdonenfhm‚

1224 3373 1258 3402 &
1275 3372 1317 3400 W
1317 3370 1455 3400 illielmum
1470 3369 1583 3399 Knolles
1594 3367 1804 3405 Praeceptorem
1816 3367 1852 3397 de
1868 3366 2035 3404 Torfekeyn
2054 3364 2173 3395 Ordinis
2188 3365 2285 3397 Sanfti

1220 3410 1359 3449 Joharinis
1379 3408 1610 3448 Jerosolimitani,
1637 3406 1870 3442 Ambaffiatores,
1888 3404 2040 3440 Oratores,
2055 3403 2088 3433 ὃ(
2109 3402 2287 3435 Commissa-

1226 3451 1281 3480 rios
1304 3448 1374 3479 diffl
1399 3446 1612 3485 Consanguinei
1633 3444 1737 3481 nostri,
1756 3446 1785 3474 in
1806 3444 1951 3484 Regnum·
1964 3442 2093 3485 nostrum
2116 3452 2185 3472 cum
2205 3443 2290 3481 Qa-

1226 3487 1352 3526 draginta
1364 3487 1492 3517 Personis
1505 3486 1541 3516 de
1557 3484 1666 3521 Regno
1681 3483 1803 3519 Scodae,
1819 3483 1847 3511 in
1862 3479 2011 3524 Comitiva
2035 3480 2082 3511 sua
2113 3480 2146 3511 δε
2166 3482 2287 3512 totidem

1227 3526 1316 3564 Equis
1331 3526 1376 3557 vel
1399 3525 1468 3555 infra
1505 3534 1540 3554 ac
1555 3532 1622 3554 cum
1641 3521 1759 3560 Bogeis‚
1779 3519 1930 3556 Manticis,
1949 3518 2066 3555 Rebus,
2087 3503 2186 3558 bonis,
2199 3520 2288 3558 Joca-

1226 3566 1316 3603 libus,
1335 3564 1458 3599 Literis,
1476 3547 1602 3599 ²Papiris,
1622 3561 1702 3591 Auro
1716 3560 1749 3590 δε
1763 3558 1891 3602 Argento
1910 3566 2074 3600 monetato,
2091 3567 2206 3601 necnon
2220 3558 2288 3602 Far-

1227 3604 1320 3642 dellis,
1347 3602 1490 3639 Capsulis,
1509 3602 1542 3630 &
1565 3597 1753 3630 Sarciunculis
1774 3598 1825 3626 suis
1845 3596 2086 3634 quibulcumque,
2104 3607 2162 3627 con
2177 3599 2287 3627 unctim

1227 3643 1261 3673 ὅς
1283 3641 1394 3672 divifim
1405 3664 1414 3675 ,
1433 3638 1604 3674 Veniendo,
1621 3637 1727 3666 ibidem
1750 3634 1918 3671 Morando,
1934 3633 2134 3673 Sojornando‚
2224 3645 2289 3666 ver-

1227 3680 1329 3716 sando,
1346 3679 1380 3710 &
1397 3676 1602 3716 Expectando,
1621 3676 1655 3706 &
1668 3674 1772 3704 iterum
1785 3674 1814 3702 in
1830 3673 1968 3709 Regnum
1983 3672 2090 3703 Scotiae
2115 3673 2229 3710 quando
2253 3674 2288 3704 &

1228 3719 1358 3757 quotiens
1380 3716 1429 3746 fibi
1449 3715 1600 3755 placuerit,
1619 3712 1734 3743 durante
1758 3710 1885 3749 praesenti
1909 3710 1985 3741 salvo
1998 3710 2157 3742 Conduaestu
2172 3710 2291 3751 nostro,

1228 3755 1389 3788 Redeundo
1408 3755 1441 3785 δε
1463 3752 1672 3789 Revenicndo,
1689 3749 1792 3786 absque
1814 3749 2021 3788 impedimento
2044 3759 2090 3780 aut
2111 3751 2291 3787 impetitione

1229 3795 1319 3826 nostri
1367 3802 1414 3824 aut
1442 3792 1657 3822 Officiariorum
1676 3788 1722 3819 seu
1744 3787 1945 3819 Ministrorum
1966 3788 2129 3818 nostrorum
2151 3799 2292 3826 quorum-

1230 3818 1374 3903 cgsrqqu’el,
1398 3831 1490 3898 aliqu}
1508 3827 1654 3897 ἓᾶἓτςέἓῆ
1667 3825 1924 3896 gostqtnrpemarqua,
1949 3826 2007 3857 sive
2030 3825 2200 3866 Reprisalifi,
2217 3837 2292 3859 con.

1231 3883 1249 3904 c
1269 3883 1311 3942 Istffa
1322 3879 1530 3944 x:gtrice-iincceiaitt‘id
1553 3889 1624 3934 ir’ifra
1647 3903 1757 3934 dietum
1776 3889 1913 3942 R’egnum
1927 3902 2056 3934 nostrum
2069 3903 2198 3942 Angliae,
2217 3913 2292 3942 prae-

1230 3950 1308 3981 sente
1319 3948 1394 3979 salvo
1410 3944 1566 3975 Condustu
1584 3942 1684 3973 nostro
1695 3942 1827 3980 durante,
1846 3942 1894 3980 ipsi
1908 3941 2069 3985 ipsorumve
2089 3943 2122 3973 ali
2145 3943 2184 3973 uis
2203 3943 2292 3974 nichil

1233 3995 1399 4057 ii“f²m¹{ie⁰{
1414 3982 1795 4052 seueaattffipffgiguffiodugn
1807 3980 1972 4049 5333OE
1984 3981 2109 4016 eiusdem
2157 3983 2222 4022 ‘³³⁰¹
2236 3993 2293 4013 ’ὓ
2314 3987 2331 4004 ”
2349 3984 2419 4014 m.

1434 4034 1448 4051 2¹
1548 4034 1550 4037 '
2319 4034 2348 4052 21
2379 4046 2384 4049 .

1261 4036 1330 4094 rlSicce
1342 4033 1452 4097 Simili,
1471 4058 1548 4096 quod
1568 4032 1589 4089 Jsi
1616 4029 1805 4096 aliquidqperq
1814 4066 1914 4088 eorum
1937 4043 2060 4096 {liquem
2074 4059 2105 4089 in
2118 4060 2296 4090 contrarium
2355 4033 2372 4058 9

1234 4109 1434 4140 attemptatum
1446 4098 1550 4137 fucrit,
1565 4097 1645 4136 quod
1660 4097 1717 4136 ipse
1734 4096 1771 4128 sic
1786 4104 1956 4135 attemptans
1968 4106 2024 4136 pro
2036 4106 2072 4128 eo
2081 4098 2160 4136 juxta
2174 4099 2229 4136 ejus
2249 4099 2297 4140 Ae-

2201 4144 2300 4166 merita
