2555 4266
186 155 264 183 202

32 230 109 262 Ann.
125 225 167 256 D.
186 223 405 260 Promittirnus,
422 219 502 260 quod
517 216 651 257 praedieta
663 214 794 246 Donatio
808 219 924 253 propter
940 209 1038 248 Nupti

55 273 140 303 1503·
187 265 285 296 omnia
300 261 447 294 Praemissa
465 258 562 289 eadem
577 255 799 292 concernentia,
815 253 852 283 de
869 249 1011 290 praedietis
1025 247 1044 277 fi

34 312 96 336 Hm.
112 312 140 343 7·
186 305 302 340 tatibus,
321 299 484 334 Dominiis,
504 295 624 331 Castris,
643 293 774 330 Palatiis,
792 290 953 326 Turribus,
972 283 1254 322 Fortaiitiisfferris,

185 341 389 375 Tenementis,

188 380 328 416 Pasturis,
354 379 387 409 ὃς
400 376 457 406 aliis
477 372 641 409 antedictis,

408 335 594 372 Redditus-as,
613 332 716 362 Firmis
731 353 741 369 ,
758 325 1080 365 Vistuahbus,‘Pratis,
1098 322 1207 359 BosciS,
1220 322 1254 352 &

668 370 825 400 Autoritate
845 365 1044 403 Parliamenti,
1062 364 1130 394 citra
1150 361 1256 390 Vicesi-

188 429 270 451 mum
286 418 374 448 Diem
391 413 489 444 Martii
505 412 640 449 proximo
661 407 726 447 post
749 407 856 438 Datam
879 404 1079 441 Praesentiutn,
1092 402 1123 431 in
1144 398 1255 436 Regno

187 458 289 490 nostro
304 453 434 489 tenendi,

189 498 238 529 vel
250 497 324 527 circa
340 491 518 524 Vicesimum

188 536 296 567 Datam
317 530 521 564 Praesentium,

191 572 329 605 reniffimi
340 573 418 608 Regis
433 566 544 605 Angliae
559 565 645 596 Patris
661 562 771 601 nostri,
789 561 825 593 ad
840 562 899 592 hoc
913 558 1084 591 sufficienter
1105 552 1256 585 aucstoriia-

190 614 226 644 tis
231 635 242 650 ,

100 1850 158 1886 ii

66 2004 144 2037 Ann.
154 2003 197 2038 D.

87 2053 174 2084 1503.

65 2087 119 2111 An.
143 2093 183 2118 ¹9·

67 2127 103 2150 H.
123 2131 151 2157 7.

68 2165 108 2187 Ex
123 2163 182 2188 Au-

67 2206 131 2236 togr.

73 2814 91 2830 ⁸
112 2813 196 2841 xiil.

75 2860 120 2887 77·

198 960 392 1034 ἓῑὲῦὲῐέἷότε,
410 995 446 1024 de
456 992 524 1029 Jure
541 990 586 1019 vel
598 989 634 1019 de
650 987 757 1024 Facito,
776 986 933 1023 injudicio
951 983 998 1014 vel
1013 991 1106 1018 extra,
1121 977 1199 1009 bona
1216 975 1264 1006 Fi·

199 1037 236 1068 de
249 1038 283 1068 ὃς
297 1036 395 1067 Vei-bo
411 1031 505 1070 Regio
521 1027 715 1072 promittimus
733 1035 783 1063 per
798 1024 967 1060 Praesentes,

455 450 685 482 Ratificabuntur
707 448 740 479 &
757 444 1031 480 Confirmabuntur,
1049 442 1082 473 &
1102 439 1206 476 etiam,
1224 438 1255 466 in

535 489 628 519 Diem
643 485 751 517 Menfis
766 484 870 522 Aprilis
889 482 1026 522 proximi)
1050 481 1177 510 futurum
1189 474 1254 512 post

539 524 748 557 Commiffario
765 523 812 555 vel
834 519 1045 553 Commiffariis
1065 515 1190 556 ejusdem
1205 514 1256 543 Se-

260 611 365 642 realiter
379 606 539 639 Tradentur
550 606 583 635 &
599 603 823 639 Liberabuntur,

230 651 288 687 Et,
306 650 325 679 si
347 648 414 687 quid
433 645 559 681 firmiuS,
578 642 715 680 securius,
734 640 866 677 validius,
883 639 985 673 tutius,
1003 633 1119 669 melius,
1136 638 1183 661 aut
1202 637 1256 668 pro

192 687 410 720 Praemifforum
430 684 576 714 Firmitate
598 681 704 712 cautius
721 680 766 709 vel
787 677 930 708 efficacius
948 673 1064 712 posthac
1080 670 1238 700 inveniatur
1249 689 1259 706 ‚

193 729 266 759 ciirn
281 726 400 765 requisiti
418 723 570 758 fuerimus,
1237 744 1242 749 ⁸

193 768 304 798 ciemus
323 766 357 797 &
378 762 486 794 realiter
507 768 576 792 cum
594 757 699 789 effectu
720 758 799 794 juxta
815 752 900 785 Poffe
923 750 1054 782 nostrum
1077 745 1257 787 perimplebi-

194 815 260 836 mus
268 816 279 844 3

589 720 619 749 in
633 719 770 749 omnibus
787 718 819 747 &
839 725 888 752 per
902 713 1001 744 omnia
1021 710 1050 740 id
1068 709 1159 748 ipsum
1172 705 1257 744 perfi-

235 844 315 883 Quae
334 842 432 873 omnia
450 839 484 870 &
502 836 604 878 singula
620 833 798 873 suprascripta
820 831 958 870 perpetuo
986 827 1098 864 Firma,
1118 822 1209 859 Rata,
1227 820 1261 851 &

197 882 288 914 Grata
303 883 422 919 habere,
440 887 552 914 tenere,
570 874 737 911 adimplere,
755 873 790 902 &
802 870 967 906 observare,
985 867 1017 897 ὃ(
1034 874 1094 895 non
1110 871 1210 893 contra
1217 859 1262 890 di·

198 932 282 960 cere,
306 921 413 958 facere,
438 916 483 949 vel

495 916 589 944 venire
612 922 661 949 per
684 910 772 947 Nos,
790 907 836 939 seu
854 909 940 938 alium
952 931 961 944 ,
986 904 1033 935 vel
1051 903 1119 934 alios
1138 900 1263 938 aliquos,

357 959 440 998 Jure,
462 953 579 989 Modo,
599 949 708 986 Causa,
727 950 770 978 vel
783 946 926 984 Ingenio,
945 953 994 975 aut
1010 942 1110 981 quovis
1123 939 1177 971 alio
1185 947 1263 975 quse-

237 1074 447 1107 Renunciantes
462 1092 471 1106 ,
495 1070 524 1098 in
547 1076 606 1096 vim
631 1065 730 1103 Paesti,
747 1064 828 1093 omni
854 1061 1016 1097 Beneficio,
1042 1057 1163 1095 Favori,
1180 1062 1264 1092 atque

197 1114 314 1145 Auxilio
327 1115 576 1151 quorumcumque
588 1104 718 1147 jurium,
737 1102 762 1132 L
782 1110 867 1140 vum,
887 1100 1061 1135 Canonum,
1076 1096 1265 1129 Statutorum,

198 1152 419 1189 Privilegiorum
428 1171 437 1186 ,

197 1193 264 1223 tales
277 1190 323 1221 vel
336 1189 399 1220 talia
411 1187 526 1221 fuerint)
547 1182 725 1213 Auctoritate
743 1179 916 1210 parliamenti
926 1201 935 1216 ,
955 1176 1000 1206 seu
1014 1174 1121 1205 Trium
1132 1173 1265 1204 statuum

197 1230 279 1269 ipsius
291 1226 380 1258 nostri
394 1224 506 1263 Regni,
523 1221 642 1252 antehac
657 1219 800 1249 Celebrati
812 1215 1052 1250 autConvocati,
1068 1222 1115 1242 aut
1129 1209 1265 1249 imposte·

200 1270 268 1299 nim
281 1264 452 1297 Celebrandi
466 1271 512 1292 aut
526 1257 720 1290 Convocandi
731 1279 739 1294 ,
756 1257 802 1286 vel
818 1256 874 1286 alio
892 1254 984 1285 modo
1010 1259 1183 1292 quocunque
1207 1247 1268 1289 edi-

200 1316 317 1343 torum,
342 1304 389 1334 vel
415 1304 445 1332 in
467 1301 596 1330 futurum
621 1296 817 1332 edendorum,
844 1304 908 1332 quae
927 1290 1031 1332 possint
1051 1288 1202 1320 Praem'iffis
1221 1290 1266 1317 seu

203 1346 288 1378 alicui
304 1341 519 1374 Praemifforum
533 1339 562 1367 in
575 1337 669 1375 aliquo
686 1335 818 1373 derogare
832 1332 877 1364 vel
895 1330 1101 1363 contravenire.

462 1148 495 1178 &
516 1142 766 1175 consuetudinum
821 1141 889 1177 egni
912 1138 999 1169 nostri
1019 1136 1127 1166 Scotiae
1148 1134 1181 1171 (si
1200 1140 1265 1170 quae

242 1421 277 1453 In
291 1420 371 1458 cujus
382 1418 440 1449 Rei
452 1414 672 1447 Testimonium
692 1411 839 1448 Magnum
854 1409 985 1449 Sigillum
1001 1406 1132 1437 nostrum
1144 1403 1267 1435 Praesen-

206 1463 281 1493 tibus
294 1459 335 1489 est
351 1455 508 1497 appensum
525 1453 600 1493 apud
616 1449 797 1488 Edinburgh,
816 1449 894 1480 sexto
914 1448 960 1478 die
976 1445 1083 1476 Mensis
1094 1444 1189 1483 Junii,
1208 1442 1273 1472 An-

208 1510 248 1530 no
274 1497 399 1528 Domini
427 1493 584 1525 Millefimo
611 1490 852 1530 Qingentesimo
874 1488 958 1519 tertio
972 1508 982 1523 ‚
1003 1484 1037 1516 δε

1065 1482 1162 1522 Regni
1182 1479 1271 1511 nostri

211 1537 344 1569 Decimo
364 1535 473 1574 quinto.

836 1604 1016 1644 JAMES
1052 1599 1170 1630 Rex.

335 1689 390 1722 Sub
410 1685 514 1726 Magno
534 1685 643 1724 sigilla,
657 1685 690 1715 de
707 1689 777 1714 Cera
794 1681 881 1712 viridi
895 1703 905 1719 ,
922 1678 1056 1718 pendente
1074 1688 1092 1707 a
1109 1671 1174 1704 Filis
1181 1671 1276 1712 sericis

374 1730 551 1764 intertextis,
569 1725 643 1755 rubei
659 1723 813 1763 caeruleique
827 1719 959 1750 Colorum.

217 1790 1276 1816 μκή-

236 1855 428 1901 Confirmatio
451 1851 613 1886 TraHatus
627 1877 636 1893 ‚
666 1848 702 1882 de
718 1849 923 1881 Matrimonia
947 1846 1076 1878 Henrici
1099 1842 1244 1888 Principis

477 1900 586 1935 Walliae
610 1910 680 1932 cum
702 1899 851 1931 Katerina
876 1894 1010 1939 Infante.

216 1990 433 2049 FErdinandus
455 1987 493 2024 ὠ·
517 1983 700 2021 Elizabetha‚
726 1982 785 2013 Dei
809 1979 911 2021 gratia,
929 1979 1015 2010 Rex
1040 1977 1078 2013 ὠ·
1101 1975 1246 2007 Reom
1257 1983 1277 2003 Α

271 2028 546 2068 Castellae,Legionir,
554 2020 828 2062 Aragonum,Siciliae
836 2020 904 2050 citra
916 2019 949 2050 &
959 2018 1028 2048 ultra
1041 2017 1157 2051 Fatum,
1167 2017 1278 2043 Granu-

220 2075 276 2107 tae,
293 2068 394 2106 Toleti,
414 2066 565 2102 Valentia»,
586 2062 714 2097 Galiciae,
735 2059 951 2098 Majoricarum,
970 2054 1108 2095 Hispalis,
1127 2052 1279 2089 Sardiniae,

219 2106 366 2145 Cordubae,
385 2104 512 2146 Corficae,
533 2105 664 2138 Murciae,
683 2102 810 2135 Giennis,
825 2095 976 2133 Algarbii,
993 2094 1155 2131 Algezirae,
1167 2089 1280 2121 Gibral-

217 2149 287 2176 raris
295 2169 306 2185 ,
323 2148 356 2178 &
378 2144 531 2183 Insularum
549 2143 675 2170 Canariae
683 2160 693 2176 ,
711 2137 740 2168 C
749 2148 769 2168 ο
780 2145 807 2168 Μ
817 2144 835 2166 Ε
844 2146 857 2166 s
875 2137 908 2166 ὃ(
923 2133 952 2164 C
960 2142 1015 2164 osi
1026 2142 1037 2163 t
1046 2140 1069 2161 T
1079 2141 1091 2161 1
1100 2141 1112 2162 s
1124 2140 1163 2161 sa
1182 2131 1282 2158 Barci-

216 2196 312 2222 nonae,
341 2183 403 2214 Do
413 2191 440 2213 M
450 2192 461 2212 1
473 2190 494 2211 N
506 2191 517 2211 1
538 2183 640 2218 chay
661 2178 693 2208 δί
712 2175 843 2212 Molinae,
873 2172 905 2203 D
915 2180 937 2201 υ
947 2181 985 2202 (τε
996 2181 1009 2202 s
1040 2169 1221 2201 Athenarum
1245 2169 1279 2198 &

215 2225 375 2262 Neopatriae
383 2246 393 2260 ,
419 2220 475 2252 Co
485 2228 512 2250 M
523 2229 532 2249 1
544 2228 567 2249 T
578 2228 596 2249 F„
608 2227 620 2248 s
639 2214 783 2255 Roffilionis
801 2214 836 2245 &
859 2214 1007 2242 Ceritam'ae
1022 2233 1032 2249 ,
1057 2209 1095 2240 M
1104 2220 1125 2239 A
1134 2217 1157 2238 R
1165 2217 1181 2238 c
1189 2215 1213 2238 H
1222 2215 1233 2236 1
1243 2215 1278 2236 0-

218 2272 242 2294 N
255 2271 272 2292 E
282 2271 294 2292 5
315 2261 457 2302 Ortstanni
470 2260 503 2291 &
515 2259 644 2294 Gociani,

253 2300 288 2331 In
303 2300 438 2330 omnibus
451 2297 533 2336 liujus
548 2295 642 2326 Seculi
656 2292 792 2331 Negotiis
805 2289 883 2330 quod
901 2289 988 2328 magis
1008 2288 1038 2318 in
1059 2286 1159 2317 animo
1178 2283 1277 2315 nostro

220 2340 309 2370 fixum
323 2339 430 2377 semper
447 2337 597 2367 habuimus
609 2341 692 2371 atque
707 2333 855 2367 habemus,
868 2327 935 2358 illud
951 2325 1141 2365 proculdubio
1156 2323 1279 2362 est,nor'i

218 2379 310 2410 solum
326 2377 491 2409 Amicitiam
502 2375 534 2405 &
548 2373 684 2409 Foedera,
703 2380 768 2409 quae
781 2370 852 2399 inter
865 2366 934 2396 Nos
946 2367 1006 2396 lunt
1021 2366 1054 2396 δὲ
1063 2361 1278 2394 Sereniffimum

221 2420 351 2448 Enricum
373 2414 485 2451 Angliae
507 2415 603 2450 Regem
623 2407 828 2440 Chariisimum
849 2405 973 2435 Fratrem
998 2403 1128 2434 nostrum
1151 2401 1185 2430 δε
1209 2402 1281 2430 inter

216 2456 319 2495 Regna
332 2456 365 2486 &
379 2454 514 2485 Subditos
527 2450 667 2487 utriusque
682 2448 788 2485 Partis,
807 2444 989 2480 conservare,
1005 2442 1106 2472 verum
1120 2440 1164 2470 iila
1179 2439 1279 2468 eadem

218 2495 356 2525 omnibus
371 2492 488 2523 Amoris
509 2490 541 2520 &
561 2485 819 2526 Consanguinitatis
841 2482 968 2513 Vinculis
983 2481 1117 2512 roborate
1130 2487 1214 2516 atque
1231 2486 1280 2508 au-

220 2542 304 2572 gere,
322 2534 358 2563 ita
373 2540 404 2561 ut
417 2529 485 2561 nihil
499 2528 564 2559 addi
579 2527 690 2558 ulterius
708 2524 809 2563 poffit:

258 2569 362 2601 Invitat
376 2570 445 2600 Nos
463 2567 498 2598 ad
512 2568 541 2597 id
555 2566 684 2604 praeclara
699 2565 728 2593 in
743 2562 825 2592 omni
840 2569 942 2599 genere
957 2557 1070 2595 Virtus,
1090 2555 1146 2595 qus.
1159 2552 1282 2586 Serenis-

222 2609 308 2640 fimus
325 2607 437 2645 Angliae
450 2609 509 2635 Rex
527 2605 618 2635 Frater
635 2601 730 2632 noster
743 2598 950 2631 Dilectiffimus
972 2596 1130 2635 plurimum
1156 2593 1283 2632 praestat,

221 2650 274 2683 &,
293 2647 364 2676 inter
376 2654 493 2682 caetera,
510 2645 565 2679 eius
579 2642 758 2679 integerrima
774 2638 871 2668 Fides:

263 2684 350 2715 Nihil
363 2685 440 2713 enim
454 2683 555 2720 gratius
572 2680 697 2716 nihilque
713 2676 860 2715 iocundius
875 2674 973 2705 Nobis
991 2672 1032 2703 est
1054 2673 1138 2710 quam
1160 2680 1228 2702 curn
1248 2679 1284 2700 eo

220 2723 390 2755 Amicitiam
409 2719 748 2757 Conianguinitatemque
761 2714 875 2750 habere,
891 2713 939 2750 qui
950 2712 1051 2741 Fidem
1071 2711 1139 2741 tanti
1152 2710 1236 2740 faciat
1250 2716 1283 2739 ut

220 2762 300 2792 illam
320 2761 393 2791 Vitae
407 2766 575 2795 anteponat:

262 2802 281 2819 ‘
296 2798 420 2831 Accedit
433 2797 468 2828 ad
486 2796 544 2826 hoc
562 2795 673 2832 Arnor,
692 2789 928 2828 consanguinitas
959 2795 1041 2826 atque
1055 2786 1208 2824 Amicitia,
1219 2795 1284 2824 quae

222 2841 295 2871 inter
309 2838 379 2870 Nos
396 2838 429 2869 &
451 2833 673 2865 Praedeceffores
690 2830 799 2860 nostros
815 2829 909 2866 fuere,
961 2827 1025 2865 egui
1047 2826 1104 2864 ejus
1129 2825 1162 2855 &
1177 2824 1285 2855 Domi-

221 2880 335 2947 nioribm
351 2873 525 2921 amplitudo,
542 2882 576 2904 ac
590 2870 706 2902 Utilitas
722 2868 898 2906 Regnorum
911 2867 944 2898 ὅ(
961 2865 1173 2896 Dominiorum
1186 2862 1284 2894 utrius-

221 2927 277 2957 que
317 2924 398 2954 artis,

260 2955 339 2994 Qiae
355 2953 472 2992 quidem
485 2951 584 2983 omnia
595 2948 664 2980 Nos
687 2948 792 2979 merito
812 2945 948 2976 inclinant
966 2945 1004 2975 ita
1027 2943 1098 2975 velle
1120 2942 1283 2974 Utilitatem

223 2994 352 3034 praedi&
374 2990 547 3023 Sereniffimi
565 2988 654 3026 Regis
678 2987 778 3017 Fratris
803 2985 892 3015 nostri
913 2984 1023 3022 ejusque
1047 2982 1149 3021 Regiae
1167 2981 1284 3012 Domus

223 3033 355 3071 Angliae,
374 3031 443 3061 sicut
456 3029 600 3067 propriam
616 3025 741 3057 nostram
756 3026 790 3056 ὃ(
807 3023 909 3061 Regiae
923 3020 1042 3053 Domus
1056 3021 1177 3051 nostrae:

263 3070 450 3102 Acumulatur
466 3069 550 3098 etiam
568 3066 603 3096 ad
622 3065 678 3095 hoc
694 3063 808 3102 publica
822 3061 1052 3092 Christianorum
1066 3058 1198 3097 Utilitas;
1216 3069 1283 3090 nam

223 3111 295 3142 crim
311 3109 426 3139 Domus
441 3106 502 3136 istae
516 3104 714 3142 Hispaniarum
737 3103 770 3133 ὅ(
787 3100 897 3138 Angliae
913 3101 988 3130 bene
1011 3098 1116 3129 Unitae
1137 3098 1204 3135 sint,
1224 3108 1282 3129 ma-

223 3150 301 3180 xime
326 3146 395 3177 Deo
415 3144 544 3176 inservire
569 3149 719 3180 poterunt,
737 3141 770 3171 &
793 3137 960 3168 Christianae
980 3137 1160 3175 Reipublicae
1183 3146 1283 3174 magna

222 3186 363 3220 Beneficia
375 3184 523 3221 conferre,
540 3182 590 3218 &,
609 3181 627 3210 si
641 3180 703 3209 baec
722 3177 805 3207 Unio
819 3186 882 3207 ante
897 3177 960 3207 haec
975 3175 1136 3206 Necessaria
1152 3185 1199 3206 aut
1213 3175 1283 3206 Uti-

226 3227 258 3257 lis
276 3227 344 3264 fuit,
362 3232 458 3265 ruine,
480 3229 593 3261 propter
616 3217 843 3249 Christianorum
864 3214 1025 3246 Discordias
1048 3215 1082 3245 &
1099 3213 1190 3251 Bella,
1209 3213 1282 3244 hanc

226 3274 334 3295 novam
354 3263 509 3293 Unionem
532 3256 784 3296 Consanguinitatis
805 3262 887 3322 athue
906 3252 1111 3293 cognationis,
1129 3261 1193 3288 quae
1212 3253 1284 3282 inter

226 3302 297 3334 Nos
310 3304 343 3333 ὃς
359 3298 570 3332 Sereniffimum
587 3295 701 3334 Angliae
716 3297 812 3331 Regem
852 3301 953 3323 ratrem
977 3290 1108 3321 nostrum
1127 3289 1283 3320 Dilectissi-

227 3351 330 3378 mum,
347 3349 396 3378 per
414 3337 550 3369 Medium
562 3335 720 3366 Oratorum
735 3332 768 3363 &
783 3331 1004 3361 Procuratorum
1021 3328 1160 3367 utriusque
1181 3327 1284 3367 Partis,

227 3389 315 3418 nuper
337 3379 444 3408 firmata
468 3377 575 3413 extitit,
601 3372 764 3403 Christiano
784 3369 916 3407 Populo,
938 3366 1074 3398 intestinis
1092 3366 1285 3397 Seditionibus

227 3418 378 3453 laboranti,
396 3414 571 3445 utilissimam
595 3413 628 3443 &
651 3410 815 3449 singularem
840 3406 986 3437 Medelam
1011 3406 1071 3436 fore
1092 3415 1152 3435 non
1176 3405 1285 3435 dubita-

228 3464 309 3490 mus,
326 3463 460 3491 tantoque
474 3451 601 3482 libentius
617 3449 652 3481 ad
667 3450 745 3479 illam
758 3445 996 3478 Confirmandam
1015 3443 1164 3481 venimus,
1179 3452 1286 3481 quanto

227 3493 330 3525 Nobis
341 3491 502 3522 Gratissima
515 3489 565 3521 est.

266 3531 448 3567 Quapropter
463 3528 594 3559 universis
609 3528 642 3558 &
656 3525 769 3563 singulis
785 3524 891 3553 Notum
901 3520 1013 3558 facimus
1026 3519 1122 3557 quod,

265 3570 365 3605 Cum,
384 3569 454 3596 inter
469 3568 537 3597 Nos
562 3568 594 3598 &
618 3565 765 3604 praefatum
787 3561 1000 3592 Sereniffimum
1026 3561 1153 3587 Enricum
1173 3557 1286 3595 Angliae

229 3612 324 3646 Regem
342 3607 465 3636 Fratrem
488 3605 618 3635 nostrum
642 3601 878 3638 Dilefflffimum,
897 3608 945 3638 per
967 3597 1166 3626 ferdinandum
1189 3600 1287 3636 Daque

228 3649 261 3677 de
273 3646 394 3687 Estrada
415 3643 584 3681 Magistrum
601 3642 682 3672 Aulae
696 3640 894 3670 Consiliarium
905 3661 914 3675 ,
932 3637 1101 3671 Oratorem,
1119 3636 1152 3666 ὃ(
1174 3633 1286 3665 Procu-

226 3695 349 3716 ratorem
364 3682 512 3724 nostrum,
530 3682 648 3711 nomine
668 3679 766 3709 nostro
777 3701 785 3716 ,
802 3679 831 3707 in
847 3678 908 3706 vim
931 3674 1061 3705 Mandati
1081 3674 1126 3703 seu
1144 3672 1284 3703 Procura-

226 3725 309 3755 tionis
323 3734 338 3753 a
352 3721 452 3752 Nobis
467 3722 557 3749 eidem
570 3718 730 3755 concessae,
748 3726 862 3746 necnon
878 3724 942 3752 per,
963 3712 1146 3742 Reverendos
1159 3712 1187 3740 in
1198 3710 1284 3741 Cliti-

228 3762 273 3792 sto
295 3761 406 3798 Patres,
432 3756 611 3788 Willielmum
636 3754 863 3794 Londonienfi’m‚
889 3752 1034 3782 Ricardum
1054 3750 1286 3788 bisinianensem,

230 3799 401 3839 Episcopos,
420 3799 452 3829 &
475 3794 653 3826 Willielmum
674 3797 781 3822 Barom
798 3793 907 3830 Legum
932 3790 1113 3826 bonorem,
1133 3787 1285 3825 Oratores,

229 3837 460 3873 Commiffarios,
480 3837 513 3866 ὅ(
530 3833 726 3863 Procuratores
748 3832 852 3867 praefati
879 3827 1051 3859 Serenillimi
1071 3829 1148 3862 Regis
1171 3825 1284 3862 Angli'ae

230 3875 330 3905 Fratris
347 3874 450 3911 nostri,
467 3874 522 3906 eius
537 3871 688 3908 Nomine,
704 3870 801 3907 vigore
823 3867 954 3898 Mandati
975 3866 1020 3895 seu
1043 3865 1250 3895 Procurationis
1269 3874 1284 3894 a

232 3911 380 3948 Maiestate
405 3912 448 3942 sua
473 3911 577 3941 eisdem
603 3908 748 3946 Episcopis
770 3908 802 3937 &
834 3906 946 3944 Legum
972 3903 1102 3934 Dotion
1127 3901 1287 3940 conceffae,

229 3949 416 3992 Traiiatum,
433 3948 654 3986 Compositum,
670 3944 904 3980 Concordatum,
921 3944 953 3974 &
974 3941 1168 3980 Capitulatum
1187 3939 1238 3977 sit,
1254 3950 1287 3970 ut

232 3985 426 4017 Illustxiffimus
441 3989 554 4016 Enricus
577 3986 600 4016 P
610 3994 633 4015 R
644 3994 656 4014 1
667 3993 690 4014 N
700 3993 716 4013 c
726 3993 744 4014 E
754 3992 772 4013 P
781 3992 793 4012 s
812 3981 919 4012 Walliae
928 4006 937 4017 ,
956 3979 1033 4010 DUx
1047 3978 1186 4008 Cornubiae
1194 4000 1203 4015 ,
1223 3978 1286 4008 Co-

231 4033 361 4062 tvisziiz
390 4024 478 4062 Cestiae
497 4025 580 4055 Filius
602 4023 756 4062 Legitimus
780 4021 813 4053 ὅτ.
832 4019 934 4051 Haeres
949 4019 1019 4050 dieti
1041 4015 1210 4050 Sereniffimi
1231 4018 1282 4046 Re-

670 109 1471 171 CONVENTIONES,

1039 217 1084 245 as,
1101 206 1136 250 6ss
1151 211 1252 247 caetera
1286 202 1329 238 gis
1345 196 1456 234 Angliae
1475 204 1544 226 cum
1559 193 1740 238 Illustriffirna
1755 192 1905 237 catherina
1918 197 2041 239 Principe
2057 195 2167 228 Walliae
2183 193 2222 231 ὠ·
2237 194 2352 236 Infante
2369 192 2447 225 Ann.
2461 194 2506 226 DJ

1045 245 1135 285 ngulis
1150 243 1255 274 Corni-
1291 235 1412 277 Castellae
1425 233 1463 269 (ῥ’
1481 237 1646 272 Aragonum
1667 233 1736 264 Filia
1749 231 1844 263 nostra
1859 232 2048 266 Diieetiffima
2058 236 2356 266 matrimonialiterco-
2394 241 2482 273 1503.

1553 108 1957 163 LITERAE,

1291 277 1416 315 P‘Jlemf’
1433 281 1516 317 5³¹0}st
1533 272 1598 302 haec
1613 273 1647 304 &
1663 271 1714 303 ³¹5²
1727 269 1992 310 inCompofitione
2011 274 2047 306 &
2067 274 2203 314 Capitulis
2215 274 2357 315 praediffls
2373 277 2438 304 Hen-
2453 282 2481 308 7.

1290 314 1399 355 plenius
1415 320 1617 348 continentur,

1531 388 1658 430 Qorum
1674 390 1760 420 Tenor
1771 387 1900 430 siquitur
1916 387 1956 426 ῤ’
1973 386 2009 428 qli
2024 387 2106 429 talis,

1332 468 1584 514 UNiyERsts
1600 475 1653 499 ET
1667 471 1908 512 Js1NGUL15‚
1931 465 1967 498 ad
1991 476 2118 505 quorum
2137 466 2263 500 Notitias
2282 478 2358 508 prae-

1292 508 1381 555 sentes
1397 509 1514 538 Litterae
1528 515 1726 553 pervenerint,
1744 505 1908 537 Reverendi'
1922 506 1950 535 in
1959 504 2077 536 Christo
2086 505 2181 536 Patres
2195 507 2357 538 Willielmur

1294 547 1436 590 Episcopqr
1456 544 1649 589 Londomenfif
1664 544 1777 589 Cu'stos'
1792 544 1896 588 Magni
1918 543 2009 581 Sigilli
2030 543 2222 575 Potentiffimi
2239 554 2272 575 ac
2289 546 2360 577 Illu-

1292 584 1418 630 striifimi
1435 585 1469 615 ὃς
1483 582 1718 629 Excellentissimi
1731 583 1868 621 Principis
1880 584 1993 621 Enrici,
2010 582 2069 613 Dei
2083 582 2188 622 gratia,
2203 586 2282 621 Regis
2289 587 2358 614 An-

1289 623 1353 666 gh?
1365 621 1404 657 &¹
1420 621 1713 667 Domina-Hiberum,
1722 621 1875 666 chlyardur
1886 623 1930 652 W
1928 620 2082 661 intonienfis
2100 620 2239 660 Epifiopus
2254 621 2365 654 Custos

1294 661 1400 705 Privati
1413 660 1505 705 Sigilh
1518 660 1642 705 ejusdem
1658 658 1784 690 Domim
1800 659 1907 700 Regis,
1926 661 1960 691 ὃς
1982 658 2159 691 Venerabilis
2175 660 2210 691 &
2224 660 2364 699 Egregius

1294 699 1348 743 Vir
1365 700 1515 730 Dominus
1531 697 1696 728 Willielmus
1710 700 1820 742 Bai-*ons
1833 699 1947 738 Legum
1963 697 2082 729 Doctor
2101 697 2207 729 Custos
2222 699 2278 730 sive
2293 698 2364 729 Ma-

1316 738 1379 769 ister
1394 737 1584 781 ‘Rotulorum
1611 735 1794 780 Cancellariae
1819 737 1940 776 ejusdem
1966 737 2092 768 Domini
2116 737 2221 776 Regis,
2247 747 2365 768 necnon

1324 775 1470 816 lagnificus
1483 776 1517 807 &
1533 775 1652 820 .N9b¹¹¹⁵
1666 773 1718 805 Vir
1733 775 1919 820 Perdinandus
1942 778 2040 816 Duque
2054 776 2207 816 d’Estrada
2223 775 2365 815 Magister

1296 816 1380 846 Aulae
1393 813 1612 859 &Consiliarius
1625 813 1846 858 Catholicorum
1861 813 2073 846 Altissimorum
2079 814 2364 846 Potentissimorum-

1296 864 1354 892 que
1366 853 1534 899 Principum
1550 852 1676 884 Domini
1690 852 1857 882 Ferdinandi
1871 853 1904 884 ὃς
1918 851 2059 882 Dominae
2071 851 2248 883 Elizabethae
2263 851 2366 893 Castel-

1299 894 1334 924 Iae
1345 917 1354 930 ,
1372 894 1513 929 Legionis,
1531 894 1710 936 Aragqmqn,
1724 891 1822 921 Siciliae
1831 893 2009 934 ,Granatae,
2025 889 2087 925 &a
2107 895 2186 929 Regis
2201 890 2240 926 ὠ·
2254 895 2365 930 Reginae

1300 932 1456 973 Oratores,
1476 930 1701 974 Commissarii,
1716 930 1956 968 Ambasiiatores,
1982 930 2016 961 &
2039 929 2242 962 Procuratores
2259 932 2291 961 in
2309 931 2365 961 hac

1301 978 1378 1010 parte
1395 969 1564 1014 sufficienter
1579 969 1613 999 de
1634 977 1722 1008 utati,
1740 968 1875 1000 Salutem.

1339 1007 1440 1053 Cum,
1458 1017 1528 1038 inter
1550 1017 1607 1051 prae
1622 1016 1698 1038 atum
1721 1006 1934 1051 Serenissimum
1952 1006 2185 1038 Potentissimum
2209 1007 2242 1039 &
2265 1007 2371 1038 Excel-

1300 1047 1482 1078 lentissimum
1505 1045 1669 1091 Dominum
1692 1044 1857 1076 Dominum
1877 1048 2024 1084 Enricum,
2053 1045 2112 1076 Dei
2134 1047 2202 1085 grati
2249 1045 2366 1084 Angliae

1301 1090 1397 1123 Regem
1410 1084 1448 1128 φ’
1464 1085 1610 1114 Dominum
1621 1083 1777 1128 'Hiberniaeq
1793 1083 1832 1119 ὠ·
1847 1085 1999 1129 praedic'ios
2020 1083 2189 1115 catholicos

1301 1123 1568 1170 Potentissimosque
1580 1124 1744 1172 Principes,
1761 1123 1931 1169 Dominum
1945 1122 2147 1153 Ferdinandum
2159 1124 2192 1154 &
2207 1122 2369 1154 Dominam

1303 1161 1503 1193 Elizabetham
1524 1161 1669 1208 Castelzae,
1696 1165 1840 1207 Legionis,
1865 1165 2028 1199 Aragonum
2042 1184 2052 1200 ,
2074 1161 2188 1200 Siciliae,
2214 1164 2370 1201 Granatae,

1301 1201 1362 1236 ὠς.
1381 1199 1528 1245 Regem&
1542 1204 1694 1238 Reginam,
1714 1201 1866 1239 Amicitia,
1884 1201 1988 1239 Unio,
2004 1199 2213 1239 Intelligentia,
2233 1200 2305 1240 Liga
2333 1203 2368 1234 &

1313 1240 1552 1284 Confcederatio,
1570 1249 1619 1277 per
1626 1238 2022 1284 Oratores,C0mmiffarios,
2039 1224 2372 1277 Procuratores,&De-

1304 1288 1418 1326 putatos
1431 1279 1596 1322 Principum
1615 1277 1785 1323 praedicftos,
1801 1288 1831 1322 in
1855 1288 1887 1309 ea
1906 1287 1984 1316 parte
2007 1277 2178 1309 sufficienter
2199 1278 2373 1310 constitutos

1304 1320 1337 1350 ἃ
1363 1321 1570 1363 auctorizatos,
1581 1316 1753 1361 jamdudum
1778 1325 1845 1347 inita
1856 1339 1871 1361 „
1889 1315 2080 1355 concordata,
2095 1317 2129 1348 &
2151 1316 2305 1355 conclusa,
2321 1325 2372 1354 ut,

1305 1367 1354 1401 per
1371 1356 1489 1400 Litteras
1502 1356 1648 1400 Patentes,
1665 1355 1807 1400 utriusque
1824 1355 1965 1394 Principis
1984 1355 2155 1392 Principum
2168 1355 2376 1393 praedictorum

1305 1396 1360 1426 suis
1376 1395 1491 1438 Magnis
1506 1394 1608 1440 Sigillis
1628 1394 1820 1437 sigillatas,'&
1838 1393 1976 1424 Manibus
1995 1393 2046 1423 suis
2068 1395 2188 1431 propriis
2209 1393 2374 1431 subscriptas

1306 1435 1340 1466 ὃ(
1355 1433 1523 1477 subsignatas
1530 1457 1540 1472 ,
1559 1443 1614 1463 una
1625 1442 1694 1476 cum
1703 1432 1887 1476 jurejurando
1894 1432 2061 1463 eorumdem
2070 1455 2080 1470 ,
2088 1431 2236 1462 Ratificata
2246 1433 2279 1464 ὃς
2289 1432 2373 1463 Con-

1307 1472 1415 1517 firmata
1429 1476 1550 1517 ruerint,
1570 1481 1603 1501 ex
1621 1472 1723 1509 quibus
1743 1471 1860 1515 quidem
1883 1471 2038 1508 Amicitia,
2052 1470 2194 1508 Unione,
2220 1470 2306 1510 Liga,
2323 1470 2376 1502 In-

1307 1511 1456 1556 telligentia
1466 1534 1477 1549 ,
1503 1510 1536 1541 &
1553 1509 1808 1553 Conloederatione
1826 1508 1958 1547 quaedam
1982 1508 2058 1546 quasi
2072 1510 2164 1539 innata
2184 1508 2381 1542 Benivolentia

1309 1550 1446 1597 hincinde
1460 1549 1596 1593 haitenus
1613 1556 1755 1591 accrevit,
1773 1549 1852 1595 &in
1868 1547 2072 1593 prmdidtorum
2086 1547 2256 1585 Principum
2269 1547 2378 1579 Cordi-

1310 1589 1362 1619 bus
1382 1589 1454 1618 adeo
1477 1588 1598 1618 radicata
1619 1585 1747 1630 confistit
1766 1586 1866 1624 quod,
1884 1586 1995 1617 Divma
2014 1585 2126 1617 favente
2147 1585 2249 1617 Gratia
2263 1609 2273 1625 ,
2299 1587 2377 1619 nulla

1309 1626 1422 1667 prorsus
1435 1626 1765 1669 Temporumyarietate
1779 1624 1876 1654 Minui
1893 1633 1940 1655 aut
1949 1623 2063 1655 dissolvi
2078 1625 2160 1655 facile
2172 1625 2274 1664 posfiti

1327 1705 1333 1711 ⁶
1350 1664 1489 1709 Cumque
1502 1664 1630 1704 praedidh
1645 1663 1807 1708 Principes,
1822 1663 2076 1693 animadvertentes
2098 1664 2246 1701 praefatam
2261 1664 2377 1696 Amici-

1313 1712 1400 1742 tiam,
1423 1703 1612 1748 Lfn'ionemL
1624 1701 1746 1746 Ligam,
1772 1701 1988 1744 intelligentiam
2024 1701 2057 1731 &
2070 1699 2358 1733 Confoederationem
2378 1707 2381 1709 ’

1313 1743 1334 1774 fi
1349 1743 1495 1782 Sanguinis
1511 1740 1713 1772 necessitudine
1735 1741 1769 1771 &
1792 1739 1966 1770 Liberorum
1979 1723 2197 1776 donjiinstione
2210 1739 2317 1772 Vallata
2332 1726 2380 1772 fo}

1314 1791 1355 1813 ret
1366 1805 1376 1820 ,
1392 1782 1442 1812 lon
1461 1781 1478 1811 e
1492 1779 1649 1810 firmiorem
1664 1778 1894 1815 stabilioremque
1912 1776 1994 1815 poffe
2008 1777 2096 1806 sortiri
2110 1776 2274 1817 Effe&um,
2294 1780 2392 1819 inter‚·

1313 1822 1398 1851 bonae
1412 1830 1421 1850 i
1452 1820 1587 1856 emoriae,
1606 1816 1828 1848 Illustrissimum
1842 1819 2001 1853 Arturum,
2018 1814 2163 1852 quondam
2176 1815 2286 1846 Walliae
2294 1819 2379 1848 Prin-

1314 1863 1413 1898 cipem,
1431 1859 1465 1889 δε
1481 1856 1671 1889 Potentissimi
1686 1859 1764 1892 Regis
1785 1854 1900 1892 Angliae
1923 1853 2054 1892 praediffi
2071 1852 2176 1884 Filium
2197 1853 2298 1886 Primo
2317 1857 2380 1886 eni-

1314 1906 1377 1942 turn
1388 1922 1397 1935 ,
1416 1897 1450 1928 &
1466 1895 1676 1927 Serenissimam
1692 1894 1852 1925 Dominam
1871 1892 2065 1929 catherinam,
2079 1892 2284 1929 praedictorum
2316 1895 2381 1926 nvi-

1314 1937 1507 1968 ctissimorum
1523 1934 1723 1964 Dominorum
1736 1935 1813 1970 Regis
1825 1930 1864 1966 ὠ·
1880 1934 1988 1970 Reginae
2002 1930 2143 1971 Castellae,
2159 1934 2286 1969 Legionis
2316 1931 2370 1969 &c

1314 1975 1414 2005 Filiam
1427 1973 1592 2018 (Jariffimani
1606 1971 1644 2007 &-
1653 1970 1883 2010 Amantiſj'imam
1889 1994 1900 2010 ‚
1912 1969 2160 2001 *Matrimonium
2174 1980 2223 2010 per
2233 1956 2329 2003 Verba
2344 1958 2382 2004 de

1315 2013 1443 2061 praesenti
1456 2011 1591 2057 'contrabi
1612 2009 1819 2050 procurarunt,
1838 2011 1872 2042 &
1892 2011 1922 2040 in
1946 2009 2031 2040 Facie
2051 2008 2186 2041 Ecclesiae
2207 2020 2276 2041 cum
2297 2013 2381 2044 omni

1315 2050 1604 2096 bolempnitatenjuris
1616 2050 1650 2081 &
1666 2049 1724 2080 aliis
1739 2047 1914 2079 Cerimoniis
1930 2049 1962 2078 in
1979 2058 2010 2079 ea
2024 2053 2100 2086 parte
2121 2047 2223 2080 debitis
2237 2049 2272 2080 δε
2286 2052 2384 2089 requi-

1315 2091 1386 2136 sitis,
1399 2091 1477 2130 Juxta
1498 2099 1559 2119 vim
1578 2089 1701 2133 sormam
1722 2088 1756 2119 δε
1772 2084 1911 2118 effeitum
1925 2086 2080 2118 Tractatfis
2102 2087 2135 2118 &
2150 2086 2364 2120 Conventionis

1315 2139 1387 2160 inter
1401 2128 1530 2173 praefatos
1543 2127 1685 2165 Principes
1699 2125 1764 2157 Initi
1779 2126 1812 2157 &
1834 2125 1989 2164 Conclusi,
2007 2126 2113 2157 realiter
2129 2126 2163 2157 &
2182 2136 2253 2158 curn
2273 2113 2383 2161 effecti}

1316 2168 1496 2200 solemnizari
1514 2166 1658 2210 fecerunt,
1677 2166 1711 2198 &
1735 2166 1865 2203 quamvis
1888 2164 2056 2203 praematura
2077 2164 2195 2204 Morte,
2215 2166 2293 2205 quod
2317 2176 2380 2199 non

1316 2208 1374 2239 fine
1389 2207 1501 2251 dolore.
1515 2210 1674 2250 referimus,
1693 2204 1802 2242 praefati
1827 2204 1975 2243 quondam
1994 2206 2125 2242 Principis
2146 2207 2253 2235 Arturi
2277 2207 2381 2244 praedi-

1315 2246 1656 2290 &um'Matrimonium,
1676 2243 1754 2282 quod
1768 2244 1841 2274 inter
1854 2242 1945 2282 ipsum
1961 2244 2112 2281 Principem
2129 2242 2382 2276 &Sereniffimarn

1317 2285 1482 2332 Dominam
1507 2286 1673 2314 Katerinam
1695 2282 1862 2323 praedidiam
1889 2281 2102 2320 contractum,
2125 2280 2310 2314 Celebratum
2345 2286 2381 2317 &

1315 2323 1557 2368 Consummatum
1571 2323 1676 2361 fuerat,
1692 2320 1827 2352 Solutum
1839 2320 1872 2350 sit
1881 2321 1937 2358 ,ob
1951 2320 2115 2360 singularem
2126 2328 2220 2352 tamen
2229 2306 2382 2354 Affeeiio-

1316 2373 1384 2393 nem
1406 2361 1602 2393 incredibilem
1623 2369 1812 2398 mutuumque
1833 2359 1976 2390 Amorem
1989 2383 1999 2397 ,
2023 2369 2082 2398 quo
2123 2360 2210 2391 raefati
2230 2360 2381 2401 Principes

1317 2401 1483 2445 jamdudum
1497 2399 1675 2443 adinvicem,
1695 2407 1753 2439 pras
1765 2399 1873 2428 caeteris
1889 2397 2071 2436 Principibus
2115 2397 2251 2430 hristianis
2286 2399 2381 2431 Colli..

1337 2449 1382 2484 ati·
1393 2449 1475 2477 atque
1496 2438 1584 2469 Uniti
1600 2438 1679 2482 sunt,
1695 2439 1729 2469 &
1747 2436 1782 2468 ad
1801 2436 1984 2475 Amicitiam,
2003 2436 2129 2474 Ligam‚
2143 2424 2366 2476 Intellig’entiam

1355 2487 1472 2508 monem
1486 2499 1504 2524 ‚¹
1525 2476 1720 2514 Affinitatem,
1746 2477 1780 2508 &
1802 2474 2090 2506 Confoederationern
2113 2475 2256 2513 praedictas
2276 2463 2382 2508 Contiss

1317 2516 1455 2554 nuandas,
1476 2514 1700 2560 Lonfqvendas,
1718 2514 1882 2557 Augqndas,
1903 2514 2004 2545 &Am
2027 2513 2182 2552 lificandas,
2198 2524 2231 2545 ac
2239 2518 2382 2554 perpetuo

1321 2555 1535 2599 observandas,
1552 2563 1615 2584 tum
1632 2563 1720 2584 etiam
1734 2554 1775 2584 ob
1789 2552 1872 2588 lpfius
1884 2551 1985 2582 Illustri
2009 2561 2077 2582 irnae
2091 2551 2234 2582 Dominae
2252 2554 2382 2585 cathmi-

1320 2606 1362 2638 nee
1385 2592 1577 2630 Modestiam,
1596 2592 1762 2630 caeterasque
1782 2590 1909 2621 Virtutes
1924 2599 1957 2620 ac
1973 2589 2096 2621 Naturae
2116 2589 2198 2622 dote's
2214 2600 2282 2631 quas
2300 2592 2382 2624 Sere-

1320 2632 1447 2677 niffimus
1461 2634 1522 2661 Rex
1533 2630 1648 2668 Angliae
1663 2631 1692 2660 in
1705 2641 1738 2661 ea
1751 2627 1828 2660 videt
1840 2628 1898 2658 effe
1913 2630 2064 2667 maximas,
2081 2629 2115 2659 &
2150 2639 2193 2660 uae
2203 2630 2281 2662 suam
2298 2632 2382 2662 Sere-

1321 2680 1438 2716 nitatem
1452 2670 1486 2701 ad
1503 2670 1576 2701 hanc
1592 2668 1774 2701 Affinitatem
1790 2666 2001 2700 Renovandam
2022 2668 2056 2700 &
2079 2666 2127 2698 Re
2153 2669 2305 2700 aurandam
2318 2679 2381 2702 ma-

1321 2720 1364 2749 gis
1381 2716 1518 2747 invitant,
2199 2728 2201 2730 -
2380 2703 2384 2707 ”

1349 2746 1570 2791 ,Οοηῇάετεηάο
1585 2755 1718 2792 praeterea
1734 2748 1816 2785 quod
1831 2757 1891 2778 non
1904 2756 1987 2785 parva
2000 2746 2063 2778 sunt
2076 2755 2124 2779 aut
2136 2743 2306 2787 negligenda
2314 2748 2384 2781 Ma-‘J

1321 2795 1451 2817 trimonii
1473 2784 1569 2829 Bona,
1591 2795 1660 2816 cum
1683 2795 1718 2815 ex
1737 2787 1812 2823 boc,
1840 2794 1975 2825 tanquam
2002 2786 2160 2816 Seminario
2183 2786 2365 2825 Reipublicae

1323 2832 1438 2854 manant
1452 2823 1568 2866 Liberi,
1587 2824 1622 2854 N
1624 2833 1639 2852 e
1659 2832 1737 2866 ores,
1752 2823 1917 2862 Posterique
1931 2833 2048 2862 ornnes,
2057 2824 2147 2855 solent
2160 2826 2244 2855 etiam
2259 2836 2308 2865 per
2320 2813 2384 2858 hod

1318 2869 1455 2933 Pbmtuun}
1470 2860 1618 2894 Charitatis
1662 2863 1791 2893 inculurn
1803 2864 1900 2893 omnia
1914 2862 1977 2893 fore
1993 2862 2169 2902 Tranquilla,
2182 2863 2279 2895 Fausta
2293 2871 2378 2904 atque

1364 2913 1376 2933 r
1389 2912 1443 2932 una
1456 2911 1488 2941 a,

1355 2940 1472 2985 Idcirco
1492 2940 1638 2985 Principes
1657 2939 1804 2980 praediffi,
1823 2939 1933 2970 Divina
1954 2940 2066 2971 favente
2089 2934 2208 2979 Gratia,
2225 2932 2306 2972 Moti
2344 2942 2381 2973 ad

1319 2979 1538 3025 OmnipOtentis
1548 2977 1608 3009 Dei
1622 2979 1762 3017 Laudem,
1775 2979 1907 3010 Gloriam
1921 2979 1956 3010 &2
1965 2978 2139 3017 Honorem,
2155 2965 2324 3010 Catholicae'
2331 2980 2383 3011 Fi-

1319 3020 1366 3049 dei
1386 3017 1609 3053 Exaltationem,
1627 3020 1661 3049 ὅ(
1684 3017 1866 3055 Reipublicae
1882 3017 2054 3048 Christianae
2072 3018 2244 3048 Tuitionem
2260 3018 2294 3049 &
2315 3018 2381 3050 De-

1319 3057 1496 3102 fensionem,
1511 3066 1545 3087 ac
1559 3065 1612 3100 pro
1626 3056 1721 3100 Pace,¹
1737 3056 1863 3100 Qiete,
1881 3058 1915 3087 δε
1936 3055 2160 3094 Tranquilitate,
2178 3065 2286 3095 proque
2308 3057 2379 3089 Ma-

1321 3096 1427 3134 loribus
1432 3093 1610 3140 Commodis
1620 3095 1653 3125 &
1666 3094 1844 3125 Utilitatibus
1858 3093 2027 3134 Regnorum
2040 3093 2074 3124 ὅ(
2083 3092 2268 3125 Subditorum
2281 3097 2381 3128 utrius:

1319 3145 1375 3179 que
1390 3134 1528 3203 Prsscipis
1548 3132 1716 3179 PrinCipum
1731 3133 1950 3172 praedictorum,
1967 3129 2040 3163 inter
2062 3131 2280 3164 Illustriffimum
2297 3134 2383 3166 Prin-

1318 3183 1425 3250 ?32521,
1444 3169 2291 3253 &omClouxtsiT-{ZimgssriE}ISKggdrsdthgenlilg‘ilifrlsaeSerfflflciss-‘rff
2301 3176 2381 3250 {Z}

1321 3249 1451 3288 Angliae,
1469 3250 1503 3280 &
1518 3247 1723 3292 Sereniffimam
1746 3248 1912 3284 Principem
1931 3246 2094 3278 Dominam
2114 3247 2292 3279 catherinam
2306 3260 2379 3290 prae-

1319 3289 1442 3334 fatorum
1458 3287 1703 3317 Serenissimorum
1723 3286 1922 3316 Domitiorum
1943 3289 2021 3322 Regis
2045 3285 2084 3321 ὠ·
2105 3289 2222 3324 Reginae'
2236 3287 2360 3326 Castellae
2377 3295 2382 3301 ”

1320 3329 1460 3372 Legionis,
1479 3328 1656 3363 arragonum,
1673 3325 1734 3361 &c.
1751 3324 1849 3354 Filiam
1870 3324 2034 3364 Qartam,
2048 3323 2198 3355 sufficienti
2219 3313 2379 3364 Dispensa2

1321 3375 1445 3408 none-ln
1460 3374 1492 3407 ea
1507 3373 1584 3403 parte
1597 3374 1612 3393 a
1625 3363 1697 3394 Sede
1713 3363 1879 3403 Apostolica
1892 3364 2037 3400 impetrata
2052 3363 2183 3400 primitus
2198 3364 2231 3393 ὃ(
2246 3365 2365 3397 obtenti

1323 3402 1546 3433 Matrimonium
1559 3402 1787 3432 contrahendum
1809 3401 1843 3431 &
1856 3401 2057 3431 celebrandurn
2078 3400 2140 3431 fore
2147 3389 2379 3437 deliberaverim}

1322 3443 1356 3472 &
1372 3441 1575 3485 decreverunt,
1594 3440 1627 3469 &
1641 3440 1683 3482 ob
1698 3449 1763 3469 eam
1785 3448 1843 3470 rem
1865 3439 1982 3468 feliciter
1997 3437 2199 3476 perficiendam
2220 3440 2360 3475 Fecerunt

1323 3478 1515 3514 Ordinarunt,
1533 3478 1566 3508 δε
1581 3475 1796 3519 Constituerunt
1810 3486 1910 3507 eorum
1919 3475 2152 3514 Commissarios,
2167 3467 2377 3512 Procuratores²

1323 3517 1474 3563 Oratores,
1492 3517 1525 3546 &
1549 3514 1684 3558 Nuncios
1707 3515 1849 3558 speciales,
1866 3513 1996 3545 videlicet
2029 3525 2084 3552 pro
2103 3523 2181 3554 parte
2198 3505 2380 3550 Illustrisfimi'r

1320 3558 1399 3593 Regis
1414 3553 1525 3591 Angltae
1533 3553 1674 3596 praedidor
1686 3555 1740 3596 Epi
1753 3561 1823 3594 cppas
1840 3554 1873 3583 &
1888 3538 2076 3583 Guiellesmum
2088 3556 2197 3584 Barons
2214 3555 2377 3588 Custodem

1321 3593 1495 3639 Rottulorum
1512 3591 1695 3637 Cancellariae
1710 3592 1831 3628 ejusdem
1845 3590 1949 3630 Regis,
1965 3592 1999 3622 ὃς
2017 3601 2071 3630 pro
2094 3592 2177 3624 Parte
2191 3595 2378 3633 praefatorum

1320 3635 1397 3669 Regis
1419 3629 1457 3665 ὠ·
1484 3633 1590 3667 Reginae
1610 3628 1756 3673 .C‘²stell¹²,’v
1782 3633 1923 3668 Legionis,
1945 3633 2109 3667 Aragonum
2149 3630 2210 3666 &c.
2228 3634 2378 3671 praes-{itum

1322 3668 1515 3715 Magnificum
1530 3668 1675 3698 Nobilem
1696 3667 1801 3712 Virum
1819 3669 2019 3698 Ferdinandum
2032 3653 2130 3709 Duqu}
2144 3670 2294 3709 d'Eslrada
2309 3671 2378 3702 Ma-

1320 3708 1439 3747 gistrum
1454 3707 1536 3752 Aulae
1550 3707 1583 3737 &
1597 3705 1832 3737 Consiliariorum
1854 3707 2037 3744 praefatorum
2057 3710 2134 3745 Regis
2147 3706 2311 3745 &Regina
2321 3711 2376 3739 Ca-

1317 3746 1418 3788 stelle,
1444 3748 1584 3791 Legionis,
1605 3749 1783 3791 Aragomem,
1797 3744 1860 3788 &a
1885 3755 1954 3776 cum
1975 3744 2128 3776 sufficienti
2142 3747 2318 3777 Authoritate
2342 3751 2378 3781 &-

1320 3784 1461 3830 Potestate
1477 3783 1650 3826 Tractandi,
1668 3783 1887 3821 conveniendi,
1909 3782 2171 3822 Communicandi,
2189 3783 2379 3818 Concordan-

1320 3825 1364 3861 ἀι,
1382 3823 1415 3854 &
1437 3820 1638 3864 Concludendi
1652 3822 1698 3865 ‘de
1724 3823 1757 3853 &
1777 3821 1856 3861 super
1880 3821 2072 3852 Mauimonio
2093 3822 2247 3860 praedieto,
2264 3824 2377 3864 ejusque

1355 3860 1572 3906 ependentibus,
1598 3859 1809 3898 Incidentibus,
1833 3859 2066 3898 Emergentibus,
2081 3861 2115 3890 &
2133 3858 2278 3891 Connexi's
2317 3866 2376 3895 tam

1320 3900 1400 3938 super
1414 3897 1494 3928 Dote
1510 3907 1600 3942 quarn
1610 3899 1690 3936 super
1697 3898 1864 3928 Donatione
1885 3907 1998 3937 propter
2016 3898 2153 3935 Nuptias,
2169 3906 2252 3937 prout
2272 3886 2307 3932 e'x
2323 3912 2376 3934 eo-

1321 3948 1386 3970 rum
1401 3936 1655 3968 Commisfionibus
1668 3936 1776 3977 plenius
1790 3937 1946 3975 apparet&
1961 3938 2137 3973 continetur,
2368 3935 2377 3939 ⁴

2205 1057 2367 1116 aAltisfimos
2419 1106 2422 1108 -

2401 1956 2421 1978 ³⁸
2440 1958 2529 1994 XIII,
