2555 4266
64 289 142 321 Ann.
155 289 200 321 D.

83 338 169 369 1494.

61 374 158 404 amq.

52 1500 128 1534 Anii.
145 1503 185 1536 D.

80 1551 168 1580 1494-

54 1584 106 1607 An.
128 1591 168 1609 io.

51 1623 86 1646 H.
103 1628 129 1653 7.

55 1661 93 1683 Ex
113 1656 185 1691 Orig.

50 1694 72 1712 ⁴
83 1696 155 1724 XIi.

49 1733 117 1768 fia

770 214 882 255 ET
974 220 1240 262 ACTA

220 291 270 323 illis
282 292 560 337 partibus-generales
575 296 660 328 die'tae
674 297 752 330 Sedis
767 303 811 333 vel
829 303 1001 343 Legatorum
1017 307 1076 345 ejus
1093 306 1209 337 Litteras
1224 307 1278 335 i'm·

217 333 364 369 petrarint,
382 340 466 362 etiam
481 338 499 362 ii
517 344 564 372 per
578 346 621 367 eas
635 337 668 367 ad
683 337 900 380 inhibitionem,
920 342 1150 374 Reservationem
1167 346 1200 376 δε
1216 344 1279 374 De-

216 378 328 401 cretum
350 370 394 399 vel
416 371 479 401 alias
496 375 714 410 quomodolibet
729 378 761 409 fit
776 380 961 419 Processiim,
977 391 1043 419 quas
1059 383 1174 420 quidem
1189 384 1279 413 Litte-

215 417 258 438 ras
277 417 310 438 ac
332 407 482 440 Processus
496 410 607 443 habitos
627 423 677 453 per
688 416 795 448 easdem
811 420 843 448 &
861 419 926 449 inde
946 419 1037 449 secuta
1053 430 1231 459 quaecunque
1246 419 1281 451 ad
1318 419 1336 449 d

213 446 324 477 distum
347 446 504 479 Prioratum
526 451 657 482 volumus
678 464 736 484 non
757 455 898 493 Extendi,
916 457 960 486 sed
980 458 1089 488 nullum
1103 469 1152 498 per
1167 460 1224 490 hoc
1241 462 1280 490 eis

211 485 308 521 quoad
329 485 532 518 assecutionem
551 489 758 522 Beneficiorum
780 495 897 525 aliorum
919 496 1116 533 praejudicium
1135 499 1280 534 generari,

213 524 249 554 ὃ(
265 524 434 561 quibussibet
450 528 508 557 aliis
526 527 684 566 Privilegiis
694 553 702 568 ,
719 530 920 570 Indulgentiis,
930 534 963 564 &
979 534 1092 565 Litteris
1107 536 1280 573 Apostolicis

212 562 388 600 generalibus
411 565 453 595 vel
474 565 633 603 specialibus
653 578 879 607 quoruncunque
901 570 1052 602 Tenorum
1078 575 1213 614 existant,
1230 586 1278 613 per

212 608 278 638 quae
294 601 480 634 Praesentibus
491 615 551 634 non
567 606 688 645 expressa
701 607 744 637 vel
758 608 879 638 totaliter
893 619 952 639 non
968 611 1082 651 inserta,
1096 613 1215 643 effeetus
1229 625 1279 645 eo-

213 649 278 670 rum
296 641 426 677 impediri
441 642 527 674 valeat
548 644 764 682 quomodolibet
780 647 824 677 vel
843 647 967 686 differri,
987 651 1020 681 ὃς
1035 651 1070 682 de
1087 653 1186 688 quibus
1206 663 1279 690 quo-

213 688 337 717 rumque
352 682 416 711 totis
427 680 589 712 Tenoribus
602 682 638 711 de
649 684 739 712 verbo
758 684 792 713 ad
809 687 927 716 verbum
942 688 1066 719 habenda
1086 690 1118 720 sit
1134 692 1163 720 in
1179 691 1279 722 nostris

214 717 330 748 Litteris
351 720 459 750 mentio
476 720 612 758 specialis,
633 720 700 750 Nos
713 723 791 752 enini
813 733 925 755 exnunc
947 725 1060 757 Irritum
1086 727 1278 761 Decernimus

215 758 249 788 Sc
272 756 359 788 Inane
376 758 395 788 si
413 758 491 787 secus
505 757 586 796 super
604 759 655 787 hiis
669 769 683 788 a
697 769 840 799 quoquam
859 764 955 803 quavis
973 766 1151 798 Aufiloritate
1163 768 1279 800 scienter

212 795 258 826 vel
280 796 437 834 ignoranter
455 797 608 832 contigerit
619 801 784 835 attemptari.

252 834 321 865 Dat.
340 838 430 864 Romae
448 834 522 872 apud
536 837 664 864 sanarum
685 839 812 876 Petrum,
837 839 925 871 Anno
944 841 1147 875 Incarnationis
1169 845 1278 877 Domi-

212 873 286 902 nicae
307 873 473 910 MillesimO,
492 873 788 915 Qiadringentesimo,
808 877 1006 916 Nonagesimo
1025 882 1147 922 Quarto,
1164 885 1278 924 Quarto

213 910 299 941 Non.
320 910 468 941 Octobris.
485 910 677 944 Pontificatus
692 915 781 945 nostri
797 917 885 948 Anno
901 918 1015 949 Tertio.

695 990 731 1022 L.
758 992 1116 1028 Pooocariiaaus.

688 1067 729 1098 R.
755 1078 803 1099 DE
831 1070 1098 1104 VULTERRIS.

368 1139 424 1172 Ar.
435 1151 452 1172 E
462 1150 480 1171 x
489 1150 508 1171 A
518 1150 541 1172 N
551 1152 597 1174 ni:
609 1152 630 1174 R
649 1145 727 1183 Papa
747 1150 854 1178 Sextus.

798 1224 851 1254 Sub
868 1225 932 1256 Filis
950 1226 1110 1257 Cannabeis.

230 1365 282 1396 De
306 1360 394 1393 Bulla
419 1363 595 1394 Prioramm
628 1357 782 1402 Lnffi’ldiae
806 1359 1036 1405 Supprimendo,
1061 1364 1097 1398 (J
1124 1362 1248 1410 Collegit»

541 1409 586 1441 W
583 1406 718 1452 indcssrae
742 1407 943 1441 Annexando.

207 1493 419 1546 ALexander
442 1491 602 1531 Epifiopus,
621 1491 723 1522 Servus
739 1491 894 1523 Servorum
911 1492 986 1531 Dei,
1003 1493 1037 1524 ad
1051 1502 1215 1532 perpetuam
1232 1497 1272 1526 rei

331 1542 460 1561 moriam.

242 1543 411 1609 Inigxidmm
438 1570 521 1599 nobis
540 1568 655 1606 desuper
676 1567 854 1606 Apostolicae
867 1569 1014 1600 Servitutis
1028 1570 1272 1615 Officium-men-

207 1615 266 1638 tem
289 1609 415 1640 nostram
437 1609 539 1638 excitat
561 1609 594 1639 &
614 1607 739 1644 inducit,
756 1615 786 1636 ut
805 1607 839 1637 ad
861 1617 911 1645 ea,
930 1619 980 1646 per
1002 1619 1065 1646 quae
1080 1609 1271 1642 Eccleiiarum

205 1649 359 1686 omnium,
379 1647 531 1685 praesertim
548 1644 791 1683 Collegiatarum,
806 1655 922 1676 necnon
939 1646 1130 1684 Capellarum,
1146 1650 1180 1680 δε
1195 1650 1271 1681 Hos-

205 1686 333 1722 pitalium
351 1691 365 1703 ‘
381 1684 587 1716 neceffitatibus
604 1684 688 1714 valeat
705 1685 866 1723 provideri,
883 1695 1020 1723 quantum
1035 1696 1102 1716 cum
1120 1687 1188 1718 Deo
1204 1699 1271 1726 pos—

204 1724 299 1754 sumus
332 1724 456 1764 operosis
471 1722 565 1752 studiis
579 1723 613 1753 &
629 1722 757 1752 remediis
772 1722 959 1754 favorabiliter
972 1726 1155 1756 intendamus.

241 1747 315 1793 Sanc}
338 1773 390 1803 pro
413 1771 489 1800 parte
504 1759 648 1791 Car-iffirni
661 1762 690 1790 in
706 1760 823 1791 Christo
841 1762 902 1792 Filii
919 1763 1006 1793 nostri
1023 1766 1137 1794 Henrici
1155 1765 1269 1803 Angliae

201 1804 279 1839 Regis
297 1802 412 1833 lllustris
434 1800 534 1831 Nobis
553 1809 639 1836 nuper
657 1799 779 1829 exhibita
799 1799 902 1830 Petitio
918 1803 1096 1840 continebat,
1113 1804 1192 1841 quod
1211 1805 1271 1841 ipse

200 1841 238 1871 de
266 1842 378 1879 propria
397 1840 490 1870 Salute
512 1839 684 1876 recogitan3‚
714 1840 831 1875 cupiens
853 1839 978 1870 Terrena
1003 1841 1032 1871 in
1055 1841 1210 1879 Coeiestia,
1236 1845 1269 1874 ὃς

199 1880 376 1910 Transitoria
396 1879 426 1908 in
449 1876 570 1907 AEterna
594 1876 668 1906 felici
689 1878 869 1907 commercio
891 1888 1087 1918 commutare,
1107 1881 1152 1917 pia
1171 1881 1271 1912 duetus

201 1918 388 1955 Devotione,
406 1915 544 1954 quandam
566 1913 713 1952 Capellam
736 1925 804 1946 cum
831 1916 886 1946 una
910 1916 1058 1954 Cantaria,
1078 1919 1128 1949 sub
1145 1918 1268 1951 Invoca-

201 1959 281 1988 tione
304 1957 393 1987 Beatae
420 1955 521 1984 Mariae
545 1952 684 1991 Virginis,
702 1963 768 1983 cum
786 1954 934 1985 sufficienti
951 1966 1073 1986 numero
1089 1957 1265 1988 Presbitero-

200 2006 267 2026 rum
304 2005 367 2033 quae
393 1994 462 2023 inibi
481 2002 532 2031 pro
549 1993 665 2022 Animae
681 1992 736 2022 suae
751 1992 842 2023 Salute
860 1993 1000 2024 celebrare
1012 2004 1173 2035 teneantur,
1192 1998 1265 2033 juxta

200 2021 356 2065 Ecclesiam
375 2033 564 2069 Collegiatam
581 2030 676 2061 Sanc‘ti
692 2029 828 2069 Georgii,
848 2032 937 2069 Opidi
953 2033 1154 2077 Windesorae,
1172 2035 1265 2066 Sires-

199 2074 326 2104 birienfis
342 2071 499 2107 Dioecefis,
520 2079 552 2100 ac
571 2079 659 2099 unum
672 2069 817 2107 Hospitale
832 2071 860 2100 in
878 2071 957 2101 dicto
972 2071 1072 2109 Opido
1086 2082 1139 2111 pro
1155 2073 1266 2118 Paupe-

199 2114 279 2143 ribus
315 2113 349 2143 &
373 2111 431 2141 aliis
455 2108 654 2139 miserabilibus
680 2107 806 2138 Personis
825 2110 858 2138 ad
879 2110 948 2140 illud
968 2120 1019 2147 pro
1033 2119 1161 2155 tempore
1176 2113 1265 2143 decli-

197 2136 333 2182 nanrissus
364 2150 391 2178 in
409 2149 458 2179 illis
477 2147 676 2184 Recipiendis,
697 2145 914 2186 Consovendis,
931 2150 964 2180 δε
979 2149 1108 2187 Alendis,
1127 2150 1162 2181 de
1178 2150 1263 2183 Bonis

198 2200 254 2229 pro
268 2191 320 2219 riis
336 2173 453 2218 sundare
468 2187 499 2217 δε
516 2185 654 2216 aedificare
671 2187 817 2233 proponit.
850 2228 853 2232 .
878 2227 882 2232 .
1004 2229 1007 2233 Ι
1123 2230 1126 2234 Ι
1161 2231 1165 2235 .
1227 2232 1232 2236 .

238 2200 348 2258 xferurn
365 2229 383 2256 si
399 2228 541 2255 Prioratus
555 2225 586 2253 de
602 2223 765 2262 Lvsfela'ra,
784 2223 896 2253 Ordtnts
913 2227 1007 2255 Sanc'lz
1023 2226 1175 2266 Benedtft'r,
1192 2231 1261 2258 Lm-

198 2265 335 2307 colnienfis
354 2263 494 2304 Dioecefis,
514 2264 564 2302 qui
582 2262 618 2292 de
627 2262 695 2300 Jure
713 2262 880 2293 Patronatsis
893 2266 971 2308 Regii·
991 2264 1103 2302 Angliae
1123 2276 1174 2310 pro
1190 2276 1261 2298 tem-

219 2315 268 2335 ore
290 2304 430 2335 existentis
454 2302 558 2339 existit,
578 2302 610 2332 ὃς
633 2303 659 2330 in
674 2300 742 2331 loco
757 2301 864 2332 deserto
878 2302 1063 2341 constitutus,
1082 2305 1114 2335 ὃς
1128 2315 1156 2334 in
1173 2315 1232 2343 quo
1248 2318 1263 2337 a

196 2315 290 2381 longo
305 2352 434 2380 tempore
450 2342 520 2371 citra
533 2350 594 2370 nori
609 2340 824 2378 consueverunt,
843 2340 892 2370 nisi
903 2351 970 2370 unus
987 2343 1065 2371 Prior
1083 2353 1140 2372 cum
1155 2344 1265 2375 Duobus

197 2382 359 2418 Monachis,
379 2382 429 2419 qui
452 2381 538 2410 etiam
561 2379 590 2408 iri
614 2378 696 2409 didio
719 2377 847 2409 Prioratu
868 2379 1075 2410 Profeffionem
1097 2391 1157 2411 non
1182 2384 1264 2413 emit-

197 2429 262 2451 tunt
298 2421 436 2455 habitare,
455 2419 533 2456 cujus
556 2417 711 2447 Strueiurae
732 2418 765 2448 ὅ(
783 2416 915 2448 AEdisicia
926 2418 1035 2462 incuria
1050 2420 1082 2450 &
1098 2420 1263 2459 negligentia

197 2444 304 2491 Prioiis
326 2459 359 2490 ὃ(
381 2456 597 2488 Monachorum
620 2455 842 2494 praedidiorum,
862 2457 897 2487 ad
923 2466 1076 2487 maximam
1091 2459 1125 2489 δε
1138 2462 1211 2497 pene
1228 2462 1264 2490 ir-

196 2498 381 2537 reparabilem
400 2495 527 2527 Ruinam
549 2494 740 2531 devenerunt,
759 2495 885 2533 illiusque
900 2494 984 2538 Ordo
998 2497 1031 2527 &
1049 2496 1264 2539 Dependentia,

198 2536 275 2575 siqua
297 2536 328 2566 sit
363 2545 395 2565 ac
417 2534 557 2571 Nomen,
573 2533 617 2562 seu
641 2532 769 2573 Dignitas
790 2533 913 2571 Prioris,
933 2536 951 2563 ii
977 2533 1182 2567 Conventualis
1206 2539 1262 2568 exi-

198 2575 252 2606 stat
288 2559 399 2613 pen’irus
420 2573 679 2612 supprimerentur,
706 2571 738 2602 &
761 2571 1013 2611 Extinguerentur,
1039 2574 1162 2611 illiusque
1183 2575 1263 2606 Stru-

200 2599 289 2644 &ur'ae
326 2612 480 2647 AEdificia,
497 2611 530 2641 &
558 2609 634 2640 Bona
653 2611 749 2639 omnia
766 2609 876 2641 Mensae
892 2610 1047 2649 Capitulari
1060 2612 1147 2643 dierae
1164 2612 1262 2644 Eccle-

201 2652 248 2683 siae
268 2637 366 2682 sciuisti
385 2650 506 2688 Georgii
524 2659 576 2686 pro
597 2648 816 2678 Neceffitatibus
833 2673 843 2687 ‚
865 2649 989 2690 Capellae
1004 2673 1013 2688 ‚
1037 2650 1179 2681 Camariae
1194 2676 1202 2690 ,
1230 2655 1263 2685 &

201 2690 372 2729 Hospitalis,
391 2698 424 2719 ac
439 2690 524 2719 etiam
540 2686 650 2717 Mensae
662 2687 867 2724 predictorum
886 2693 1023 2726 perpetuo
1039 2689 1264 2735 Applicarentur,

199 2729 474 2769 Appropriarentur,
494 2726 526 2756 &
552 2725 781 2764 Affignarentur,
800 2736 834 2756 ex
853 2727 911 2757 hoc
932 2728 1066 2767 profecto
1080 2728 1264 2760 Neceffitati-

200 2768 252 2797 bus
274 2767 403 2805 Mensae,
421 2765 564 2805 Capellae,
579 2766 612 2797 ὃς
627 2764 778 2803 Hospitalis
798 2765 1000 2804 praedietorum
1018 2767 1174 2807 plurimum
1191 2778 1264 2799 con-

195 2806 335 2883 ωὲἓιᾞνὲ
348 2853 401 2880 pro
413 2852 490 2881 parte
504 2841 618 2881 ejusdem
635 2844 728 2878 Regis,
746 2841 885 2873 afferentis
900 2842 1035 2879 Fru&u8,
1054 2843 1210 2883 Redditus,
1229 2846 1262 2876 ὃς

194 2881 355 2914 Proventus
379 2881 450 2912 dieti
472 2879 615 2910 prioratus
635 2879 835 2910 Ducentorum
860 2882 893 2912 &
913 2881 1059 2925 Sexaginta
1076 2882 1261 2914 Florenorum

196 2922 268 2953 Auri
289 2921 324 2951 de
337 2918 479 2957 Camera,
496 2918 650 2948 secundum
666 2927 854 2948 communem
868 2927 1103 2964 extimationem,
1123 2921 1260 2953 Valorem

194 2961 336 2991 Annuum
361 2969 420 2989 non
446 2956 579 2987 excedere
595 2979 604 2994 ‚
631 2955 732 2986 Nobis
757 2957 808 2987 fuit
834 2957 977 2988 humiliter
1002 2959 1204 2998 supplicatum,
1232 2971 1262 2991 ut

194 2991 374 3035 Prioratum,
393 2996 552 3033 Ordinem,
570 2995 811 3033 Dependentiam,
829 2996 862 3025 &
880 2995 1069 3035 Dignitatem,
1089 3008 1122 3028 ac
1137 2999 1260 3029 Nomen

195 3038 301 3068 Prioris
318 3036 475 3073 hujusmodi
490 3035 598 3072 penitus
611 3034 813 3072 Supprimere,
831 3035 865 3065 &
880 3034 1068 3075 Eittinguere,
1086 3046 1119 3066 ac
1135 3037 1260 3081 Strusitu-

193 3085 235 3107 ras
271 3075 424 3113 AEdificia,
442 3075 474 3104 &
499 3073 578 3103 Bona
599 3072 734 3109 praedieia
752 3072 846 3103 eidem
863 3072 972 3117 Mensae
988 3075 1261 3122 perpetuoxUniren,

193 3100 374 3151 An'nedlaere,
393 3113 426 3144 &
447 3112 648 3150 Incorporare,
667 3110 783 3148 aliasque
797 3112 826 3141 in
840 3110 989 3143 Praemisfis
1006 3122 1148 3151 oportune
1165 3125 1262 3152 provi-

195 3153 263 3184 dere
276 3153 310 3184 de
326 3151 500 3191 Benignitate
515 3151 539 3180 Α
561 3149 683 3179 ostolica
696 3149 886 3188 dignaremur.

234 3192 304 3223 Nos
317 3191 416 3230 igitur,
435 3191 483 3228 qui
496 3189 533 3219 du
555 3188 605 3218 um
620 3189 692 3218 inter
709 3189 760 3219 alia
773 3188 917 3219 voluimus
928 3189 1010 3227 quod
1026 3189 1154 3220 Petentes
1169 3190 1260 3223 Bene-

194 3229 258 3260 ficia
275 3229 467 3260 Ecclesiastica
480 3228 540 3259 aliis
554 3227 645 3264 unii-i,
663 3235 822 3257 tenerentur
838 3229 994 3272 exprimere
1007 3238 1107 3273 verum
1124 3228 1259 3260 Valorem

194 3269 353 3300 secundum
377 3276 566 3297 communem
586 3266 798 3296 extimationem
823 3265 933 3310 Valoris
952 3267 1048 3297 Anntii
1066 3277 1151 3297 etiam
1169 3267 1257 3300 Bene-

194 3307 256 3338 ficii
278 3308 324 3338 cui
340 3306 413 3336 aliud
431 3306 501 3335 uniri
517 3313 668 3342 peteretur,
687 3305 811 3342 alioquin
828 3304 912 3335 Unio
927 3315 986 3335 non
1001 3306 1122 3343 valeret,
1140 3306 1177 3350 &¹
1188 3307 1257 3338 seni-

193 3355 244 3385 per
258 3344 463 3376 inUnionibus
475 3342 653 3373 Commiffio
667 3342 794 3373 fieretsad
808 3352 896 3381 partes
907 3344 1014 3373 vocatis
1030 3353 1152 3382 quorum
1169 3354 1256 3376 inter-

192 3385 263 3416 eflet
285 3383 370 3414 dietae
392 3382 502 3413 Mensae
519 3381 694 3418 Fructum,
715 3380 915 3420 Reddituum‚
934 3382 966 3412 ὃς
989 3381 1256 3427 proventuum-ve-

191 3429 260 3454 rum
281 3422 418 3453 Valorem
444 3421 579 3451 Annuum
599 3419 734 3458 ipsiusque
747 3418 889 3450 Prioratsis
901 3420 1055 3459 Qialitates
1071 3421 1258 3466 Praesentibus

191 3471 248 3500 pro
265 3460 393 3501 expreffis
405 3460 554 3497 habentes,
569 3458 731 3497 hujusmodi
746 3458 1004 3503 Supplicationibus
1020 3461 1158 3503 inclinati,
1174 3460 1256 3506 Prio-

193 3508 286 3530 ratum
296 3497 692 3538 ,Dependentiam,illiusque
702 3496 825 3528 Nomen
840 3508 872 3528 ac
889 3497 1070 3545 Dignitatem
1086 3499 1256 3543 hujusmodi,

191 3538 372 3568 Auctoritate
387 3536 554 3575 Apostolica
569 3536 689 3566 Tenore
703 3535 885 3566 Praesentium
902 3541 1012 3575 penitus
1027 3537 1256 3583 bupprrriiimus,

192 3576 228 3607 &
242 3575 456 3614 Extinguimus,
474 3585 589 3605 necnon
604 3575 776 3613 StruCturas,
786 3574 937 3612 AEdisicia,
956 3575 989 3605 &
1002 3574 1080 3605 Bona
1095 3576 1255 3614 hujusmodl

192 3615 287 3645 eidem
308 3613 418 3644 Mensae
433 3615 570 3651 perpetuo
586 3613 784 3650 Applicamus:
805 3612 846 3643 lta
863 3613 961 3656 quod,
979 3612 1108 3644 Cedente
1128 3616 1172 3657 vel
1192 3615 1255 3645 De-

191 3653 310 3683 cedente
328 3652 452 3681 moderno
467 3651 533 3680 diali
554 3651 698 3680 Prioratris
717 3654 826 3688 Priore,
843 3652 887 3681 seu
904 3650 1065 3695 Prioraturri
1085 3653 1252 3689 pi-aedietum

188 3692 253 3722 alias
276 3690 494 3730 quomodolibet
514 3689 686 3720 Dimittente
699 3712 709 3725 ,
733 3689 813 3719 liceat
836 3688 958 3719 Diieeiis
979 3689 1054 3720 Filiis
1076 3690 1198 3734 Decano
1220 3692 1253 3722 &

191 3729 329 3769 Capitulo
350 3728 436 3758 dietae
459 3726 593 3757 Ecclesiae
607 3727 704 3758 Sancti
719 3727 857 3770 Georgii,
875 3736 924 3770 per
939 3727 991 3767 Se,
1011 3729 1053 3759 v'el
1074 3729 1188 3767 Alium,
1207 3730 1250 3761 seu

190 3769 275 3800 Alios
313 3765 502 3803 Corporalem
525 3765 750 3802 Strudmrarum,
770 3763 971 3794 AEdificiorum
992 3766 1024 3796 ὃ(
1041 3767 1185 3797 Bonorum
1201 3768 1254 3798 hu-

187 3791 313 3846 jusmo’di
326 3803 532 3836 Poiseffionem
545 3802 660 3840 propria
676 3803 851 3833 Auctoritate
865 3803 951 3846 libere
965 3803 1210 3849 Apprehendere,
1221 3817 1253 3836 ac

191 3847 222 3875 in
245 3845 355 3875 Mensae
394 3841 535 3880 Capellae,
555 3840 713 3878 Cantariae,
731 3842 764 3880 ᾧ(
788 3841 940 3878 Hospitalis
961 3844 1161 3888 praedictorum
1176 3849 1252 3889 ulus,

193 3868 397 3922 utilitatemque
416 3880 612 3917 Convertere,
630 3878 794 3909 Dioecesani
817 3879 875 3908 loci
896 3881 930 3911 &
944 3881 1064 3918 cujusvis
1077 3883 1185 3913 alterius
1203 3883 1253 3913 Li-

193 3921 288 3952 centii
301 3923 379 3959 super
395 3921 452 3951 hoc
471 3919 591 3948 minime
605 3917 744 3954 requisita,
759 3917 910 3947 Transsatis
924 3927 1017 3949 tamen
1033 3921 1126 3950 Priore
1143 3923 1176 3952 &
1190 3924 1252 3964 Ma-

192 3959 286 3989 machis
318 3962 347 3990 in
368 3959 448 3990 dieto
469 3956 598 3987 Prioratu
621 3955 803 3994 degentibus,
822 3955 855 3985 ad
875 3957 924 3985 alia
949 3956 1028 3986 Loca
1052 3959 1119 3988 όίξίὶ
1137 3959 1252 3990 Ordinis

191 3982 363 4035 Reguii'iria,
382 3998 415 4029 ὃς
439 3995 584 4031 Affignatis
602 3995 657 4032 εἰς,
672 3995 763 4032 quoad
777 3994 915 4037 vixerint,
935 3994 970 4024 de
985 3994 1152 4039 Frudtibus,
1171 3997 1253 4028 Red-

190 4027 295 4068 ditibus
320 4037 353 4067 ὃς
365 4035 553 4067 Proventibus
569 4033 743 4070 hujusmodi,
763 4031 944 4062 pensionibus
962 4033 1071 4064 Annuis
1085 4043 1255 4073 competen-

189 4076 266 4107 tibus
288 4083 338 4112 per
363 4074 438 4106 Loci
458 4073 662 4109 ordinarium,
679 4080 712 4102 ex
736 4071 834 4109 quibus
849 4070 875 4102 se
893 4072 1052 4104 commode
1074 4074 1181 4107 valeant
1196 4074 1251 4113 susf

194 4122 300 4148 tentare
304 4134 310 4141 .

1325 218 1357 257 P
1397 224 1440 266 [J
1478 228 1509 269 Β
1546 229 1580 270 L
1616 231 1637 273 I
1674 235 1796 279 (].A.
2313 261 2366 305 77

1354 306 1429 340 Non
1447 313 1622 348 obstantibus
1639 319 1792 353 Voluntate
1805 323 1898 356 nostra
1911 325 2056 367 Praedieta,
2073 338 2107 361 ac
2117 330 2175 362 aliis
2189 331 2366 375 Apostolicis,
2392 367 2400 372 ,

1317 354 1430 377 necnon
1443 351 1536 393 'bonae
1560 360 1704 388 memoriae
1725 363 1835 391 Odoni's
1848 364 1880 393 δί
1895 366 2025 396 Οέῗοὸοηὶ

1319 383 1491 434 Apostolicae
1513 392 1589 436 Sedis
1608 395 1800 436 Legatorum,
1820 399 1847 429 in
1866 401 2089 437 provincialibus
2103 418 2217 447 quoque
2230 410 2261 440 ὅ(
2279 413 2368 452 Syno—

1339 422 1425 452 alibus
1442 425 1579 473 Conciliis
1590 433 1668 464 editis
1684 438 1857 471 generalibus
1872 441 1915 469 vel
1931 441 2092 479 specialibus
2106 445 2374 489 Constitiit‘ioiiibus,

1317 458 1350 488 &
1375 459 1623 511 Ordmanombus,
1643 473 1753 504 Statutis
1767 486 1881 515 quoque
1897 480 1930 509 δε
1945 479 2200 515 Consuetudinibus
2216 486 2374 527 prioratus,

1317 497 1350 541 ὃς
1376 497 1492 542 Ordinis
1512 506 1727 553 praedictorum,
1745 512 1929 554 juramento,
1949 517 2192 561 confirmatione,
2211 526 2254 555 vel
2276 526 2374 564 quavis

1317 534 1474 583 Firmitate.
1484 541 1698 590 aliaroborattis,
1717 554 1860 583 contrariis
1872 557 2090 596 quibuscunque.
2131 562 2187 593 Aut
2201 563 2218 593 ii
2233 564 2316 602 aliqui
2330 565 2377 595 su-

1317 583 1366 613 per
1388 575 1600 625 Proviiionibus
1614 585 1664 614 libi
1679 588 1809 619 iaciendis
1824 591 1860 621 de
1875 593 2043 626 Prioratibus
2059 598 2216 636 hujusmodi
2232 602 2373 641 speciales,

1320 613 1363 656 vel
1381 615 1440 646 aliis
1456 615 1601 649 Beneficiis
1614 621 1814 665 Ecclesiasticis
1828 630 1856 658 in
1873 631 1923 660 illis
1937 635 2058 669 partibus
2070 638 2208 674 generales
2222 640 2307 671 dit-“tae
2321 641 2372 671 Se-

1316 650 1436 698 d¹⁵³.V.‘³.¹
1458 655 1632 696 Legatorum
1649 671 1707 698 ejus
1729 662 1844 695 Litteras
1865 668 2055 710 impetrarint,
2071 675 2175 706 etiamsi
2193 688 2240 714 per
2261 680 2370 710 easdem

1317 688 1537 734 inhibitionem,
1559 696 1790 731 Reservationem
1800 725 1809 740 ,
1829 704 1861 733 &
1878 711 1889 720 *
1902 706 2055 740 Decretum
2070 713 2114 742 vel
2132 715 2194 744 alias
2208 718 2371 754 quomodo-

1315 727 1384 760 libet
1407 731 1438 762 sit
1456 732 1643 774 Proceffum,
1658 748 1724 776 quas
1745 741 1860 778 quidem
1877 743 1980 775 Literas
1995 749 2026 777 ὃς
2043 748 2191 782 Proceii'us
2204 754 2312 786 habitos
2325 765 2373 793 per

1315 768 1442 808 easdem,
1459 772 1491 802 ὃς
1515 774 1580 804 inde
1593 774 1686 807 secuta
1702 787 1879 817 quaecunque
1893 781 1927 811 ad
1945 783 2053 815 dictum
2072 788 2230 821 Prioratum
2243 794 2374 824 volumus

1316 816 1376 837 non
1398 810 1526 849 extendi,
1545 813 1590 843 sed
1615 815 1724 845 nullum
1738 827 1786 855 per
1802 817 1859 848 hoc
1872 820 1910 849 eis
1925 823 2017 857 quoad
2035 824 2244 860 Assecutionem
2262 831 2373 863 Priora-

1316 853 1398 888 tuum
1415 848 1460 878 seu
1484 848 1693 884 Beneficiorum
1708 855 1827 887 aliorum
1843 856 2042 895 praejudicium
2057 868 2194 904 generari,
2212 869 2244 898 ὃς
2259 871 2375 907 quibus-

1316 883 1386 927 libet
1406 886 1464 917 aliis
1476 887 1649 931 privilegiis,
1667 892 1862 933 Indulgentiis,
1879 896 1912 926 ὃ(
1927 897 2042 928 Litteris
2057 901 2242 944 Apostolicis,
2261 916 2374 946 genera-

1316 921 1388 953 libus
1411 925 1450 969 &.
1467 927 1644 969 specialibus,
1658 941 1895 974 quorumcunque
1918 936 2070 968 Tenorum
2093 941 2220 979 existant,
2239 954 2287 982 per
2309 957 2373 984 quae

1316 959 1502 1007 Praesentibus
1521 977 1580 997 non
1594 970 1735 1008 expressa,
1752 972 1795 1001 vel
1811 973 1931 1003 totaliter
1946 984 2004 1005 non
2020 977 2115 1008 inserta
2125 1003 2132 1016 ,
2149 980 2263 1012 effedms
2277 994 2372 1015 earum

1315 1001 1452 1046 impediri·
1463 1004 1551 1035 valeat
1569 1009 1790 1046 quomodolibet
1805 1012 1848 1042 vel
1863 1012 1969 1042 differri
1979 1035 1988 1050 ,
2007 1015 2039 1045 &
2054 1016 2090 1046 de
2103 1018 2221 1056 quibus,
2238 1031 2373 1059 quorum-

1315 1047 1374 1106 qup'
1401 1049 1466 1071 totis
1490 1042 1655 1077 Tenoribus
1675 1047 1804 1079 habenda
1828 1050 1859 1080 fit
1883 1051 1912 1080 in
1937 1051 2036 1083 nostris
2057 1054 2169 1086 Litteris
2187 1061 2295 1090 mentio
2315 1062 2374 1098 spe-

1313 1085 1356 1106 cia
1368 1087 1397 1107 is.

1354 1114 1472 1149 Proviso
1496 1120 1576 1158 quod
1601 1121 1694 1154 dicius
1722 1124 1862 1156 Prioratus
1887 1137 2033 1165 propterea
2054 1131 2086 1161 ad
2111 1131 2275 1171 Prophanos
2300 1136 2375 1170 Usus

1316 1163 1376 1183 non
1396 1157 1550 1198 redigatur,
1568 1160 1611 1190 sed
1625 1163 1653 1191 in
1668 1163 1736 1193 illius
1748 1164 1872 1195 Ecclesia
1887 1166 1985 1197 Miffae
2004 1169 2145 1200 interdum
2161 1173 2346 1206 celebrentur.

1337 1192 1420 1235 „Nos
1443 1199 1520 1227 enim
1540 1208 1652 1230 exnunc
1675 1200 1788 1232 Irritum
1803 1204 1979 1236 decernimus
1995 1208 2027 1238 ὅ(
2050 1208 2151 1247 Inane,
2170 1211 2189 1241 si
2202 1212 2278 1243 secus
2294 1215 2373 1252 super

1314 1229 1366 1261 hiis
1379 1243 1394 1262 a
1410 1243 1551 1278 quoquam
1569 1239 1664 1276 quavis
1678 1241 1853 1273 Auc‘torirate
1866 1243 1983 1275 scienter
1999 1246 2042 1277 vel
2053 1248 2211 1286 ignoranter
2226 1254 2374 1292 contigerit

1311 1278 1477 1309 attemptari.

1350 1308 1384 1338 N
1388 1310 1524 1354 ulli-ergo
1535 1316 1658 1346 omnino
1676 1316 1841 1349 Hominum
1856 1320 1935 1351 liceat
1950 1322 2023 1353 hanc
2038 1323 2172 1363 paginam
2190 1327 2292 1358 nostrae
2300 1329 2373 1367 Sup-

1313 1347 1476 1391 prelsionis,
1502 1351 1706 1394 Extineffionis,
1727 1357 1951 1397 Applicati'onis,
1966 1362 2225 1404 Appropriationis,
2245 1367 2373 1407 Affigiia-

1311 1394 1413 1424 tionis,
1430 1388 1462 1418 &
1482 1389 1700 1424 Constitutionis
1722 1395 1888 1435 infringere,
1905 1399 1966 1428 &c.

1348 1423 1458 1455 Datum
1473 1431 1562 1458 Romae
1575 1432 1649 1468 apud
1659 1435 1786 1462 Sanft'um
1802 1437 1912 1466 Petrum
1921 1459 1929 1474 ,
1946 1437 2035 1469 Anno
2049 1438 2250 1472 Incarnationis
2264 1443 2374 1475 Domi-

1312 1463 1386 1492 nicae
1405 1464 1575 1511 Millelimo,
1595 1470 1902 1511 Quadringentesimo,
1923 1475 2122 1516 Nonagesimo
2137 1490 2252 1520 quartO,
2271 1492 2371 1522 quarto

1312 1500 1398 1532 Non.
1416 1502 1568 1544 Octobris,
1586 1507 1771 1541 pontificatus
1785 1512 1874 1542 nostri
1890 1513 1979 1545 Anno
1994 1518 2085 1547 tertio.

1792 1587 1827 1618 L.
1851 1588 2214 1626 PoDocATHARUs.

1791 1663 1831 1694 R.
1860 1674 1909 1696 DE
1935 1665 2212 1702 VULTERRIS.

1619 1742 1674 1772 Sub
1690 1742 1756 1774 Filis
1764 1743 1857 1783 [bricis
1871 1746 1946 1777 rubei
1964 1752 2093 1790 croceique
2106 1750 2213 1781 Colorit.

1803 1791 1814 1801 .

1307 1859 1498 1908 [induigentia
1522 1864 1612 1896 Scalae
1638 1867 1711 1898 Coeli
1733 1878 1786 1913 pro
1805 1869 1923 1914 Capella
1945 1873 2036 1917 Regia
2053 1872 2266 1917 nA-Jdificanda
2284 1880 2314 1908 in
2333 1890 2369 1910 ra

1654 1916 1817 1962 Collegium
1845 1917 2022 1966 IVyndeftre.

1451 1996 1608 2036 Registrata
1622 2000 1694 2039 apud
1711 2010 1759 2031 me
1784 2001 1822 2031 L.
1846 2001 2219 2039 PonocATHARuM.

2461 340 2514 375 .D

2040 368 2109 398 olim
2127 371 2154 399 iii
2170 370 2246 401 dieto
2265 373 2367 413 Regno
2416 370 2523 421 14v4s

2397 424 2461 449 Heri.
2478 431 2506 457 7.

2396 739 2410 754 ‘
2421 739 2490 771 ΧΠ.

2395 780 2460 814 5⁶5·

1302 2075 1513 2129 ALexander
1535 2072 1689 2115 Epifiopus,
1706 2076 1808 2109 Servus
1834 2077 1987 2110 Servorum
2011 2081 2086 2120 Dei,
2103 2085 2234 2116 univerfls
2257 2085 2364 2119 Christi
2385 2087 2462 2119 Anii.
2476 2088 2517 2121 D„

1374 2112 1398 2142 F
1401 2113 1516 2143 idelibus
1537 2115 1684 2152 praesentes
1699 2115 1816 2148 Litteras
1830 2117 2009 2158 inspecturis,
2028 2121 2151 2152 Salutem
2169 2124 2203 2155 ὃς
2220 2125 2365 2162 Apostoli-

1303 2159 1366 2180 cam
1386 2150 1627 2184 Benedietionem.

1340 2188 1422 2220 Licet
1443 2192 1480 2228 is,
1500 2191 1535 2221 de
1549 2192 1628 2230 cujus
1643 2202 1759 2224 munere
1775 2194 1852 2225 venit
1869 2203 1899 2225 ut
1913 2195 1963 2225 sibi
1977 2207 1993 2226 a
2010 2196 2149 2230 Fidelibus
2165 2199 2215 2230 suis
2232 2201 2318 2241 digne
2331 2204 2364 2235 ὅ(

1302 2226 1474 2258 laudabiliter
1489 2229 1639 2267 serviatur,
1657 2231 1692 2261 de
1706 2232 1891 2264 habundantia
1907 2234 1961 2264 sus:
1976 2234 2087 2266 Pietatis

1302 2266 1408 2304 plicum
1434 2268 1542 2298 excedit
1561 2271 1593 2301 ὃς
1617 2268 1692 2299 Vota
1709 2271 1781 2301 bene
1795 2271 1976 2303 servientibus
1988 2274 2037 2304 fibi
2054 2284 2102 2305 mu
2115 2278 2147 2306 to
2165 2278 2270 2316 majora
2287 2282 2366 2311 retri-

1303 2306 1367 2335 buat
1389 2307 1471 2344 quim
1494 2307 1602 2338 valeant
1625 2311 1794 2346 promereri,
1813 2310 2014 2342 nichilominus
2034 2312 2213 2346 desiderantes
2229 2316 2366 2350 Domino

1301 2343 1444 2381 Populum
1469 2345 1580 2376 reddere
1603 2348 1803 2385 acceptabilem
1817 2349 1850 2380 &
1867 2350 2011 2380 bonorum
2026 2350 2156 2389 Operum
2171 2354 2367 2397 Setstatorem,

1300 2382 1406 2412 Fideles
1427 2383 1498 2420 ipsos
1515 2383 1551 2414 ad
1569 2386 1809 2424 complacendum
1832 2388 1857 2417 ei
1873 2389 1945 2425 quasi
1964 2390 2127 2426 quibuidim
2143 2392 2275 2425 allefflvis
2291 2395 2366 2427 Mu-

1299 2422 1430 2458 neribus,
1450 2421 1632 2461 Indulgentiis
1651 2424 1819 2461 (videlicet)
1841 2427 1872 2456 ὃς
1888 2425 2128 2469 Remiffionibus,
2146 2431 2312 2472 invitamus,
2333 2444 2364 2467 ut

1299 2459 1399 2490 exinde
1416 2461 1565 2491 reddantur
1582 2461 1700 2492 Divinae
1715 2463 1824 2494 Gratia:
1839 2465 1966 2501 aptiores.

1339 2497 1420 2528 Cum
1445 2499 1551 2537 itaque,
1569 2500 1636 2530 ficut
1651 2503 1829 2539 accepimus,
1850 2501 2016 2534 Cariffimus
2034 2505 2062 2535 in
2079 2505 2196 2538 Christo
2211 2507 2296 2541 Filius
2310 2521 2364 2542 no-

1301 2536 1354 2567 ster
1380 2539 1511 2566 chricus
1535 2538 1645 2576 Angliae
1667 2542 1726 2569 Rex
1749 2539 1881 2579 Illustris,
1898 2541 2008 2574 fervore
2031 2543 2203 2577 DevOtionis
2214 2549 2365 2590 accensus,

1301 2577 1416 2614 cupiens
1437 2576 1562 2606 Terrena
1586 2579 1614 2606 in
1635 2577 1771 2608 Coelestia
1794 2581 1826 2611 ὃ(
1841 2580 2014 2611 Transitoria
2032 2583 2060 2612 in
2077 2582 2197 2615 AEterna
2210 2586 2286 2617 felici
2301 2587 2366 2619 Co-

1302 2616 1410 2644 mercio
1432 2624 1630 2653 commutare,
1648 2626 1787 2654 proponat
1808 2628 1894 2648 unam
1920 2618 2083 2658 Capellam,
2103 2622 2153 2653 sub
2176 2623 2364 2658 Invocatione

1301 2652 1391 2683 Beatae
1415 2652 1516 2683 Mariae
1539 2653 1682 2692 Virginis,
1707 2657 1736 2684 in
1760 2655 1886 2687 Ecclesia
1905 2657 2001 2688 Sancti
2024 2658 2144 2699 Georgii
2165 2662 2364 2697 Salesbirieniis

1303 2691 1456 2728 Dioecesis,
1477 2692 1504 2721 in
1527 2702 1581 2730 qua
1601 2693 1776 2732 Sepulturam
1797 2694 1874 2725 suam
1895 2697 1995 2735 eligere
2020 2697 2157 2738 intendit,
2178 2711 2210 2731 ac
2226 2703 2295 2733 infra
2313 2703 2364 2735 Li-

1301 2731 1382 2760 mites
1402 2730 1486 2760 dietae
1510 2729 1644 2761 Ecclesiae
1662 2742 1749 2761 unum
1770 2732 1912 2770 Hospitale
1929 2744 1980 2772 pro
1996 2734 2168 2774 Pauperibus
2182 2741 2214 2770 ὃ(
2231 2742 2288 2771 aliis
2303 2741 2364 2773 Mi-

1301 2768 1458 2799 serabilibus
1484 2767 1612 2799 Personis
1633 2770 1704 2800 inibi
1727 2772 1891 2808 recipiendis
1915 2773 1947 2803 δε
1969 2774 2172 2815 confovendis,
2190 2778 2288 2815 Opere
2301 2783 2361 2818 qui-

1301 2807 1367 2837 dem
1393 2806 1579 2845 Sumptuoso,
1598 2808 1632 2838 de
1654 2809 1774 2845 propriis
1799 2809 1884 2840 Bonis
1906 2811 1958 2840 suis
1981 2812 2106 2843 Fundare
2127 2815 2159 2845 &
2173 2815 2362 2858 Consti’uere,

1302 2856 1335 2875 ac
1352 2845 1496 2883 Capellam
1512 2846 1544 2876 ὃ(
1564 2846 1712 2884 Hospitale
1724 2847 1879 2885 hujusmodi
1894 2848 2060 2880 sufficienter
2075 2851 2183 2883 Dotare
2193 2877 2202 2891 ,
2219 2856 2363 2896 ipsamque

1301 2884 1446 2923 Capellam
1469 2884 1577 2922 Libris,
1595 2885 1753 2923 Calicibus,
1771 2887 1805 2917 ὅ(
1826 2887 1882 2916 aliis
1902 2886 2086 2919 Ornamentis
2106 2890 2305 2926 Ecclesiasticis
2326 2898 2361 2928 ad

1302 2922 1446 2952 Divinum
1463 2922 1582 2953 Cultum
1599 2923 1755 2953 necessariis
1770 2924 1900 2955 decenter
1914 2925 2077 2964 Decorare,

1339 2961 1421 2999 Nos,
1440 2962 1582 2999 cupientes
1596 2971 1627 2993 ut
1641 2961 1754 2999 Capella
1772 2963 1920 3000 praedicta,
1940 2965 1968 2993 in
1986 2975 2039 3002 qua
2054 2967 2137 2997 etiam
2154 2968 2283 3005 praefatus
2293 2971 2359 3004 Rex

1301 2999 1414 3037 Septem
1438 2998 1624 3038 Presbiteros,
1644 3010 1695 3039 pro
1711 2999 1798 3031 Missa
1810 3002 1931 3040 qualibet
1946 3002 2006 3033 Die
2024 3005 2093 3035 inibi
2106 3006 2290 3047 celebranda,
2308 3011 2358 3042 de-

1301 3040 1387 3077 putari
1401 3039 1433 3068 &
1450 3036 1553 3068 institui
1571 3038 1662 3069 facere
1678 3039 1814 3077 intendit,
1832 3041 1962 3079 congruis
1977 3041 2168 3080 frequentetur
2181 3045 2360 3089 Honoribus,

1301 3078 1405 3114 ipsique
1427 3077 1576 3107 Presbiteri
1589 3077 1622 3106 ad
1640 3075 1757 3107 Missam
1774 3078 1933 3120 hujusmodi
1950 3080 2150 3113 celebrandum
2166 3084 2199 3114 &
2215 3086 2257 3115 alii
2272 3086 2359 3119 Chri-

1301 3115 1333 3146 sti
1346 3115 1452 3146 Fideles
1469 3116 1503 3144 ad
1519 3115 1624 3144 didiam
1641 3114 1787 3153 Capellam
1804 3117 1969 3148 visitandum
1984 3128 2020 3148 eo
2037 3121 2170 3152 libentius
2182 3124 2359 3165 inducantur,

1300 3165 1359 3192 quo
1377 3164 1411 3184 ex
1432 3154 1488 3184 hoc
1506 3153 1614 3184 ibidem
1631 3153 1725 3184 Dono
1739 3154 1863 3186 coelestis
1876 3155 1982 3187 Gratiae
1998 3158 2110 3189 uberius
2119 3160 2146 3190 se
2162 3162 2282 3193 refestos
2296 3164 2356 3196 seii-

1298 3201 1365 3223 tiant

1337 3216 1384 3261 De²
1407 3230 1622 3267 Omnipotentis
1643 3230 1700 3261 Dei
1726 3231 1912 3262 misericordia
1933 3243 1966 3263 ac
1982 3235 2125 3264 beatorum
2140 3234 2215 3267 Petri
2231 3239 2262 3269 ὃς
2279 3239 2356 3272 Pauli

1299 3269 1506 3307 Apostolorum
1528 3269 1585 3306 ejus
1598 3269 1762 3301 audioritate
1773 3269 1869 3300 confisi
1886 3271 2047 3302 Presbi'teris
2063 3274 2217 3313 praedietis,
2236 3279 2284 3315 qui
2301 3280 2354 3310 ini-

1297 3309 1326 3338 bi
1341 3318 1391 3346 pro
1404 3316 1533 3344 tempore
1546 3307 1748 3338 celebraverint
1758 3332 1767 3346 ,
1783 3309 1815 3338 &
1834 3318 1886 3345 pro
1899 3310 1977 3340 Statu
1993 3311 2098 3348 praefati
2114 3312 2200 3352 Regis
2216 3315 2284 3346 dum
2304 3317 2356 3348 Vi-

1295 3354 1352 3376 tam
1380 3346 1484 3376 duxerit
1509 3347 1538 3375 in
1563 3346 1706 3384 humanis,
1723 3348 1755 3377 ὃς
1777 3346 1925 3385 postquam
1948 3349 1983 3377 ab
2006 3349 2058 3379 hac
2083 3350 2162 3381 Luce
2180 3354 2355 3394 migraverit,

1295 3395 1348 3422 pro
1365 3386 1475 3415 Anima:
1490 3384 1545 3414 sute
1558 3384 1651 3414 Salute
1668 3384 1766 3414 Deum
1783 3387 1938 3423 oraverint,
1954 3387 2028 3416 illam
2041 3386 2354 3433 Indulgentiam,quam

1296 3422 1481 3454 consecuntur
1495 3422 1664 3452 celebrantes
1679 3433 1730 3460 pro
1748 3423 1898 3453 Defunc'tis
1913 3425 1940 3453 in
1955 3424 2071 3461 Capella
2086 3427 2174 3458 Scaiae
2190 3429 2268 3461 Coeli
2283 3442 2357 3464 nun-

1295 3471 1409 3499 cupata,
1428 3462 1456 3490 in
1476 3460 1599 3491 Ecclesia
1616 3461 1781 3491 lxs‘loriasteni
1795 3462 2023 3507 Triumfontiuiii
2038 3473 2112 3509 extra
2129 3465 2232 3499 Muros
2249 3470 2355 3510 Urbis,

1295 3499 1487 3530 Cistercierilis
1511 3499 1626 3530 Ordinis
1644 3525 1653 3538 ,
1683 3500 1859 3530 Ausim-itate
1883 3500 2069 3542 Apostolica,
2093 3503 2214 3537 Tenore
2233 3508 2356 3540 Praesen-

1294 3541 1366 3569 tium
1378 3562 1386 3576 ,
1403 3539 1567 3575 elargimur,
1793 3577 1798 3581 .
1875 3577 1879 3582 ¹
2041 3577 2051 3586 ,.
2153 3582 2158 3587 .

1331 3577 1369 3608 Et
1384 3576 1490 3614 insuper
1508 3577 1642 3606 omnibus
1656 3577 1689 3606 δε
1702 3576 1811 3613 singulis
1827 3577 1919 3606 utrius
1932 3587 1966 3607 ue
1979 3577 2070 3609 Sexus
2086 3579 2193 3612 Cliristi
2210 3583 2352 3617 Fidelibus

1292 3618 1359 3646 vere
1377 3615 1583 3645 Poenitentibus
1603 3615 1636 3644 ὃς
1661 3614 1821 3651 Confeffis‚
1839 3615 1888 3657 qui
1912 3587 2057 3653 Capellam
2072 3620 2236 3656 praedistam
2250 3623 2278 3651 iri
2295 3623 2352 3655 Die

1293 3654 1410 3684 venei-is
1436 3652 1556 3690 Majori's
1575 3651 1750 3682 Ebdomadae
1772 3663 1786 3682 a
1802 3652 1904 3682 Primis
1919 3654 2045 3693 Vesperis
2059 3657 2144 3696 usque
2157 3658 2190 3688 ad
2206 3659 2224 3678 ³*
2242 3660 2352 3692 Securi-

1292 3693 1339 3722 das
1358 3692 1488 3728 Vesperas
1509 3690 1613 3721 devote
1634 3691 1804 3720 vilitaverint
1819 3693 1978 3730 annuatim,
1997 3694 2031 3725 &
2047 3704 2077 3725 ut
2095 3696 2238 3734 praefertur
2253 3708 2352 3731 orave-

1292 3732 1362 3767 rint,
1382 3729 1490 3768 Viginti
1515 3729 1615 3758 Annos
1636 3730 1669 3759 ὃς
1683 3728 1801 3758 totidem
1820 3729 2019 3769 Qiadragenas
2032 3732 2068 3762 de
2081 3733 2217 3770 Injunffls
2230 3738 2270 3767 eis
2284 3738 2355 3769 Poe-

1292 3769 1415 3799 nitentiis
1437 3767 1650 3796 misericorditer
1672 3766 1701 3795 iri
1725 3765 1860 3797 Domino
1876 3768 2065 3809 Relaxamus,
2086 3771 2272 3805 Praesentibus
2289 3787 2352 3816 per-

1293 3809 1380 3846 petuis
1395 3806 1493 3836 futuris
1506 3805 1682 3841 temporibus
1699 3805 1830 3835 valituris.

1328 3845 1395 3875 Dat.
1408 3847 1495 3873 Romae
1510 3843 1582 3881 apud
1593 3844 1723 3872 Sanctum
1742 3845 1871 3882 Petrum,
1893 3844 1980 3876 Anno
1995 3845 2194 3879 Incarnationis
2211 3849 2350 3884 Domini-

1291 3893 1336 3913 cae
1359 3882 1532 3919 Msslefimo,
1559 3881 1862 3920 Quadringentesimo,
1887 3883 2084 3927 Nonagefimo
2105 3895 2226 3928 quarto,
2248 3899 2349 3930 quarto

1291 3921 1376 3953 Non.
1398 3920 1552 3958 Ostobris,
1570 3918 1756 3951 Pontificatiis
1770 3920 1859 3951 nostri
1877 3919 1964 3951 Anno
1977 3931 2068 3952 tertio.

1773 3995 1810 4026 L.
1838 3994 2191 4034 Poimen-nanus.

1765 4034 1805 4065 R.
1829 4042 1880 4065 nia
1906 4034 2185 4073 VuLTERkis.

1603 4110 1658 4141 Sub
1675 4109 1740 4142 Filis
1754 4113 1847 4141 Sericis
1859 4110 1945 4144 Flavi
1955 4113 2078 4156 rubeique
2091 4115 2200 4151 Colorit.

1804 4148 1870 4190 K3
2303 4160 2348 4191 De

2412 2137 2501 2170 1494:

2385 2170 2435 2193 Au.
2456 2177 2499 2195 io.

2387 2210 2419 2232 H.
2436 2215 2460 2240 7.

2118 2247 2160 2267 uae
2175 2238 2279 2271 Merita
2291 2242 2364 2281 Sup-
2385 2248 2425 2270 Ex
2444 2245 2516 2281 orig,

2368 3670 2463 3704 *XIL

2371 3716 2436 3750 566.
