2555 4266
0 271 63 305 inn.
73 273 114 304 D.
131 266 220 306 Anno
233 280 263 304 ut
280 272 374 310 supra,
391 270 425 302 &
442 270 583 302 Duratura
596 278 645 310 per
663 272 792 313 §deinque
809 274 908 302 Annos
923 273 1061 303 continue
1085 273 1117 302 δε
1141 280 1188 302 ex-

12 321 97 352 1492.
131 321 199 345 tunc
215 312 376 350 sequentes:¹
391 310 538 348 videlicet,
554 311 594 340 ad
604 311 757 351 Vicesimum
768 314 882 348 primum
904 314 983 340 Diem
1007 309 1107 349 lrlenfis
1129 313 1188 338 De-

0 357 46 380 len.
66 361 93 387 7.
130 351 254 387 cembris,
274 349 361 379 Anno
376 348 499 378 Domini
514 348 688 387 Millesimo‚
707 348 1011 388 (Quadringentesimo,
1027 348 1190 386 Nonagesi-

132 399 184 420 mo
200 388 292 425 sexto,
311 386 454 416 inclusive.

2237 206 2289 254 39

1264 270 1352 315 Irim
1363 295 1372 310 ‚
1392 273 1569 320 Conclusam
1585 275 1625 306 est
1641 277 1720 314 quod
1736 278 1772 317 fi,
1791 279 1890 310 eisdem
1907 280 2084 312 Guerrarum
2102 276 2282 315 Abstinentiis
2302 281 2379 315 Afin.
2395 276 2435 316 Β,

1231 307 1408 348 durantibuS,
1427 314 1527 354 aliquid
1541 324 1639 345 contra
1653 316 1761 346 easdem
1777 319 1818 347 vel
1840 319 1959 356 aliquam
1984 320 2095 350 Partem
2121 323 2280 351 earumdem
2323 325 2408 361 1492.

1231 356 1280 385 per
1293 348 1416 390 Terram
1431 353 1486 380 iive
1502 362 1550 388 per
1567 353 1650 383 Mare
1667 354 1725 383 fieri
1740 355 1783 384 vel
1798 359 1953 393 attemptari
1976 360 2136 397 contingat,
2155 369 2204 396 per
2225 360 2281 390 hoc
2301 364 2363 390 Hei.
2383 366 2408 397 7³

1231 393 1324 414 tamen
1340 392 1487 422 praelentes
1503 389 1678 420 Guerrarum
1695 392 1879 424 Abstinentiae
1894 405 1952 424 non
1969 406 2048 426 erunt
2063 406 2116 427 nec
2132 397 2285 428 censebun-

0 635 4 648 ⁵
19 630 85 658 XII.

0 670 54 704 ¹t66.

169 426 258 456 ITEM
269 448 279 461 ,
297 424 448 461 specialiter
460 424 649 456 Conventum
663 427 696 457 &
714 424 892 457 Conclusum
907 422 949 452 est
961 422 1068 465 quod,
1086 422 1187 465 duran-

129 465 205 496 tibus
223 463 344 501 Treugis
366 463 410 493 seu
432 463 607 495 Guerrarum
630 461 1002 502 Abstirientiisfflntedichs,
1035 461 1126 491 nullus
1146 460 1189 504 di-

130 503 244 533 <storum
262 500 426 538 Principum
444 503 574 533 movebit
591 512 639 540 per
657 503 694 531 Se
709 511 754 532 aut
771 510 819 538 per
832 499 965 531 Subditos
979 502 1040 529 suos
1058 508 1104 530 aut
1121 500 1188 527 alios

130 539 329 578 quoscumque
342 540 387 570 seu
405 542 517 570 moveri
534 541 675 578 permittet
690 539 832 570 Guerrarn
848 547 897 574 per
909 537 1031 566 Terram
1045 546 1100 580 ¹per⁴
1125 536 1190 567 Ma-

130 589 160 607 re
178 587 268 616 neque
292 588 339 615 per
366 579 458 616 Aquas
479 578 574 612 dulces
589 577 716 608 adversus
732 577 818 607 alium
840 575 984 606 diciorum
1003 574 1169 612 Principum
1182 597 1190 611 ,

130 615 264 648 Subdiros
278 626 323 649 aut
344 616 445 655 Ligeos
471 617 551 655 suos,
565 626 618 646 nec
634 616 710 646 dabit
726 615 889 650 Auxilium,
908 613 925 632 ³¹²
946 612 1125 651 Consilium,
1144 614 1192 644 vel

133 654 271 685 Favorern
289 664 318 685 ut
333 655 490 690 huiusmodi
504 655 615 685 Guerra
628 662 775 682 moveatur
792 652 838 682 vel
851 653 995 682 excitetur.

169 693 277 732 ITEM,
296 693 491 725 Conventum'
508 694 541 724 &
563 691 740 732 Conclusum
760 690 801 721 est
824 690 903 729 quod
928 690 1046 728 Naves,
1067 690 1191 728 Nautae,

133 731 312 763 Mercatores
347 733 380 763 δε
397 733 442 762 alii
457 731 566 763 Subditi
585 731 726 766 utriulque
740 729 903 766 Principum
923 730 1122 766 praedic‘torum
1143 739 1192 766 per

131 770 272 808 Terram,
290 755 390 808 M’are,
405 771 438 800 δε
465 770 558 806 Aquas
579 767 676 798 dulces
697 767 806 798 Euntes
818 790 828 806 ,
846 767 1051 798 Conversantes
1067 792 1076 804 ,
1096 767 1190 797 Navi-

133 819 227 848 gantes
240 833 248 846 ,
272 809 434 847 Navigium
459 807 554 845 paffari
577 807 610 836 &
631 805 832 836 Permanentes
848 806 1019 836 Tractentur
1041 807 1073 836 δε
1100 805 1192 836 Reci-

132 850 259 885 piantur,
277 857 361 885 prout
375 846 474 877 melius
488 844 620 874 Trac‘iari
635 846 666 876 &
686 844 792 882 Recipi
806 844 1012 875 consueverunt
1028 846 1055 874 in
1079 853 1192 882 tempo-

131 887 207 916 ribus
230 886 344 916 aliarum
361 883 541 921 Treugarum
561 884 635 920 prius
656 884 727 913 inter
748 886 841 913 Scotiae
858 882 897 918 ἀι
917 882 1029 920 Angliae
1050 887 1131 920 Reges
1156 883 1189 914 ὃ(

131 934 234 955 eorum
250 923 354 960 Regna
368 922 547 952 mirarum&
566 921 772 952 conclusarum.

169 962 242 992 Iri:
257 969 305 998 M,
331 959 520 992 Conventum
539 961 572 990 ὃ(
595 960 772 991 Conclusum
795 958 837 990 est
859 959 939 998 quod
961 968 1062 989 omnes
1082 960 1115 991 &
1139 959 1194 990 fin-

133 1001 193 1037 guli
219 999 435 1036 Depraedatores
449 1022 458 1035 ,
489 997 690 1029 Malefastores
708 1023 717 1036 .,
750 999 782 1029 &
805 997 986 1029 Praesentium
1013 998 1194 1037 Treugarum

135 1038 293 1068 Violatores
315 1038 464 1074 punientur
483 1037 601 1075 asperius
621 1037 724 1068 eildem
750 1037 840 1067 modis
861 1038 894 1068 &
909 1035 1003 1066 sormi
1026 1037 1126 1074 quibus
1146 1046 1195 1066 an-

135 1075 252 1115 tiquitus
264 1076 354 1112 puniri
368 1075 594 1114 consueverunt,
611 1076 644 1106 ὃς
659 1075 678 1105 si
693 1076 788 1112 aliquis
805 1085 838 1106 ex
851 1074 977 1105 Subditis
993 1074 1102 1105 alterius
1127 1074 1196 1105 Par—

132 1115 206 1144 tium
226 1114 425 1152 praediCtarum
449 1116 604 1153 quicquam
624 1114 798 1152 depraedatus
817 1114 901 1145 fuerit
923 1113 968 1144 seu
989 1113 1195 1151 attemptaverit

132 1152 204 1183 infra
219 1152 379 1183 Marchiiini
392 1162 439 1183 aut
459 1153 579 1183 Terram
601 1152 709 1183 alterius
731 1151 835 1190 Partis,
854 1153 888 1184 &
914 1151 979 1190 post
998 1151 1195 1188 Depraedatio-

133 1200 200 1221 nem
213 1191 374 1229 hujusmodi
389 1191 432 1222 seu
451 1191 658 1228 Attemptatum
675 1191 697 1220 F
700 1191 823 1226 ugiendo
839 1199 989 1220 revertatur
1003 1190 1036 1220 ad
1053 1189 1196 1219 Marchias

109 1252 111 1254 -
133 1237 181 1259 aut
208 1229 330 1260 Terram
355 1230 423 1259 illius
446 1229 533 1260 Partis
556 1229 636 1266 quus
655 1229 696 1260 est
720 1229 852 1259 Subditus
866 1252 874 1265 ,
911 1228 1006 1258 licebit
1035 1228 1075 1258 illi
1096 1236 1196 1258 contra

133 1277 223 1305 quem
242 1269 278 1299 sic
298 1269 505 1306 attemptaverit
526 1269 555 1298 in
577 1269 684 1298 recenti
701 1267 748 1298 vel
770 1268 842 1297 infra
866 1266 921 1297 Sex
943 1266 1008 1296 Dies
1027 1275 1197 1303 computan-

134 1307 187 1336 dos
210 1317 225 1336 a
247 1315 376 1344 tempore
399 1306 507 1337 Delicti
528 1306 565 1338 iic
587 1307 741 1343 attemptari
760 1305 806 1335 vel
828 1304 971 1336 commiffi
988 1329 997 1342 ‚
1029 1304 1196 1335 auctoritate

134 1344 275 1382 praesenris
299 1345 492 1375 Ordinationis
510 1368 519 1380 ,
535 1344 635 1383 absque
659 1346 716 1375 aliis
738 1343 837 1374 Literis
857 1343 893 1374 de
914 1343 1000 1374 Salvo
1021 1341 1197 1380 conductu,

134 1383 267 1420 prosequi
290 1384 368 1415 illum
392 1383 609 1415 Maieiaetorem
635 1384 668 1414 &
696 1382 786 1420 ipsum
815 1382 852 1412 sic
881 1380 1077 1419 prosequendo
1096 1382 1199 1411 intrare

132 1421 210 1452 salvo
235 1424 269 1454 &
292 1421 388 1452 secure
414 1421 556 1453 Marchias
578 1421 612 1452 &
633 1421 756 1451 Terram
777 1422 807 1450 in
823 1430 909 1457 quain
931 1420 1007 1450 idem
1027 1419 1198 1449 Milefastor

131 1459 159 1489 se
187 1460 361 1497 contulerit3
386 1459 550 1490 dummodo
580 1461 727 1497 quamcito
757 1459 916 1496 hujusmodi
942 1458 1108 1501 ›Marchiam
1139 1458 1196 1488 five

136 1498 258 1529 Terram
276 1499 329 1528 hac
344 1499 380 1529 de
396 1498 487 1529 Causa
501 1498 661 1535 intraverit,
679 1497 757 1527 adeat
771 1498 894 1535 aliquem
910 1495 1014 1526 Virum
1039 1497 1125 1526 bonae
1144 1496 1197 1538 Fa-

136 1546 193 1566 mce
215 1539 248 1567 ὅς
268 1536 425 1573 Opinionis
450 1536 558 1568 illacfie.
573 1536 746 1566 habitantem
769 1535 839 1565 infra
862 1535 1026 1565 Merchiam
1052 1544 1136 1572 quam
1160 1537 1197 1564 (ic

136 1575 237 1612 intrat,
253 1575 286 1604 &
303 1575 395 1605 eidem
411 1574 531 1605 declaret
547 1574 665 1604 batuam
680 1573 815 1604 Introirfis
830 1574 869 1604 sui
891 1572 1044 1614 (videlicet)
1067 1573 1100 1603 ad
1126 1572 1199 1603 Pro-

136 1613 309 1650 iequendum
330 1612 583 1649 Depraedationem
605 1615 681 1642 suam
695 1634 705 1650 ‚
727 1612 865 1642 describat
893 1613 926 1642 δε
959 1610 1099 1648 ipecificet
1121 1611 1197 1641 idern

136 1652 237 1689 quibus
263 1650 366 1689 Bonis,
385 1650 516 1688 Catallis,
536 1652 579 1681 vel
603 1651 700 1680 Rebus
724 1650 907 1688 Depraedatus
920 1649 1019 1686 fuerit,
1037 1659 1069 1680 ac
1088 1651 1198 1688 insuper

135 1691 257 1759 {3235}
272 1689 852 1765 &2352ansusssslmssssssussufflssiss
871 1688 1197 1757 {fissseiie‘iissnffissoissff

134 1768 220 1834 tionlis
235 1751 319 1810 §offic
333 1775 403 1797 cum
418 1765 565 1804 requisitus
580 1765 664 1797 fuerit
674 1765 756 1804 super
769 1765 827 1797 hoc
873 1765 1057 1810 estimonium
1071 1765 1202 1805 perhibe-

137 1815 167 1836 re
210 1813 308 1836 eritati.

172 1843 282 1875 ITEM
299 1867 309 1882 ‚
334 1843 525 1875 Conventum
546 1843 580 1874 &
600 1841 780 1874 Conclusam
804 1841 846 1873 est
865 1842 945 1880 quod
969 1851 1067 1873 neuter
1090 1838 1202 1874 Princi-

134 1891 207 1919 pum
228 1882 431 1920 praedi&orum
456 1881 631 1912 auxiliabitur
649 1889 697 1912 aut
716 1879 815 1918 Opem
835 1880 905 1911 feret
924 1882 1025 1919 quovis
1040 1881 1133 1912 modo
1146 1891 1199 1911 no-

136 1922 214 1951 toriis
239 1920 405 1951 Rebellibus
420 1943 430 1958 ,
454 1918 596 1950 Hostibus
614 1943 625 1957 ‚
650 1919 698 1951 vel
720 1918 849 1950 Inimicis
868 1919 976 1950 alterius
989 1942 998 1958 ,
1019 1920 1053 1950 ad
1076 1919 1201 1950 Nocen-

136 1958 206 1988 dum
225 1959 302 1988 alteri
326 1957 497 1989 eorumdem
509 1982 519 1995 ,
537 1958 583 1989 vel
603 1957 726 1996 ipsorum
750 1957 855 1996 Regnis
871 1980 881 1996 ,
898 1957 1064 1996 Dominiis,
1083 1958 1200 1996 Terris,

137 2005 185 2027 aut
207 1996 354 2035 Subditis,
379 1997 412 2027 &
435 1996 455 2027 fi
479 1996 516 2027 de
539 1997 616 2027 fae'co
637 1996 734 2035 aliquis
757 1995 880 2027 Rebellis
894 2019 904 2034 ,
927 1995 1028 2026 Hostis
1046 2019 1056 2034 ,
1074 1997 1119 2027 vel
1143 1996 1201 2027 Ini-

138 2037 227 2066 micus
248 2036 330 2066 unius
349 2035 394 2066 vel
418 2035 526 2065 alterius
547 2035 685 2073 Principis
714 2034 833 2065 existens
863 2036 906 2066 vel
933 2034 1041 2066 futurus
1064 2036 1093 2066 in
1118 2035 1202 2073 Reg-

137 2084 205 2142 ἓὲῃζ
228 2074 349 2143 33:22}
365 2072 1203 2151 vai}qfflffmfisscissssi1²¹‘1‘3'2lmiffss'r‘r‘31‘i'tdeniuffi-‘5¹²⁰‘veeiq‘ii‘5333

139 2151 252 2190 dulces,
271 2151 305 2182 ad
328 2150 497 2188 Dampnum
519 2151 631 2189 alicujus
652 2150 823 2183 eorumdem
843 2135 889 2181 iiel
913 2136 1082 2190 Regn’orum
1099 2176 1109 2189 ,
1125 2152 1205 2182 Ter-

142 2199 237 2220 rarum
252 2214 262 2227 ,
292 2189 502 2220 Dominiorum
517 2211 527 2226 ,
553 2189 600 2221 vel
621 2189 737 2227 alicuius
761 2189 944 2220 Subditorum
967 2191 1081 2221 suorum
1097 2213 1106 2228 ,
1133 2199 1202 2221 tunc

144 2227 191 2258 ille
214 2230 337 2267 Princeps
361 2230 390 2258 in
408 2229 484 2266 cujus
504 2227 630 2268 Regno,
645 2228 759 2265 Terris,
777 2228 821 2260 vel
845 2228 994 2259 Dominiis
1016 2230 1075 2259 talis
1092 2228 1202 2260 Rebel-

146 2265 197 2304 lis,
215 2265 330 2304 Hostis,
351 2266 397 2297 vel
421 2265 554 2296 Inimicus
580 2267 618 2297 sic
644 2266 788 2297 commifit
813 2268 846 2298 &
874 2266 970 2304 postea
996 2277 1119 2305 repertus
1142 2267 1204 2298 fue-

144 2305 198 2342 rit,
222 2303 394 2343 Dampnum
418 2304 486 2335 illud
506 2304 641 2342 Reparari
662 2306 695 2337 &
711 2305 865 2336 Resarciari
879 2305 978 2342 faciet,
995 2316 1027 2336 ac
1043 2305 1060 2335 si
1077 2307 1206 2345 proprius

144 2343 250 2382 Ligeus
266 2344 304 2413 &scs
318 2343 452 2374 Subditus
468 2343 591 2382 ejusdem
607 2343 767 2384 hujusmodi
776 2344 946 2382 Dampnum
958 2345 1143 2376 commilisset
1159 2353 1206 2376 aut

167 2390 272 2419 erpetra
300 2391 337 2413 et.

145 2391 165 2448 P
182 2420 272 2451 ITEM
284 2443 292 2458 ,
311 2419 498 2451 Conventum
512 2420 546 2452 &
559 2420 739 2452 Conclusum
753 2420 795 2452 est
810 2420 908 2460 quod,
925 2420 1088 2453 durantibus
1109 2421 1204 2453 Treu-

143 2458 189 2496 gis
212 2459 368 2497 praedietis,
395 2468 425 2489 ut
449 2459 624 2500 praemissum
647 2459 688 2490 est
724 2469 772 2498 per
827 2461 1052 2501 uinquennium,
1071 2460 1206 2491 Castrum

144 2498 178 2528 &
194 2496 268 2527 Villa
284 2496 421 2528 Berewici
434 2507 501 2528 cum
519 2497 672 2529 Limitibus
687 2483 766 2528 simul
783 2499 816 2529 &
847 2498 1053 2528 nhabitantibus
1067 2509 1100 2530 ac
1122 2499 1210 2530 Inco-

145 2535 178 2566 lis
193 2536 358 2566 eorumdem
370 2536 421 2567 sub
441 2536 545 2566 eisdem
568 2536 658 2574 Pace,
676 2536 852 2567 Guerrarum
874 2536 1077 2576 Abstinentiis,
1095 2539 1127 2568 &
1147 2537 1211 2570 Bei-

145 2574 240 2606 lorum
260 2573 384 2605 Induciis
406 2574 517 2605 stabunt
543 2576 576 2605 ὅ(
599 2575 805 2613 permanebunt
825 2583 890 2606 toto
909 2584 1041 2613 tempore
1054 2576 1210 2614 praedicTto,

149 2613 188 2643 ita
201 2612 281 2651 quod
293 2623 387 2650 neque
400 2612 593 2643 Sereniffimus
605 2617 664 2643 Rex
675 2616 810 2644 Scotorum
823 2623 871 2651 per
886 2613 923 2644 Se
937 2622 983 2644 aut
1005 2614 1114 2652 aliquos
1136 2614 1211 2645 Sub-

148 2650 294 2688 ditorum,
311 2651 489 2690 Ligeorum,
505 2660 552 2682 aut
565 2651 751 2682 Vaffaiiorum
769 2651 883 2683 suorum
901 2651 1041 2682 Guerram
1051 2675 1062 2691 ‚
1075 2652 1211 2684 Insulturn

148 2698 196 2720 aut
215 2688 404 2720 Obsidionern
418 2690 478 2728 ipfis
494 2689 583 2721 Locis
596 2699 643 2721 aut
665 2689 770 2721 Incolis
791 2689 975 2729 eorumdem,
993 2701 1030 2720 ne
1052 2701 1087 2721 ue
1109 2690 1212 2722 Excel-

149 2727 316 2758 lentiffirnus
335 2731 395 2758 Rex
418 2727 531 2766 Angliae
554 2738 603 2766 per
625 2729 662 2759 Se
685 2737 731 2759 aut
752 2728 814 2760 suos
833 2728 1022 2760 Inhabitantes
1069 2729 1144 2760 illam
1166 2730 1211 2760 seu

148 2765 284 2799 ‚Castrum
304 2766 465 2805 hujusmodi
486 2766 647 2805 Guerram,
674 2765 828 2805 Insultum‚
851 2776 899 2798 aut
920 2767 1110 2798 Obfidionem
1131 2768 1211 2799 dicto

149 2804 334 2835 Serenii'sirno
359 2807 425 2843 Regi
445 2808 539 2836 Scotiae
556 2806 643 2836 suisve
670 2805 765 2846 Ligeis
786 2807 821 2838 ὅ(
842 2805 968 2837 Vaffallis
998 2805 1081 2838 faciet
1112 2809 1213 2845 quovis

150 2842 245 2875 modo
261 2842 376 2873 durante
390 2852 520 2883 tempore
534 2843 711 2884 Treugarum
726 2843 935 2882 praedifflrum.

187 2880 293 2919 ITEM,
312 2879 501 2912 Conventum
517 2883 551 2914 &
569 2881 750 2912 Conclusum
763 2882 804 2913 est
817 2882 898 2921 quod
915 2883 934 2913 fi
948 2884 1093 2922 contingat
1109 2883 1214 2922 aliquos

151 2918 272 2958 piratas,
292 2919 453 2958 Fugitivos,
471 2917 604 2950 Bannitos
625 2919 796 2958 Regnorum
817 2922 900 2953 unius
921 2921 967 2951 vel
982 2922 1092 2953 alterius
1105 2921 1215 2953 Princi-

150 2968 221 2998 pum
237 2958 441 2996 praeditftorum
455 2957 642 2996 Spoliationes
655 2959 700 2988 seu
718 2957 950 2997 Depraedationes
963 2961 994 2990 in
1018 2959 1104 2991 Bonis
1127 2961 1216 2992 alicu-

148 2999 193 3034 ius
208 2996 395 3028 Subditorum
411 2996 581 3028 eorumdem
594 2998 794 3035 committere,
811 2999 845 3029 ἃ
871 2997 968 3037 postea
993 2997 1113 3037 Piratae,
1132 2999 1217 3038 Fugi-

154 3036 225 3073 ti‘vi,
243 3035 288 3066 seu
301 3033 411 3066 Banniti
426 3034 551 3073 praedicu
568 3035 602 3066 ad
619 3035 742 3073 aliquem
755 3035 877 3067 Portum
890 3036 1035 3067 dierorum
1050 3034 1217 3075 Principum

154 3073 990 3152 ῗὲἒξῑὲῑῗῧὲὲῗὲἕοέἓῧοῖΥὲἱῖῗὲἐὲεἘτὲἷὲἑᾶἓὲἱῗῗ
1000 3076 1217 3147 ςῗᾶἒξὲἓὲῗίἓὲἔ

157 3149 268 3180 easdem
283 3151 316 3181 &
331 3151 508 3190 Receptores
521 3151 683 3182 earumdem
696 3150 840 3182 deliberari
855 3150 930 3182 Parti
951 3148 1040 3184 Laesa'e
1050 3176 1058 3191 ‚
1075 3154 1121 3184 vel
1143 3138 1219 3192 ἐρο-

158 3188 224 3232 nata·
233 3190 267 3221 &
284 3188 333 3219 De
391 3189 453 3221 data
464 3199 514 3228 pet
529 3190 638 3221 easdem
651 3190 762 3228 integre
776 3189 898 3221 Restitui
910 3190 995 3222 faciat
1008 3193 1041 3223 &
1068 3192 1219 3231 Resarchi,

160 3227 205 3258 vel
214 3227 321 3265 justum
364 3228 470 3260 alorem
485 3228 662 3260 eorumdem.

197 3265 306 3305 ITEM,
325 3265 512 3297 Conventum
525 3268 559 3302 &c
572 3267 750 3298 conclusum
763 3267 806 3298 est
818 3267 898 3306 quod
915 3268 1037 3308 Fugitivi
1052 3268 1156 3300 Scotiae
1171 3269 1221 3308 qui

163 3303 338 3335 devenerunt
355 3305 439 3343 Ligei
451 3309 530 3343 Regis
542 3306 656 3344 AErgliae
672 3306 776 3338 debent
792 3307 867 3344 ligari
882 3315 916 3337 ex
933 3316 1009 3344 parte
1030 3307 1221 3344 Anglicorum

159 3343 196 3373 ad
213 3342 432 3378 Observandum
447 3343 587 3377 Articulos
601 3345 782 3385 Praesentium
797 3346 827 3376 T
830 3355 994 3382 reugaruni,
1010 3345 1044 3377 ὃ(
1067 3346 1146 3383 quod
1170 3347 1224 3377 At-

161 3389 298 3418 temptata
313 3391 362 3419 per
376 3392 426 3416 eos
440 3382 519 3420 super
532 3382 669 3417 Subditos
682 3382 752 3417 dieti
767 3385 847 3421 Regis
872 3387 966 3415 Scotiae
989 3384 1096 3415 debent
1117 3384 1221 3415 eodem

162 3420 254 3463 modo
270 3420 434 3459 reformari,
451 3431 511 3458 quo
528 3421 758 3456 reformabuntur
775 3422 949 3459 Attemptata
976 3432 1024 3459 per
1045 3423 1223 3459 Origimrios

164 3457 301 3489 Subditos
314 3461 391 3497 Regis
407 3459 539 3498 Angliae‚
558 3460 632 3491 idem
649 3471 698 3499 per
712 3461 809 3491 omnia
823 3461 1001 3494 observando
1015 3471 1049 3492 ex
1076 3472 1150 3499 parte
1171 3466 1225 3492 Re-

162 3499 202 3540 ΕἰςΙ
218 3499 351 3540 εςοιοηιιη
362 3500 395 3531 &
414 3500 463 3537 qui
481 3499 601 3536 Anglici'
613 3507 679 3531 ante
693 3499 756 3531 haec
771 3504 900 3538 tempora
914 3510 963 3537 per
980 3500 1024 3530 sua
1045 3500 1225 3532 Sacramenta

166 3534 248 3570 Ligei
263 3537 344 3575 Regi}
352 3539 488 3571 Scotorum
501 3537 678 3571 devenerunt
694 3537 739 3570 vel
751 3538 828 3572 aliter
864 3539 945 3570 uovis
960 3539 1059 3569 modo.

202 3567 311 3616 ITF7M
327 3596 338 3611 ‚
362 3574 551 3609 Conventutn
575 3577 609 3608 &
628 3575 808 3608 Conclusum
893 3577 973 3615 quod
996 3578 1025 3607 in
1047 3577 1224 3614 praesentibus

163 3609 288 3649 Treugis
316 3612 349 3642 ὃς
361 3650 366 3656 ·
378 3612 554 3657 Guerrarum
582 3614 768 3646 Abstinentiis
797 3615 1071 3653 comprehendantur
1103 3616 1199 3646 Amici
1217 3639 1228 3654 ,

167 3648 386 3686 confoederati,
403 3652 436 3683 δί
450 3650 565 3690 Alligati
579 3652 719 3691 utriusque
734 3651 872 3691 Principis
882 3675 892 3691 ‚
909 3653 930 3683 fi
945 3654 1150 3691 comprehendi
1171 3664 1225 3684 vo·

165 3687 284 3732 luerint,
300 3689 336 3732 ,ᾃ
352 3687 372 3708 *
383 3687 463 3724 super
475 3689 534 3720 hoc
546 3689 668 3723 Animos
680 3692 743 3723 suos
758 3691 958 3724 declaraverint
972 3692 1006 3723 &
1019 3691 1096 3723 idem
1117 3692 1225 3723 defide-

170 3734 292 3759 raveririt
306 3726 376 3758 infra
391 3726 445 3757 Sex
459 3725 575 3760 Menses
589 3729 723 3766 proximo
738 3738 843 3760 extunc
864 3729 1026 3767 sequentes,
1040 3730 1079 3761 v&
1105 3732 1228 3768 speciali-

170 3773 230 3802 ter,
249 3775 303 3803 pro
327 3764 410 3795 Parte
428 3767 507 3802 Regis
527 3767 681 3804 Scotorum,
698 3766 818 3798 Karalus
837 3770 898 3797 Rex
925 3770 1066 3807 Franoiae,
1082 3768 1228 3806 Johamaes

168 3806 231 3837 Rex
253 3805 348 3834 Daciae
359 3827 370 3842 ,
383 3801 608 3841 Rex·Hfi>aniae
616 3827 628 3841 ‚
641 3807 702 3834 Rex
717 3805 854 3843 Neapoli,
870 3804 993 3844 Austriae
1013 3805 1052 3841 ῤ’
1076 3807 1228 3839 Mediolani

170 3843 260 3874 Duces
271 3864 281 3880 ,
299 3852 350 3879 pro
365 3842 447 3873 Parte
461 3844 538 3878 Regis
553 3841 665 3878 Angliae
686 3845 854 3880 Imperator,
872 3845 932 3872 Rex
958 3847 1156 3884 Romanorum,
1173 3848 1227 3875 Re-

168 3889 215 3916 ges
235 3881 365 3918 Ispaniae,
384 3879 566 3918 portugaliae,
584 3880 630 3909 Ne
665 3879 719 3918 oli,
736 3880 874 3920 Austriae,
888 3882 1070 3920 Burgundiae,
1086 3886 1225 3922 Ferrarii,

168 3917 361 3960 &raboldi-e
380 3922 485 3962 Duces,
510 3887 783 3962 'quibus-ffiensibus
808 3918 902 3957 iapfis,
921 3920 940 3950 si
962 3920 1036 3951 nulla
1055 3920 1228 3953 Notificatio

168 3955 332 3992 hulusniodi
352 3957 426 3988 faeta
447 3964 529 3988 tuerit
550 3956 677 3996 Regibus
691 3957 849 3996 praedit‘rss,
866 3957 936 3988 dicti
955 3957 1155 3991 Confoederati
1175 3971 1226 3991 eo-

167 3993 758 4070 radrfflszrtgsrrzgtffii
770 3995 1122 4074 tetrartum&
1142 3999 1226 4068 rga

168 4064 225 4068 ,,
336 4063 368 4066 ⁷.
459 4045 586 4067 ·..oe
939 4045 955 4065 u
1022 4045 1142 4073 compre
1219 4048 1227 4067 i

169 4070 331 4143 ἰῗὲιξὲἓξί,
346 4079 450 4107 extunc
470 4072 559 4107 distae
579 4073 705 4112 Treugae
726 4071 826 4104 nullius
844 4073 1010 4110 ,censeantur
1030 4072 1158 4107 Roboris
1180 4076 1228 4109 vel

1231 430 1276 453 tur
1293 432 1338 453 aut
1353 426 1548 461 reputabuntur
1567 429 1686 466 Rupre,
1704 429 1870 470 infirmatae,
1890 434 1933 462 vel
1950 434 2105 465 Annullatae
2116 457 2126 472 ,
2143 436 2180 465 set
2196 436 2286 466 nichi-

1231 460 1354 506 lominus
1369 463 1396 490 iii
1413 462 1462 491 suo
1478 462 1599 495 Robore
1612 470 1813 502 permanebunt
1826 471 1859 501 &
1879 471 2049 509 Attemptata
2062 473 2219 511 hujusmodi
2237 473 2288 504 de·-

1231 499 1292 528 bite
1313 499 1549 530 reformabuntur.

1259 536 1373 580 ⁸IT-EM,
1392 536 1579 582 Conveiitum
1595 540 1816 582 &AConclusum
1830 543 1872 574 est
1887 546 1965 582 quod
1976 569 1985 583 ,
2004 547 2022 577 si
2038 548 2135 586 aliquis
2154 549 2287 580 Subditus

1230 574 1344 619 alicujus
1365 575 1532 620 Principum
1553 578 1771 621 pmdmiorum,
1791 584 1838 619 qui
1864 584 1951 620 pailus
1973 586 2053 616 fierit
2078 586 2217 623 Rapinarn
2241 581 2287 617 vei

1232 614 1362 653 Spolium
1386 625 1401 644 a
1425 614 1546 645 Subdito
1572 615 1678 645 alterius
1701 620 1867 649 eorumdem
1883 645 1891 657 ,
1922 624 2031 659 propria
2054 625 2216 655 auetoritate
2240 625 2288 656 sui

1233 661 1351 696 propter
1374 652 1433 683 hoc
1455 652 1726 691 Depraedationem‚
1744 656 1965 696 Spoliationem‚
1985 660 2087 700 Prilas,
2114 664 2158 693 vel
2184 663 2288 693 Distri-

1233 691 1342 721 &iones
1362 690 1545 721 Personarum
1568 691 1613 722 seu
1636 692 1782 723 Bonorum
1802 693 1922 732 faceret,
1939 707 1974 727 eo
1987 699 2045 735 ipso
2065 700 2145 732 cadat
2161 711 2175 730 a
2197 700 2288 732 Causa

1233 729 1294 767 sua,
1313 731 1347 761 ὃς
1363 729 1565 760 nichilominus
1579 730 1736 761 secundum
1748 730 1856 762 DeliCti
1871 735 2033 771 exigentiam
2049 740 2180 774 puniatur.

1270 767 1377 806 ΙΤΕΜ,
1393 767 1569 799 Conclusum
1587 769 1619 799 δε
1636 768 1851 800 Concordatum
1866 770 1907 800 est
1923 774 2016 811 quud,
2035 785 2203 814 quamquam
2216 787 2289 814 praea

1232 805 1319 836 sentes
1333 806 1510 837 Guerrarum
1525 806 1713 837 Abstinenriae
1729 816 1818 845 captae
1830 809 1864 840 &
1877 810 1954 839 initae
1974 811 2025 841 sint
2042 813 2130 843 modis
2145 818 2176 845 ὅ(
2191 816 2290 846 formis

1233 852 1263 874 ut
1280 844 1373 882 supra,
1389 853 1510 875 attamen
1523 855 1581 875 non
1596 844 1724 876 dicentur
1737 856 1791 876 nec
1806 847 2006 885 reputabuntur
2021 853 2142 882 omnino
2164 852 2291 884 Genera-

1232 882 1271 914 les
1286 893 1341 913 nec
1355 883 1507 917 exrendent
1521 883 1555 913 ad
1572 883 1745 914 Dominium
1758 885 1793 914 de
1810 884 1925 916 Lornen
1940 887 1969 916 in
1984 885 2088 926 Regno
2104 889 2205 920 Scotiae
2214 912 2223 928 ,
2237 900 2291 922 nec

1233 922 1268 950 ad
1285 920 1405 951 Insulam
1422 921 1458 952 de
1474 921 1598 961 Lundoy
1614 923 1643 952 iri
1662 922 1767 960 Regno
1784 924 1909 962 Angliae,
1927 923 1972 955 sed
1996 924 2168 957 Dominium
2191 928 2223 958 &
2246 928 2294 958 In-

1234 959 1289 990 sula
1306 960 1440 998 praedicta
1452 960 1641 1000 intelligentur
1653 962 1732 991 nullo
1747 963 1838 993 modo
1855 962 2057 1001 comprehensa
2079 967 2106 995 in
2128 965 2179 995 liiis
2198 965 2294 996 Guer-

1236 1008 1329 1028 rarum
1349 999 1542 1029 Abstinentiis.
1946 1003 1957 1005 “

1273 1036 1381 1075 ITEM,
1401 1036 1620 1068 Concordatum
1633 1038 1665 1069 &
1678 1037 1854 1069 Conclusum
1871 1039 1912 1070 est
1927 1041 2005 1079 quod
2031 1049 2147 1079 utraque
2168 1041 2296 1073 Partium

1236 1075 1434 1115 praedidtarum
1449 1075 1590 1106 Publicari
1604 1076 1637 1106 &
1654 1076 1807 1107 Norificari
1827 1076 1909 1109 faciet
1930 1080 2018 1110 distas
2039 1080 2212 1110 Guerrarum
2235 1082 2297 1111 Ab·

1238 1112 1378 1143 stinentias
1393 1114 1515 1144 Subditis
1527 1114 1578 1145 suis
1595 1115 1626 1143 in
1643 1116 1778 1145 omnibus
1801 1117 1834 1146 &
1854 1117 1964 1155 singulis
1985 1119 2183 1155 insignioribus
2209 1118 2298 1149 Locis

1238 1150 1437 1181 Merchiamm
1460 1152 1586 1190 suarum,
1604 1153 1663 1182 tam
1684 1154 1713 1182 in
1733 1153 1840 1189 Regno
1861 1155 1967 1186 Scotiae
1995 1157 2078 1194 qutun
2099 1157 2225 1194 Axialiae,
2245 1167 2297 1195 pu-

1238 1190 1312 1220 blice
1326 1190 1359 1219 &
1372 1190 1536 1229 solenniter,
1554 1191 1716 1221 inchoando
1729 1192 1802 1230 apud
1816 1193 1926 1224 dictum
1943 1195 2059 1225 Locum
2080 1195 2115 1225 de
2137 1189 2297 1226 Culdstrem

1238 1226 1298 1258 Die
1320 1227 1403 1258 Datae
1425 1227 1626 1266 Parentium,
1657 1230 1689 1260 &
1711 1230 1900 1268 consequente
1924 1232 1983 1263 Die
2012 1232 2126 1263 Veneris
2156 1233 2178 1262 V
2184 1234 2298 1264 icesimo

1237 1268 1318 1297 tertio
1342 1266 1398 1297 Die
1420 1266 1589 1297 Decembris
1610 1268 1682 1305 apud
1703 1268 1839 1299 Norbam
1863 1271 1897 1300 &
1913 1271 2090 1309 Lawatdrie,
2109 1272 2141 1303 ὃς
2155 1272 2191 1302 fic
2207 1273 2301 1302 conti-

1239 1304 1353 1335 nuando
1379 1305 1427 1334 ubi
1450 1315 1522 1343 opus
1544 1306 1624 1336 fuerit
1649 1308 1796 1344 quamcito
1813 1310 1970 1339 commode
1999 1312 2102 1347 poterit
2123 1310 2193 1340 infra
2216 1310 2298 1340 Otto

1238 1342 1308 1373 Dies
1326 1351 1429 1373 extunc
1449 1345 1584 1375 continue
1602 1343 1755 1382 sequentes.

1277 1381 1381 1419 ITEM,
1399 1380 1575 1412 Conclusum
1592 1382 1633 1411 est
1648 1383 1728 1419 quod
1752 1384 1896 1420 praesentes
1920 1385 2136 1417 Conventiones
2157 1387 2190 1417 ὃ(
2213 1385 2298 1416 Con-

1237 1420 1375 1450 clusiones
1390 1419 1569 1455 Treugarum
1586 1422 1619 1451 ὃ(
1633 1419 1808 1452 Guerrarum
1831 1423 2017 1455 Abstinentiae
2042 1424 2298 1455 confirmabuntur

1239 1468 1288 1495 per
1307 1458 1436 1488 Parentes
1455 1458 1562 1489 Literas
1583 1459 1722 1496 utriusque
1747 1460 1915 1499 Principum
1945 1464 2147 1500 praediCRotum
2182 1462 2297 1500 Magnis

1239 1496 1344 1532 Sigillis
1365 1496 1417 1526 suis
1441 1496 1580 1536 sigillatas,
1597 1507 1710 1527 necnon
1732 1498 1942 1538 Subscriptione
1961 1501 1994 1532 &
2018 1501 2192 1538 Sigillatimte
2205 1510 2298 1532 certo-

1239 1544 1301 1564 rum
1318 1534 1514 1565 Dominorum
1531 1536 1564 1566 ὃ(
1581 1535 1736 1566 Nobilium
1762 1536 1952 1576 Spiritualium
1972 1540 2005 1570 δε
2026 1540 2243 1577 Temporalium
2264 1549 2298 1570 ex

1240 1573 1322 1603 Parte
1335 1574 1476 1612 ‘utriusque
1493 1574 1654 1611 Principum
1670 1575 1870 1610 praedi-storum
1889 1576 2042 1614 (videlicet)
2065 1587 2099 1607 ex
2121 1577 2202 1608 Parte
2222 1581 2299 1615 Regis

1243 1615 1353 1650 Scotiae,
1372 1611 1582 1652 Abirdonenfis,
1604 1611 1813 1653 Dunkeldenfir,
1832 1614 1864 1644 ὃς
1880 1615 2009 1644 Candidae
2035 1615 2125 1655 Casae,
2142 1615 2299 1654 Episcopo-

1241 1660 1325 1688 rum,
1343 1649 1430 1680 Colini
1452 1654 1559 1681 Comitis
1584 1650 1616 1680 de
1640 1650 1729 1687 Argil
1747 1652 1912 1682 Cancellarii
1929 1653 2051 1692 Semne,
2070 1653 2234 1683 Archibaldi
2249 1657 2301 1684 Co-

1239 1687 1316 1718 mit'ir
1343 1689 1489 1730 Anguste,
1509 1692 1622 1719 Patricii
1641 1692 1749 1720 Comitis
1769 1690 1801 1719 de
1821 1690 1982 1730 Bothwell,
1999 1693 2033 1722 &
2056 1691 2179 1722 Domini
2197 1692 2301 1731 Halys,

1240 1728 1274 1759 &
1296 1730 1472 1758 Dominorum
1495 1727 1584 1764 Lille,
1603 1725 1753 1766 oliphant,
1782 1730 1814 1759 ὃς
1834 1730 2020 1769 Drummond,
2047 1740 2098 1767 pro
2127 1730 2208 1760 Parte
2231 1733 2302 1761 vero

1241 1769 1318 1803 Regis
1332 1765 1462 1805 Angliae,
1479 1766 1654 1806 Exonienfi5‚
1671 1765 1803 1834 Elie7fis,
1820 1768 1853 1797 &
1869 1770 1912 1797 W
1913 1768 2304 1809 igornienfi5,Episcoporurn‚

1242 1807 1373 1834 Comitum
1395 1805 1427 1835 de
1450 1805 1541 1845 Derby
1562 1805 1594 1835 &
1617 1805 1734 1836 Arunde
1746 1805 1772 1844 l,
1790 1806 1823 1836 &
1839 1809 2013 1836 Dominorum
2025 1807 2058 1837 de
2072 1806 2221 1847 Dynham,
2239 1810 2304 1837 Au-v

1241 1842 1331 1881 deley,
1352 1846 1505 1882 straunge,
1523 1845 1556 1874 &
1569 1844 1711 1883 Dakeryr‚

1279 1882 1356 1919 Qiae
1371 1881 1476 1913 Literae
1491 1883 1526 1913 sic
1545 1882 1667 1919 sigillatae
1682 1882 1838 1919 subscriptae
1857 1883 1891 1914 &
1915 1883 2093 1923 configillatae
2110 1884 2304 1916 deliberabun-

1245 1927 1289 1951 tur
1305 1922 1338 1950 &
1355 1920 1495 1951 tradentur
1510 1920 1643 1951 hincinde
1657 1921 1725 1951 citra
1736 1921 1911 1952 Viceiimum
1928 1922 2014 1952 Diem
2032 1922 2139 1954 Mensis
2163 1923 2306 1954 Februarii

1242 1960 1377 1996 proximo
1404 1958 1531 1990 futurum
1552 1969 1605 1998 pro
1628 1958 1708 1989 Parte
1727 1962 1805 1997 Regis
1825 1963 1916 1990 Scotiae
1938 1959 2087 1991 Willielmo
2099 1960 2176 2003 styler
2195 1961 2306 2000 Militi,

1242 1997 1288 2027 seu
1303 1997 1381 2027 alteri
1394 1999 1567 2036 cuicumque
1584 1997 1754 2028 Potestatem
1770 1997 1900 2036 habenti,
1919 2000 1952 2029 &
1970 2009 2022 2037 pro
2036 2000 2117 2030 Parte
2138 2003 2216 2036 Regis
2237 2003 2306 2033 Arr-

1240 2035 1304 2073 gliae
1328 2038 1447 2066 Patricio
1470 2037 1558 2066 Hume
1583 2037 1619 2066 de
1641 2036 1800 2073 Fascastell,
1819 2037 1864 2067 seu
1884 2038 1961 2067 alteri
1980 2037 2150 2069 potestatem
2171 2038 2305 2076 habenti,

1243 2074 1288 2106 vel
1306 2073 1401 2105 saltem
1416 2077 1527 2112 utrique
1542 2075 1709 2112 Principum
1727 2075 1933 2112 praedidtorum.
2241 2107 2244 2110 ⁴

1279 2111 1325 2142 I‘r
1336 2122 1354 2143 E
1366 2121 1410 2152 M,
1427 2112 1578 2150 specialiter
1596 2112 1784 2143 Conventum
1801 2114 1830 2144 ὅ(
1848 2113 2026 2145 Conclusum
2043 2114 2083 2145 est
2099 2113 2179 2153 quod
2197 2115 2306 2154 utrique

1243 2150 1389 2189 Principes
1403 2152 1551 2190 supradicti
1565 2151 1738 2191 deputabunt
1752 2161 1845 2183 certos
1861 2152 1970 2183 Probos
1994 2155 2028 2185 &
2056 2153 2200 2184 Discretos
2222 2152 2307 2183 Viros

1241 2189 1276 2219 ad
1299 2188 1466 2220 Numerum
1487 2190 1593 2220 Trium
1616 2190 1798 2220 Personarum
1819 2199 1852 2220 ex
1874 2190 2000 2221 alterutra
2021 2191 2103 2223 Parte
2113 2190 2304 2229 eorumdem,

1243 2228 1344 2266 quibus
1357 2230 1542 2259 committent
1559 2228 1733 2259 Potestatem
1747 2229 1858 2266 plenam
1872 2229 1906 2259 ad
1919 2228 2128 2267 Inspiciendum
2149 2230 2174 2260 le
2195 2229 2308 2260 Fische-

1243 2267 1322 2305 garth
1336 2266 1372 2297 de
1385 2267 1443 2298 Esk
1461 2267 1494 2298 &
1507 2268 1609 2298 Terras
1622 2267 1790 2298 debatabiles
1802 2267 1907 2297 ibidem
1925 2268 2096 2306 adjacentes,
2111 2268 2258 2305 videlicet,
2276 2269 2307 2299 in

1244 2305 1477 2336 Occidentalibus
1491 2305 1617 2337 Partibus
1631 2305 1845 2344 Merchiarum‚
1864 2308 1896 2339 &
1913 2307 1990 2344 juitta
2012 2307 2180 2338 eorumdem
2202 2306 2304 2337 discre-

1244 2345 1354 2375 tionem
1375 2344 1474 2375 Finem
1495 2344 1622 2374 debittim
1646 2344 1682 2374 de
1701 2345 1836 2374 omnibus
1862 2343 2070 2376 Controversiis
2100 2345 2179 2383 super
2199 2344 2305 2375 eisdem

1247 2382 1388 2420 perpetuis
1399 2383 1496 2413 futuris
1519 2383 1693 2421 temporibus
1716 2383 1939 2420 imponendum:,
1955 2383 2003 2422 qui
2025 2383 2061 2414 fic
2081 2383 2216 2421 Deputati
2236 2389 2309 2413 con·-

1246 2422 1362 2451 venient
1385 2421 1458 2460 apud
1479 2421 1577 2452 eadem
1603 2421 1682 2451 Loca
1703 2420 1806 2451 Tertio
1827 2420 1886 2451 Die
1911 2420 2019 2452 Mensis
2043 2422 2160 2462 Augusti
2176 2423 2308 2459 proximo

1247 2459 1344 2490 futuro
1358 2469 1426 2490 cum
1443 2459 1665 2490 Continuatione
1678 2460 1711 2490 &
1728 2459 1935 2497 Prorogatione
1953 2459 2079 2491 Dierum
2099 2462 2132 2491 &
2158 2460 2312 2491 Locorum

1250 2507 1334 2536 prout
1347 2500 1384 2527 eis
1399 2499 1498 2528 melius
1514 2497 1655 2528 videbitur
1672 2498 1810 2537 expedire.

1287 2535 1332 2566 IN
1342 2545 1354 2566 s
1364 2545 1385 2566 u
1396 2545 1413 2566 Ρ
1424 2546 1440 2566 E
1452 2546 1472 2567 R
1482 2559 1490 2574 ,
1510 2535 1687 2566 Conclusum
1711 2536 1753 2566 est
1766 2536 1846 2572 quod
1861 2545 1956 2567 mutua
1975 2537 2103 2568 Abolitio
2118 2537 2152 2568 &
2167 2535 2311 2568 Remiffio

1250 2576 1385 2605 omnium
1404 2575 1644 2612 Attemptatorum
1662 2583 1759 2605 contra
1774 2575 1903 2612 Treugas
1918 2576 1997 2605 initas
2007 2598 2017 2614 ,
2037 2585 2224 2613 quocumque
2236 2583 2311 2605 tem-

1252 2623 1321 2657 pore
1335 2615 1494 2658 praeterito,
1512 2623 1562 2651 per
1576 2615 1767 2660 quoscumque
1782 2613 1884 2652 Ligeos
1900 2615 1944 2659 seu
1958 2613 2092 2644 Subditos
2104 2615 2211 2645 alterius
2227 2612 2310 2643 Prin-

1252 2661 1349 2720 3322}
1362 2652 1846 2728 Ρὲῗέὂῖξοᾜῶἑᾶᾝεῗξὲῑξξῗέἷὲἓ
1861 2651 2312 2728 ἳὲᾶωςορᾷᾈῖἶῖἐῖῐιζῑιὲὣὲῐιῗζ

1253 2728 1342 2759 Diem
1359 2728 1527 2759 vicesimum
1542 2727 1649 2758 Menas
1666 2729 1836 2759 Decembris
1850 2728 1919 2759 ultra
1933 2728 2074 2759 transactis
2087 2729 2152 2760 fiant
2167 2730 2201 2759 &
2219 2728 2312 2759 stabu-

1251 2767 1360 2804 lentur,
1387 2767 1549 2805 abolentur,
1571 2767 1605 2797 &
1628 2768 1821 2804 remittantnr;
1846 2766 1966 2797 Proviso
1990 2767 2098 2805 semper
2115 2766 2212 2804 quod,
2238 2766 2312 2797 Casu

1254 2816 1314 2844 quo
1328 2806 1394 2835 alter
1410 2805 1575 2843 Principum
1590 2805 1796 2844 praedidlorum
1809 2805 1896 2836 nollet
1918 2805 2065 2836 observare
2083 2810 2097 2823 '
2121 2806 2249 2842 Treugas
2270 2805 2313 2835 su—
2328 2812 2343 2828 ⁴⁸
2362 2808 2430 2841 ΧΠί

1253 2844 1388 2882 pradic‘tas
1408 2845 1441 2875 ὃς
1463 2853 1595 2874 contenta
1619 2845 1647 2874 iri
1674 2843 1778 2874 eisdem
1795 2867 1805 2881 ,
1833 2843 1900 2874 alter
1922 2843 2089 2881 Principum
2113 2843 2313 2881 praediCtorum
2329 2851 2393 2887 4⁶3·

1255 2882 1420 2914 certificabit
1437 2882 1677 2913 Locumtenentes
1691 2880 1902 2912 Gardianorum
1917 2880 2110 2912 Merchiarurn
2125 2880 2314 2911 Orientalium

1254 2921 1388 2952 hincinde
1403 2930 1452 2958 per
1467 2921 1524 2951 suas
1541 2920 1648 2951 Literas
1665 2920 1699 2951 de
1712 2920 1756 2950 sua
1777 2919 1929 2950 Voluntate
1944 2921 1972 2950 in
1987 2920 2039 2951 hac
2055 2928 2146 2958 parte,
2165 2919 2198 2949 ad
2224 2919 2313 2950 Deci-

1256 2970 1338 2990 mum
1359 2960 1488 2998 quintum
1509 2958 1598 2989 Diem
1619 2957 1728 2989 Menfis
1747 2957 1888 2989 Februarii
1915 2959 2050 2996 proximo
2070 2968 2117 2990 aut
2139 2957 2221 2989 Otto
2243 2957 2314 2988 Dies

1257 2999 1357 3029 exinde
1371 2999 1524 3036 sequentes.

1258 3074 1472 3119 Commtflones
1489 3073 1559 3107 verb
1571 3100 1580 3117 ‚
1604 3073 1640 3107 de
1660 3070 1767 3121 quibus
1775 3074 1870 3121 sirpra
1882 3073 1924 3119 fit
1953 3078 2082 3118 mentio,
2107 3066 2313 3107 deliberabun-

1468 3134 1520 3157 tur
1538 3121 1674 3156 hincinde
1695 3123 1907 3169 Commiffariis
1914 3123 2108 3170 fhpradislis.

1298 3208 1388 3247 QAE
1401 3215 1514 3238 omma
1533 3214 1579 3238 ET
1595 3209 1763 3245 erGuLA,
1781 3207 1816 3238 ita
1830 3207 1898 3237 inter
1913 3206 1984 3238 Nos
2001 3206 2215 3239 Commissarios
2237 3214 2314 3238 antea

1260 3244 1352 3278 dictos
1367 3246 1520 3277 Conventa
1534 3247 1566 3276 &
1579 3244 1738 3284 Conclusa,
1755 3245 1823 3276 Nos
1833 3242 2027 3276 Commissarii
2040 3250 2119 3285 Regi}
2133 3250 2225 3277 Scotiae
2243 3246 2315 3277 Pro-

1262 3287 1399 3317 mittimus
1411 3295 1460 3325 per
1473 3285 1562 3322 ipsum
1579 3283 1847 3315 Metuendiffimum
1863 3283 2026 3314 Dominum
2049 3285 2180 3315 nostrum
2200 3284 2316 3323 Regem

1261 3324 1377 3362 suosque
1391 3323 1586 3361 Successores,
1604 3322 1694 3361 quoad
1713 3321 1801 3360 ipsum
1816 3321 1934 3360 &ipsos
1956 3324 2069 3360 attinet,
2087 3323 2182 3354 debite
2203 3324 2232 3353 in
2251 3332 2316 3354 orn-

1262 3364 1345 3393 nibus
1360 3364 1393 3394 &
1409 3370 1458 3401 per
1471 3363 1568 3392 omnia
1582 3362 1691 3391 Teneri
1706 3360 1898 3391 inviolabiliter
1915 3362 2012 3397 pariter
2029 3362 2061 3392 &
2078 3360 2237 3391 Observari.

1299 3401 1332 3431 In
1347 3410 1469 3438 quorum
1486 3400 1585 3430 Fidem
1602 3401 1635 3430 &
1658 3399 1872 3430 Testimonium
1894 3397 1959 3429 huic
1981 3398 2054 3429 Parti
2079 3399 2320 3439 INDENTURAE5

1263 3448 1348 3477 penes
1363 3439 1582 3469 Commiffarios
1596 3437 1681 3477 Regis
1697 3437 1803 3476 Angliae
1826 3436 1971 3474 supraditsti
1995 3436 2115 3476 relitft'ae,
2131 3437 2199 3468 Nos
2211 3436 2319 3477 ‚Com-v

1265 3477 1378 3508 miffarii
1399 3477 1530 3507 antedicti
1550 3480 1626 3513 Regis
1647 3479 1740 3506 Scotiae
1761 3476 1827 3505 huic
1850 3475 1978 3513 praesenti
2003 3475 2162 3515 Indcnrurae
2183 3475 2318 3507 Nomina

1266 3515 1362 3547 nostra
1386 3517 1498 3554 propria
1517 3514 1738 3552 subscripfimus,
1757 3514 1861 3551 Anno,
1879 3512 1955 3551 Die,
1974 3513 2091 3553 Mense,
2114 3516 2148 3554 ὃ(
2168 3515 2254 3554 Loco
2277 3515 2319 3545 su⁴

1266 3555 1428 3595 prascriptis.

1304 3630 1571 3660 WittrssLMo
1593 3628 1810 3659 Annonam.

1303 3667 1356 3698 W.
1377 3667 1496 3698 Lortn
1516 3666 1878 3705 SANTJOHANNES.

1303 3704 1781 3737 A.Aitcmi>1Ac.SAricr1
1800 3704 2003 3736 ANDREAE.

1305 3743 1494 3774 Parare-1<
1512 3743 1649 3773 HUME.

1299 3783 1411 3820 JoriN
1431 3781 1570 3812 Humi-2.

1268 3866 1366 3902 Tener·
1374 3864 1449 3900 'verb
1466 3862 1670 3908 Commiffionis
1679 3889 1690 3907 ,
1713 3860 1748 3898 de
1759 3858 1869 3957 ‘auibus
1881 3862 1975 3912 stapra'
1982 3862 2023 3911 fit
2037 3866 2145 3905 mentio
2155 3893 2166 3910 ‚
2203 3866 2323 3914 eqaim'r

1696 3916 1733 3951 ό·
1752 3926 1768 3946 e
1811 3924 1844 3947 ta
1857 3918 1893 3947 is.

1268 3996 1473 4063 HEnricus,
1491 3997 1550 4028 Dei
1572 3995 1662 4040 gratia
1673 4016 1683 4035 ,
1701 4000 1761 4028 Rex
1783 3996 1895 4036 Angliae
1917 3995 1956 4031 &⁶
1982 4000 2118 4042 Frartciae,
2137 3997 2176 4034 ὠ
2195 3998 2327 4033 Dominis!

1265 4037 1496 4108 sal{mgr-hernae
1506 4059 1516 4075 ,
1534 4035 1687 4074 omnibus,
1703 4036 1737 4067 ad
1759 4046 1831 4075 quos
1843 4035 1991 4074 praesentes
2010 4036 2114 4069 Literae
2128 4044 2330 4079 pervenerint,

2245 4113 2328 4150 Cim
