2555 4266
703 185 863 228 ,ΕΤ
929 186 1197 228 ACTA
1260 182 1747 232 PUBLICA.

48 273 175 306 Amo.
221 272 408 320 Percipiendo
421 283 471 312 per
485 272 604 317 Diem,
622 282 675 311 pro
688 271 788 304 eadem
804 269 942 316 Custodia
956 295 966 311 ‚
983 281 1068 318 prout
1090 273 1163 302 inter
1175 269 1258 301 Tbe-

66 320 119 352 143
124 323 149 349 5.
190 313 339 345 lauranum
354 311 483 356 nostrum
491 311 612 356 ,Angliae
628 312 661 343 &
676 321 728 342 vos
743 319 845 349 poterit
860 312 1030 357 concordari
1039 333 1049 350 ,
1238 350 1241 354 ι

45 356 109 380 Heu.
127 354 156 381 6.
230 350 434 397 Mandavimus
453 360 529 380 enirn
552 350 670 395 praefato
694 354 793 394 Comiti'
814 349 1035 395 Huntyngdomae
1056 347 1133 392 quod
1153 345 1256 385 praedl-

190 390 280 465 5121ss
283 392 419 457 {grauem
436 388 469 418 de
489 390 563 419 Ewe
585 389 668 421 vobis
694 388 812 420 Liberet
828 411 838 427 ,
865 386 1086 419 custodiendum
1110 396 1140 416 in
1159 386 1253 415 forma

229 464 318 496 Teste
338 472 367 496 ut
384 464 471 504 supra.
1138 502 1143 506 .
1164 501 1169 506 Ι

758 504 811 533 Per
826 504 919 531 Breve
933 501 967 531 de
982 501 1102 530 Privato
1114 497 1215 536 Sigillo-

321 638 413 683 Super
432 636 556 683 expensis
575 633 730 682 Johannis
747 644 838 679 nuper
849 635 947 666 Ducis
965 630 1125 666 Burboniae.

38 714 118 746 Ann.
131 713 173 746 D.

37 761 154 830 Αἶῖῗῖξὶ

193 724 321 780 REX
337 726 491 763 omnibus,
505 724 541 755 ad
556 733 646 762 quos,
663 723 724 754 &a
742 721 876 753 Salutem.

288 764 388 794 Sciatis
401 763 477 801 quod
487 762 570 800 Nos,
1099 800 1104 805 ῃ
1181 799 1185 804 ἡ

225 801 439 833 Confidemntes
455 801 532 840 quod
546 804 678 837 Centum,
695 797 733 833 ό
748 802 922 841 Sexaginta,
934 797 973 833 ῤ’
986 796 1131 837 Tresdectm
1146 795 1252 833 Lzbrae,

40 835 76 859 H·
93 832 123 858 ⁶·
188 841 286 870 Decem
308 839 391 870 SoliAE
403 862 413 877 ,
431 838 470 874 <sy
490 842 543 869 Sex
563 841 682 869 Denarii
695 861 705 876 ,
722 837 830 868 dilecto
850 839 884 869 &
905 836 979 867 fideli
1003 836 1101 880 nostro
1120 860 1129 873 ,
1143 834 1251 880 Thomae

38 873 98 897 ³⁷¹⁸?-
123 877 165 906 13·
188 877 391 908 Comberworth
406 877 513 916 Militi,
530 887 582 915 pro
596 876 728 915 Expenfis
742 875 864 914 diurnis,
882 874 1014 906 carisfimi
1024 872 1252 918 &dilec‘tiCon-

38 911 73 935 H·
93 908 121 935 ⁶·
185 915 326 955 sanguinei
342 915 446 955 nostri,
466 915 609 954 Johannis
623 925 712 952 nuper
730 917 811 944 Ducis
820 914 964 944 Burboniae
982 913 1151 952 (videlicet)
1169 922 1252 949 qum-

39 954 79 974 Μ·
100 955 143 973 ¹⁹·
185 963 218 985 to
225 955 278 1023 Ziie
286 955 427 1023 ,Ιαηΐῖἶίῂ
445 955 535 986 Anno
549 954 643 994 Regni
659 953 749 984 nostri
765 952 969 991 Duodecimn,
986 963 1036 992 quo
1049 955 1103 982 Die
1112 950 1252 992 praefatus

210 1004 225 1023 0
245 1004 330 1023 annes
385 1001 409 1022 1t

182 992 211 1032 J
224 1031 273 1062 De
294 1031 394 1063 Gratia
412 1015 506 1062 iiostra
526 1030 653 1069 speciali,
670 1031 704 1062 &
719 1029 754 1061 de
767 1029 939 1061 avisamento
953 1030 986 1061 δε
999 1028 1105 1060 affensu
1120 1027 1248 1059 Concilii

186 1070 295 1109 nostri,
314 1067 512 1101 Conceffimus
528 1069 648 1109 praefato
663 1068 771 1099 Thmae
787 1091 797 1108 ,
815 1070 849 1100 &
867 1069 1014 1108 Affignatis
1029 1068 1082 1098 suis
1095 1076 1246 1111 ,annuam

169 1110 318 1142 firmam
338 1110 474 1138 Sexdecim
494 1108 645 1138 Librarum
661 1130 671 1146 ,
696 1117 781 1145 quam
803 1109 873 1137 idem
893 1108 1009 1137 Thomas
1031 1106 1132 1137 Nobis
1152 1105 1244 1136 reddit

181 1159 236 1190 pro
245 1147 380 1178 Manerio
394 1147 430 1178 de
436 1146 583 1187 Bondeby,
590 1157 658 1178 cum
667 1145 844 1177 Peninentiis
852 1168 860 1183 ,
869 1147 897 1175 in
907 1144 1054 1176 Comitatu
1066 1145 1226 1174 Lincolniae
1235 1165 1245 1181 ,

221 1186 385 1216 Habendam
408 1196 461 1224 pro
476 1186 620 1216 Termino
640 1184 754 1228 Paschae
767 1184 898 1222 proximo
913 1184 1025 1222 futuro,
1044 1185 1077 1216 &
1093 1193 1146 1222 pro
1162 1182 1248 1213 Duo-

184 1226 237 1257 bus
256 1225 345 1255 Annis
354 1233 457 1255 extunc
473 1226 604 1261 proximo
617 1223 810 1261 sequentibus,

221 1263 258 1295 Et
272 1263 350 1302 quod
364 1264 434 1292 idem
448 1262 577 1301 Thomas,
596 1261 657 1300 post
680 1260 794 1291 eosdem
816 1260 898 1292 Dum
912 1260 1014 1291 Annos
1027 1283 1037 1299 ,
1056 1260 1156 1290 hath
1169 1259 1246 1290 idem

184 1301 352 1333 Manerium
368 1301 451 1340 usque
470 1300 505 1330 ad
528 1301 632 1331 Finem
647 1300 784 1338 Quinque
805 1300 975 1337 Annorum,
994 1309 1097 1329 exrunc
1110 1299 1246 1336 proximo

183 1340 374 1379 sequentium,
392 1340 422 1369 in
439 1337 748 1376 Recompensationem
759 1338 792 1368 &
808 1339 920 1376 plenam
937 1338 1115 1368 Solutionern
1133 1341 1247 1365 Centum

184 1378 224 1415 ῤ’
239 1383 350 1416 Viginti
369 1377 519 1408 Librarum
533 1377 568 1408 de
584 1377 667 1408 dictis
682 1380 795 1406 Centum
810 1399 819 1414 ‚
848 1376 885 1412 (ξφ
899 1379 1067 1414 Sexaginta,
1084 1375 1120 1409 ᾤ’
1134 1375 1245 1415 TreJde-

185 1421 235 1448 cim
256 1418 365 1454 Libris,
382 1419 482 1446 Decem
502 1415 612 1454 Solidis,
629 1414 666 1450 όν
686 1418 738 1444 Sex
760 1418 892 1445 Denariis
903 1438 913 1454 ,
926 1416 1048 1454 praesato
1066 1414 1172 1444 Ihomae
1189 1436 1200 1452 ,
1217 1422 1247 1444 ut

182 1457 380 1496 praemittitur,
397 1454 512 1485 debitis:

222 1494 259 1525 Et
273 1494 403 1531 ulterius,
418 1492 454 1523 de
470 1492 570 1523 Gratia
585 1490 679 1522 nostra
694 1491 818 1536 speciali,
836 1492 869 1522 &
882 1491 918 1522 de
932 1490 1250 1523 avisamento&affen-

183 1532 213 1564 su
227 1532 297 1563 dieii
311 1531 438 1562 Concilii
454 1531 559 1568 nostri,
576 1529 774 1561 Conceiumus
782 1529 900 1570 praefato
916 1530 1024 1560 Thomae
1037 1529 1115 1570 quod
1128 1529 1184 1570 ipse
1199 1530 1248 1560 ha-

183 1572 247 1602 beat
260 1571 295 1601 &
311 1571 448 1608 percipiat
463 1578 587 1600 annuam
607 1569 732 1600 Fit-mam
746 1571 814 1600 0230
830 1569 996 1607 Librarum,
1014 1569 1049 1600 de
1066 1568 1193 1599 Prioratu
1209 1567 1245 1598 de

183 1608 323 1650 Wyngall
337 1631 347 1647 ,
370 1609 401 1638 in
432 1607 512 1638 diCto
541 1605 692 1638 Comitatu
724 1607 884 1639 Lincolniae
901 1630 910 1645 ,
932 1607 1177 1646 percipiendarum
1197 1616 1246 1645 per

184 1656 286 1678 manus
298 1644 442 1694 Johaxnae
457 1669 467 1684 ‚
493 1655 580 1684 nuper
592 1649 692 1677 Uxoris
704 1648 816 1677 Ricardi
829 1646 977 1687 Haunssart
991 1646 1092 1677 Militis
1100 1669 1110 1684 ,
1118 1645 1247 1676 Firmarii

183 1684 330 1717 Prioratus
343 1685 490 1724 praediffl,
507 1695 559 1723 pro
572 1684 716 1716 Termino
733 1686 848 1716 Paschae
862 1687 995 1724 proximo
1010 1686 1125 1723 futuro,
1143 1686 1177 1717 ὃς
1193 1694 1247 1723 pro

184 1723 241 1756 Sex
257 1725 347 1756 Annis
355 1733 461 1755 eXtunc
478 1724 608 1762 proximo
622 1723 814 1763 sequentibus,

223 1761 260 1794 Et
276 1788 285 1800 ,
302 1764 331 1794 iri
354 1763 418 1794 casu
438 1773 496 1801 quo
516 1764 589 1792 dreia
602 1761 739 1800 Johanna
752 1763 824 1794 infra
838 1762 930 1794 dictos
943 1763 1000 1794 Sex
1016 1762 1116 1793 Annos
1129 1762 1249 1799 obierit,

181 1801 317 1842 praefatus
337 1801 453 1832 Thomas
475 1800 636 1832 Prioratusn
652 1801 821 1841 praedi&um
837 1802 936 1832 habeat
951 1802 1035 1840 usque
1051 1800 1136 1831 finem
1151 1800 1249 1831 dicto-

182 1852 246 1874 rum
261 1841 318 1872 Sex
335 1841 503 1878 Annorum,
521 1841 550 1870 in
568 1839 871 1877 Recompensationem
885 1841 1098 1881 Quinquaginta
1112 1838 1150 1874 «ἐν
1165 1842 1248 1869 Dua-

184 1891 244 1911 rum
259 1877 430 1917 Librarum,
448 1878 483 1909 de
497 1878 580 1910 didfis
594 1882 722 1917 Centum,
741 1878 779 1914 όν
793 1882 944 1916 Sexaginta
956 1902 966 1917 ,
984 1878 1022 1913 ῤ’
1034 1877 1179 1918 Tresdecim
1194 1880 1249 1908 Li-

182 1918 259 1957 bris,
276 1921 376 1948 Decem
391 1915 547 1956 Solidir,&
561 1920 615 1947 Sex
622 1920 753 1948 Denariis
767 1918 910 1956 praediffls
925 1919 1140 1949 remanentium.

226 1955 262 1988 In
274 1966 381 2026 ε”.ιὲὶὲίδὶέ
395 1957 476 2035 ἓξὲξ-ε
487 1994 561 2035 apud
578 1994 856 2036 VVellmonast'erium,
873 1995 979 2027 offavo
993 1995 1039 2027 die
1053 1994 1202 2026 Februarii.

766 2073 822 2102 Per
833 2075 927 2103 Breve
935 2073 967 2103 de
982 2075 1103 2103 Privato
1113 2070 1212 2110 Sigillo.

55 2215 80 2239 0.
93 2215 132 2243 x,
320 2203 349 2230 ³*
373 2209 468 2252 Super
485 2204 678 2250 Ambafflata
693 2205 736 2239 ad
751 2207 915 2240 Concilium
933 2207 1095 2252 Bafiliense.

35 2255 172 2325 ffldD.
187 2289 401 2347 Wlllielmus
416 2291 515 2322 Abbas
532 2291 696 2332 Monasterii
712 2291 800 2322 beatae
816 2295 920 2323 Mariae
937 2292 1146 2330 Eborum,ali?is
1159 2291 1252 2323 dietus

66 2336 152 2370 1435.
283 2329 447 2360 lVillielmus
475 2330 575 2360 Abbas
599 2330 763 2371 Monasterii
782 2331 870 2362 beatae
895 2335 1001 2362 Maria
1025 2331 1146 2362 Eborum
1165 2332 1251 2370 juxta

35 2372 92 2400 Aa.
114 2378 157 2407 ¹3·
188 2369 286 2397 Muros
301 2372 435 2398 Civitatis
453 2369 588 2407 Eborum,

35 2412 73 2438 H.
86 2409 116 2437 6.
228 2406 308 2445 Qu,
325 2408 354 2437 in
374 2407 524 2445 Obsequio
548 2408 636 2446 Regis
650 2430 660 2445 ,
674 2416 728 2445 pro
750 2408 840 2439 Clero
856 2408 951 2447 Regni
974 2408 1067 2447 Regis
1088 2408 1202 2447 Angliae
1220 2409 1251 2439 in

35 2451 173 2485 Franc.13.
188 2444 304 2475 Concilio
315 2445 443 2490 Generali
459 2445 597 2490 Bafilienfi
613 2455 755 2491 moratur,

1 2531 4 2534 Δ
32 2488 72 2562 ξ
80 2487 108 2516 6.
115 2495 152 2516 m.
180 2482 596 2555 ωῗηῗὸῗῐὲἑξὲτῗυὲᾔέἒε
605 2485 791 2517 Pmteenone
808 2486 897 2521 (cum
913 2485 1045 2517 Clausula
1053 2485 1192 2523 Volumus)
1203 2495 1252 2526 per

216 2560 383 2631 Pd‘rei‘oete‘
389 2600 473 2640 Rege
488 2600 563 2640 apud
578 2599 857 2642 Wstmonasterium‚
875 2601 983 2633 octavo
995 2601 1043 2633 die
1056 2602 1208 2633 Februarii.

744 2680 798 2709 Per
813 2677 918 2710 Billam
931 2679 965 2710 de
975 2681 1097 2710 Privato
1110 2678 1212 2718 sigilla.

284 2805 335 2836 De
355 2802 622 2848 Ambaffiatoribus
633 2816 689 2852 pro
708 2806 835 2839 Concilio
853 2806 999 2852 Bafilimfi
1009 2805 1180 2851 constitutis.

30 2892 110 2926 Amr.
122 2893 165 2925 D.
185 2887 492 2946 REX.O.mnib⁰⁵²
509 2888 544 2921 ad
558 2900 645 2930 quos,
663 2890 724 2922 &c.
743 2890 876 2923 Salutem.

59 2940 143 2971 14³5·
255 2927 377 2975 ,Senes
389 2930 485 2967 quod,
711 2971 715 2975 .
878 2972 882 2977 ,
899 2972 904 2977 .
1178 2973 1182 2977 .
1199 2973 1203 2977 .

33 2974 150 3038 aar·
181 2964 301 3044 §iffi
315 2966 1248 3047 eiiratsrtazbfsttztsziaffffflu{sternitz

31 3047 96 3076 ibid.
108 3059 145 3078 m.
178 3046 257 3114 Pa&
312 3052 412 3084 uano,

53 3104 61 3113 .
255 3093 288 3114 os

215 3106 315 3152 Eideu'n
329 3120 463 3161 concils»,

213 3159 340 3191 Nediim
360 3170 395 3191 ex
416 3169 492 3198 parte
513 3157 629 3199 ejusdem
644 3160 752 3190 Concilii
765 3170 814 3198 per
829 3160 890 3192 suos
905 3161 1041 3192 Oratores
1054 3183 1065 3198 ,
1089 3161 1188 3192 Nobis
1206 3171 1240 3192 ex

173 3198 230 3230 hac
245 3199 326 3230 caula
345 3198 499 3237 specialiter
517 3199 669 3230 destinatos
681 3222 690 3237 ‚
709 3201 809 3230 verum
822 3202 906 3231 etiarn
926 3200 1116 3238 Apostolicis,
1133 3202 1166 3231 δε
1178 3200 1239 3231 Im-

176 3238 325 3275 perialibus
337 3262 346 3276 ,
365 3247 400 3269 ac
413 3237 533 3268 aliorum
551 3239 764 3278 quamplurium
785 3238 898 3270 Sanerae
915 3238 1018 3269 Matris
1033 3238 1168 3270 Ecclefiae
1184 3239 1239 3271 Pa-

176 3283 253 3307 num
269 3277 301 3307 ὃ(
316 3276 483 3314 Principum
496 3276 670 3307 Secularium
688 3275 810 3315 Literis,
827 3278 982 3308 creberime
996 3277 1134 3316 instigati,

215 3314 264 3345 Ad
278 3315 336 3345 Dei
352 3315 478 3346 Laudem
492 3338 502 3353 ‚
518 3315 628 3345 Sanetae
653 3314 754 3345 Matris
775 3315 910 3346 Ecclefiae
927 3315 1141 3354 prosperitatem
1157 3326 1238 3357 opta-

177 3360 236 3422 {m
251 3353 450 3421 &ffHonqrem
460 3355 509 3391 ,&
524 3353 679 3394 praesertim
694 3354 736 3384 ob
751 3352 830 3385 Fidei
847 3354 1009 3386 Catholicae
1024 3354 1240 3394 Exaltan'onem,

212 3399 268 3422 tere
292 3402 308 3422 e
345 3403 361 3422 u
384 3402 471 3423 tentes

179 3439 184 3441 ·
212 3428 307 3460 'Variis
325 3402 498 3462 {epdiversis
519 3429 618 3462 Cauiis
638 3431 849 3463 rationabilibus
871 3431 1018 3469 praepediti
1033 3454 1043 3471 ‚
1065 3442 1124 3473 quo
1144 3433 1239 3464 minus

176 3466 350 3506 personaliter
365 3469 457 3500 eidem
473 3470 603 3500 interesse
618 3471 776 3508 poterimus
790 3479 821 3503 ut
835 3470 988 3510 vellemus,

216 3511 392 3544 Venerabiles
405 3513 518 3552 Patres,

214 3549 360 3584 Rohertum
375 3553 602 3592 Londonienftm,

215 3589 330 3618 Petrum
338 3591 532 3629 Lexoviensem
541 3613 551 3630 ,

216 3628 298 3658 Zane
312 3629 497 3667 Bajocensem,

216 3664 255 3696 Et
271 3665 440 3695 Bernardum
447 3669 619 3707 Aqunſsm,

215 3703 393 3741 Episcopos‚
427 3712 430 3713 ⁷
532 3712 535 3715 ·

217 3743 279 3781 Ac,
295 3742 434 3772 dili-’Chim
456 3743 538 3772 nobis
557 3746 588 3776 in
610 3744 744 3784 Christo,
761 3745 943 3777 Willielmum
956 3746 1100 3777 Abbaiem
1113 3745 1236 3787 Ecclesiae

174 3783 275 3812 Beatae
290 3783 394 3811 Mariae
408 3782 433 3809 E
437 3779 527 3810 borum
532 3804 542 3819 ,

161 3842 165 3845 -
213 3821 368 3859 Necnon,

213 3858 350 3890 Diletstos
373 3858 471 3895 nobis,

213 3896 267 3928 Ma
289 3896 385 3928 'strum
401 3899 513 3926 Petrum
528 3897 658 3924 Mauritii
672 3895 836 3928 Boetorem
850 3898 879 3928 in
895 3897 1080 3935 Theologia‚

212 3934 252 3966 Et
263 3972 265 3975 .
301 3935 437 3974 agistrum
447 3933 610 3964 Nicholaum
617 3935 720 3964 David
727 3935 959 3967 ,archidiaconum
972 3933 1196 3975 constantiensem
1203 3935 1237 3967 &

178 3972 373 4005 Liomumum
384 3975 417 4004 in
428 3982 550 4011 utroque
561 3972 629 4011 Jure
639 3994 649 4010 ,

186 4027 188 4029 ·
213 4010 343 4045 Nostros
354 4010 572 4043 Ambaffiatores
581 4034 590 4049 ,
609 4009 742 4040 Oratores
749 4032 762 4054 ,ι
776 4021 858 4042 veros
869 4013 903 4043 &
918 4012 1090 4043 indubitatos
1102 4010 1239 4042 Procura-

177 4058 271 4089 mres,
289 4050 426 4089 Astures,
443 4049 595 4087 Factores,
612 4049 646 4080 &
661 4047 797 4079 Nuncios
807 4049 940 4088 speciales
951 4049 1168 4089 constituimus,
1186 4049 1240 4081 Fa-

170 4091 288 4128 dium,
304 4089 338 4121 &
354 4089 534 4128 Deputamus
547 4098 598 4127 per
611 4086 780 4126 Praesentes,

2303 214 2355 253 15

1314 309 1319 314 ι
1333 267 1440 314 Dantes
1454 270 1487 301 &
1504 271 1615 305 Damus
1623 276 1666 317 *eis
1675 299 1685 314 ,
1704 276 1738 306 &
1758 276 1883 314 ipsorum
1899 278 2004 319 Majori
2016 283 2093 316 Parti
2109 307 2119 323 ,
2137 286 2167 315 in
2187 286 2272 316 eidem
2286 289 2358 317 Con·
2373 284 2500 321 Ann.D.

1296 306 1353 336 alto
1369 317 1423 344 pro
1437 316 1568 355 ternpore
1584 313 1713 356 existenti
1729 336 1739 352 ,
1755 315 1928 347 potestatem
1942 341 1952 357 ,
1970 320 2002 350 &
2018 321 2205 363 Mandatum,
2226 326 2285 355 tam
2303 337 2355 363 ge-
2390 333 2479 365 1435·

1294 346 1410 391 nerale,
1428 357 1510 384 quam
1533 350 1650 395 speciale
1663 374 1674 391 ,
1694 352 1828 385 Nomine
1848 355 1944 386 nostro
1959 357 1992 388 δε
2006 369 2057 396 pro
2073 361 2172 393 Nobis
2219 365 2250 394 in
2266 366 2353 396 eodem
2369 367 2435 393 Hen.
2453 365 2484 396 6.

1294 383 1408 413 concam
1423 384 1623 427 intereffmdt,
2184 385 2195 401 '
2475 399 2482 402 ”

1332 421 1505 467 Τῑεᾶεηάί,
1525 425 1793 472 Communicandi,
1810 430 1843 461 &
1860 430 2060 464 concludendi
2074 438 2132 467 tarn
2147 439 2182 469 de
2196 439 2266 479 hiis,
2285 451 2350 480 quae

1292 458 1545 507 Reformationem
1570 464 1701 497 Eccleuae
1725 467 1898 499 Universalis
1912 493 1922 508 ,
1939 472 1969 500 in
1985 471 2084 509 Capite
2098 476 2129 505 &
2144 478 2172 507 in
2189 477 2334 510 Membris

1291 509 1378 542 quam
1393 500 1548 546 hiim-quae,
1559 503 1638 534 Fidei
1647 505 1806 536 Ortodoxae
1820 506 2020 540 fulcimentum
2029 510 2216 554 ,Regumque
2223 529 2256 549 ac
2268 504 2352 549 Prin-²

1290 546 1389 575 cipum
1407 537 1657 580 pacificationem,
1674 553 1848 575 concernere
1862 556 2009 585 poterunt,

1295 614 1301 619 .
1329 576 1458 607 Necnon
1474 578 1510 610 de
1524 580 1557 610 ὃ(
1573 579 1652 618 super
1667 580 1742 613 Pace
1757 592 1887 624 perpetua
1902 607 1911 622 ,
1929 586 2142 618 Guerrarumve
2157 590 2330 627 Abstinentia

1292 623 1365 644 mter
1379 617 1440 660 Nos
1455 617 1488 647 &
1502 618 1636 648 Karolum
1651 620 1854 660 Adverfhrium
1869 623 1988 663 nostrum
2006 625 2038 654 de
2053 629 2170 656 Francia
2181 651 2190 665 ,
2338 619 2350 635 ’

1330 653 1375 697 A'c
1390 664 1474 699 etiarn
1491 655 1664 697 Tradiandi,
1682 658 1948 700 Communicandi,
1966 663 1999 693 &
2014 663 2251 706 Appunetuandi‚
2268 671 2349 703 Con-

1291 690 1427 736 sentiendi
1442 693 1569 738 insuper,
1588 697 1640 734 &,
1659 697 1678 727 si
1694 708 1767 736 opus
1781 699 1882 738 fuerit,
1900 700 2090 732 Dissentiendi
2107 702 2176 742 hiis,
2196 716 2275 744 quae,
2286 710 2350 746 jux.

1290 737 1318 759 ta
1340 729 1583 765 Deliberanonem
1603 735 1671 765 dieii
1694 736 1829 776 Concilii,
1849 739 1922 769 inibi
1943 738 2024 771 statui
2042 741 2074 771 &
2095 742 2218 773 ordinari
2240 749 2350 779 contin.

1286 777 1350 808 get·

1327 792 1528 852 Pronnttentec
1549 811 1582 842 &
1602 810 1801 846 Promittimus
1819 815 1895 847 bona
1910 815 1964 847 fide
1980 816 2050 847 Nos
2065 817 2171 848 Raturn
2208 818 2330 853 Gratum

1289 845 1323 876 &
1340 846 1467 878 Firmum
1482 852 1619 887 perpetuo
1633 851 1780 884 habituros
1795 862 1889 885 toturn
1905 855 1938 886 &
1953 856 2087 894 quicquid
2104 866 2152 894 per
2169 841 2261 888 citeros
2275 846 2350 891 Am!

1288 883 1465 925 baffiatores,
1484 886 1635 933 Oratores,
1651 891 1685 921 &
1701 891 1902 923 Procuratores
1916 894 2045 932 nostros,
2063 903 2108 925 aut
2124 894 2269 934 Majorem
2286 897 2354 929 Par.

1289 931 1348 954 tem
1365 924 1549 963 eorumdem,
1558 937 1589 958 in
1605 927 1684 960 dteto
1699 930 1815 961 Concilio
1828 941 1879 969 pro
1894 940 2026 970 tempore
2039 933 2202 964 existentem
2212 957 2221 973 ‚
2230 935 2350 977 Actum,

1285 960 1411 1031 sFoaudiumm
1418 986 1428 1003 ,
1446 964 1494 995 seu
1507 963 1632 996 Gestum
1654 967 1736 1001 fuerit
1757 970 1787 999 in
1809 969 1978 1009 Praemiffis,
1997 972 2031 1003 &
2045 974 2076 1002 in
2091 972 2204 1009 singulis
2220 972 2351 1006 Praemis-

1394 1023 1405 1040 ²

1322 1038 1361 1070 Et
1376 1040 1433 1071 hoc
1448 1040 1527 1072 idem
1543 1065 1553 1081 ,
1577 1045 1648 1074 cum
1665 1044 1702 1076 de
1718 1046 1750 1077 &
1765 1046 1911 1090 superhiis
1928 1050 2066 1079 certiorati
2087 1049 2223 1081 fuerimus
2237 1073 2247 1089 ,
2284 1062 2355 1083 uan-

1286 1086 1349 1108 tum
1365 1078 1399 1123 ad
1415 1078 1484 1110 Nos
1497 1081 1531 1112 &
1548 1080 1740 1115 Christianum
1756 1084 1920 1123 Principem
1935 1088 2034 1117 attinet
2048 1111 2058 1126 ‚
2075 1086 2243 1119 Executioni
2278 1091 2353 1123 ebite

1284 1118 1447 1148 curabimus
1461 1119 1639 1153 demandare.

1319 1154 1464 1240 gap-uz?
1476 1158 1576 1241 Qui
1591 1197 1685 1243 sigilli
1698 1199 1786 1231 nostri
1795 1200 2036 1242 Testimonio,in
2047 1200 2158 1233 Palatio
2171 1203 2257 1244 nostro
2266 1205 2356 1245 Wst-

1287 1231 1438 1272 monasterti
1445 1256 1456 1271 ,
1473 1233 1590 1267 decimo
1603 1237 1649 1268 die
1661 1237 1817 1270 Februarii.
2088 1281 2143 1310 Per
2158 1280 2305 1312 concilim

1372 1395 1401 1421 ἕ
1427 1400 1486 1431 Pro
1502 1397 1647 1445 Johanne
1665 1401 1780 1434 Burton
1796 1403 1878 1449 apud
1891 1405 2056 1439 Concilium
2078 1408 2232 1441 Generale.
2381 1422 2403 1442 ar
2416 1423 2453 1453 χ,

2384 1462 2453 1498 604.

1290 1490 1357 1552 M
1395 1522 1476 1561 Qui,
1493 1525 1522 1554 in
1537 1522 1686 1563 Obsequio
1701 1525 1887 1566 Regis,apud
1904 1528 2046 1559 Concilium
2060 1530 2193 1561 Generale
2204 1531 2351 1573 Bafiliense
2366 1499 2499 1579 Αιῖἲςςῖ)

1287 1569 1428 1630 mffirbldt'
1436 1595 1546 1631 [iteras
1559 1600 1648 1641 Regis
1663 1601 1698 1633 de
1711 1602 1892 1635 Protefflone
1911 1605 2000 1644 (cum
2015 1604 2142 1637 Clausula
2150 1608 2271 1641 Volumus
2281 1618 2290 1649 )
2298 1621 2348 1650 per
2364 1581 2480 1644 gili&

1284 1647 1376 1669 unum
1394 1639 1512 1670 Annum
1525 1639 1675 1671 duraturas.
2361 1658 2499 1693 Franc.13.'

1321 1675 1405 1707 Praes.
1422 1677 1484 1709 &c.

1369 1482 1483 1520 Agister
1497 1484 1643 1523 Johannes
1658 1488 1767 1517 Burton
1781 1487 1927 1528 Clericus,

1358 1715 1448 1747 Teste
1463 1715 1550 1756 Rege
1565 1717 1639 1756 apud
1653 1717 1932 1761 Wstmonasterium,
1949 1730 1967 1751 x
1985 1720 2032 1753 die
2049 1721 2204 1754 Februarii.
2346 1732 2349 1735 '
2364 1697 2403 1761 ,ιζ
2417 1694 2451 1768 6ρῖ

1848 1799 1903 1828 Per
1917 1797 2022 1829 Billam
2034 1799 2066 1829 de
2081 1801 2200 1831 Privato
2215 1800 2317 1840 sigillo.

1632 1925 1692 1956 Pro
1711 1922 1846 1970 Epiftopo
1861 1926 1992 1958 Exom‘ae.

1292 2004 1419 2061 REX
1438 2005 1599 2046 Omnibus,
1617 2007 1653 2038 ad
1670 2018 1757 2047 quos,
1776 2008 1836 2040 &c-
1855 2008 1990 2041 Salutem.
2364 2021 2442 2055 Am,
2455 2021 2500 2058 D·

1374 2045 1474 2076 Sciatis
1488 2047 1570 2084 quod
1586 2046 1666 2086 Nos,
2387 2069 2460 2102 1435

1329 2081 1569 2116 Consideranone
1590 2084 1762 2117 diversarum
1785 2085 1986 2118 Infirmitatum
2003 2109 2014 2126 ‚
2038 2088 2140 2126 quibus
2153 2110 2164 2126 ,
2183 2086 2356 2122 Venerabilis
2370 2104 2410 2128 An
2435 2111 2445 2128 1
2463 2084 2472 2092 ⁶

1291 2120 1391 2161 Pater,
1408 2122 1550 2162 Epifiopus
1561 2123 1724 2164 Exonienfis
1736 2125 1764 2154 in
1780 2123 1876 2156 Tibiis
1890 2125 1943 2156 suis
1957 2136 2006 2164 per
2019 2126 2110 2164 plures
2126 2126 2226 2158 Annos
2239 2130 2356 2168 graviter
2371 2144 2405 2166 H.
2422 2110 2478 2167 6.3'

1289 2160 1417 2192 detentus
1438 2162 1492 2193 fuit
1505 2185 1516 2201 ,
1534 2163 1572 2194 fic
1593 2164 1673 2202 quod
1696 2162 1758 2201 Ipse
1773 2187 1783 2202 ,
1802 2174 1854 2203 pro
1876 2165 1976 2203 majori
1997 2174 2129 2203 ternpore
2151 2166 2232 2196 Anni
2247 2190 2256 2205 ‚
2275 2168 2353 2200 nullo
2368 2181 2425 2205 Par.
2452 2187 2496 2215 ¹3·

1290 2199 1380 2231 modo
1397 2200 1557 2241 Laborare,
1577 2203 1610 2235 &
1634 2202 1787 2240 specialiter
1809 2202 1910 2241 absque
1933 2202 2009 2234 Vitae
2029 2203 2086 2235 suae
2099 2204 2226 2245 periculo
2239 2206 2274 2238 ὅτ.
2291 2216 2354 2244 gra-
2365 2217 2478 2246 H.6.m.

1288 2240 1403 2270 vamine
1416 2240 1467 2271 fibi
1482 2242 1658 2279 importabili
1671 2241 1802 2280 Equitare
1812 2241 1920 2280 potest,
2367 2264 2411 2292 ¹9·

1326 2276 1375 2308 De
1389 2277 1488 2311 Gratia
1503 2280 1596 2311 nostra
1612 2282 1723 2319 ipeciali
1736 2303 1748 2318 ,
1765 2290 1799 2310 ac
1821 2280 1857 2312 de
1878 2280 2048 2311 avisamento
2063 2282 2098 2313 &
2108 2281 2214 2312 assensu
2227 2281 2357 2316 Concilii

1290 2315 1398 2356 nostri,
1416 2316 1616 2362 Conceffimus
1629 2320 1711 2350 eidem
1729 2318 1850 2387 Engcopo
1868 2319 1947 2358 quod
1962 2318 2024 2357 Ipse
2038 2319 2075 2350 de
2089 2329 2194 2351 caetero
2209 2319 2356 2353 Exonere-

1290 2363 1334 2385 tur
1353 2354 1390 2386 de
1415 2357 1556 2388 veniendo
1588 2360 1617 2389 in
1640 2359 1753 2396 propria
1800 2358 1895 2388 ersona
1917 2357 1983 2396 sua,
2001 2357 2037 2389 ad
2058 2358 2149 2397 aliqua
2169 2358 2354 2394 Parliamenra

1289 2393 1336 2424 seu
1358 2393 1494 2426 Concilia
1516 2381 1608 2428 nosira
1623 2420 1633 2436 ,
1656 2397 1727 2427 infra
1751 2395 1889 2440 Regnum
1909 2395 2041 2427 nostrum
2062 2397 2198 2436 tenenda,
2214 2397 2253 2430 set
2272 2400 2354 2438 quod

1290 2431 1370 2472 Ipse,
1387 2433 1506 2465 durante
1520 2437 1575 2466 vita
1591 2437 1635 2466 sua
1648 2458 1659 2474 ‚
1678 2435 1745 2466 inde
1758 2435 1869 2472 penitus
1883 2432 2054 2474 Excusetur3

1327 2467 1368 2502 Ita
1381 2471 1490 2511 semper
1505 2474 1585 2512 quod
1598 2474 1736 2514 praefatut
1747 2472 1874 2513 Epifipus
1888 2473 1923 2504 ad
1942 2473 2164 2514 unumquodque
2180 2473 2353 2509 Parliamen-

1289 2518 1385 2541 torum
1400 2512 1621 2552 praedictorum,
1636 2523 1686 2551 per
1701 2513 1810 2544 Literas
1824 2513 1882 2544 suas
1898 2511 2027 2543 Parentes
2043 2536 2053 2551 ,
2068 2513 2171 2545 habeat
2182 2512 2354 2547 Procurato-

1288 2558 1331 2579 res
1345 2549 1406 2581 suos
1420 2560 1615 2589 competentes
1624 2574 1635 2590 ,
1650 2561 1722 2583 cum
1735 2550 1875 2582 Potestate
1889 2551 2040 2582 sufficienti
2052 2552 2085 2582 ad
2103 2551 2351 2585 Consentiendutn

1290 2587 1396 2619 eisdem
1413 2587 1605 2621 Parliainentis
1616 2613 1628 2630 ,
1646 2600 1680 2622 ac
1701 2590 1815 2622 Statutis
1827 2590 1861 2622 &
1874 2587 2111 2622 ordinationibus
2124 2601 2188 2631 quae
2203 2592 2235 2622 in
2245 2592 2350 2625 eisdem

1287 2626 1420 2658 Ordinari
1434 2629 1597 2667 continget.

1323 2665 1357 2696 In
1373 2667 1467 2705 cujus,
1485 2669 1548 2699 &c-

1361 2704 1451 2737 Teste
1467 2705 1554 2745 Rege
1570 2705 1643 2744 apud
1663 2704 1921 2746 Wstmonasterium
1935 2728 1946 2744 ‚
1962 2706 2009 2745 xiij
2024 2705 2071 2737 die
2086 2705 2239 2739 Februarii.

1865 2785 1915 2813 Per
1929 2785 2022 2813 Breve
2036 2783 2068 2813 de
2078 2784 2200 2814 Privato
2214 2785 2312 2824 Sigillo.

1508 2921 1557 2953 De
1574 2916 1745 2952 ‘l'raflando
1765 2929 1834 2951 cum
1854 2919 1942 2951 Duce
1958 2919 2123 2953 Bavarrie.

1287 3003 1412 3058 REX
1429 3004 1592 3043 Omnibus,
1609 3003 1644 3034 ad
1657 3013 1746 3043 quos,
1765 3003 1826 3035 &c.
1845 3002 1980 3035 Salutem.
2351 3020 2420 3051 Am,
2446 3020 2488 3053 D·

1384 3043 1482 3074 Sciatis
1497 3044 1577 3082 quod
1593 3042 1678 3080 Nos,
2294 3082 2299 3086 ι
2373 3068 2411 3098 14
2423 3044 2449 3095 '5

1319 3079 1367 3112 De
1379 3081 1507 3112 fidelitate
1522 3104 1532 3120 ‚
1552 3080 1808 3118 circumspectione
1843 3080 1878 3111 &
1897 3079 2057 3118 Industria,
2075 3078 2201 3111 fidelium
2220 3080 2255 3112 δε
2272 3080 2340 3110 dile-
2352 3102 2378 3125 A
2414 3069 2428 3100 3
2452 3084 2460 3090 ⁴

1281 3119 1395 3150 <storum
1409 3120 1572 3151 nostrorum
1584 3142 1594 3158 ,
1612 3119 1745 3156 Magistri
1759 3103 1903 3158 Joh'annis
1916 3119 2008 3149 stokes
2025 3142 2035 3156 ‚
2054 3117 2185 3164 Magistri
2210 3119 2338 3157 Stephani
2353 3109 2433 3165 ἷζε
2441 3107 2468 3136 3·

1280 3159 1406 3199 Wiltqn,
1425 3160 1539 3198 Legum
1561 3159 1595 3190 δε
1617 3156 1777 3188 Canonutn
1790 3157 1975 3196 Doctorum,
1993 3158 2027 3189 &
2041 3159 2152 3188 thardi
2165 3156 2268 3196 Sellyng
2284 3157 2338 3188 Ar·
2350 3159 2474 3213 Franc'13

1277 3198 1398 3236 migeti,
1418 3198 1572 3236 plurimum
1588 3195 1779 3235 confidentes,
2351 3218 2379 3240 H
2405 3199 2437 3242 6·
2447 3199 2486 3244 m·

1311 3234 1387 3274 Ipsos
1402 3236 1513 3267 nostros
1529 3234 1764 3274 AmbaffiatOtes,
1783 3233 2014 3271 Commissarios‚
2033 3233 2189 3272 Deputatos
2203 3255 2214 3271 ,
2229 3231 2338 3264 Procu-
2381 3236 2386 3241 '
2427 3237 2432 3242 '
2477 3235 2486 3244 '

1277 3283 1380 3344 rsatores
1397 3298 1406 3313 ,
1424 3276 1457 3307 &
1474 3274 1610 3306 Nuncios
1624 3273 1752 3313 speciales
1768 3273 1942 3305 Ordinamus
1958 3274 1991 3305 &
2004 3272 2182 3311 Deputamus
2197 3281 2246 3309 per
2260 3271 2339 3304 Prae-
2351 3261 2378 3287 7'

1289 3323 1366 3344 entes

1313 3337 1422 3383 Darites
1436 3352 1469 3383 &
1484 3352 1687 3384 Concedentes
1702 3350 1823 3389 eisdem,
1841 3352 1875 3383 &
1890 3359 1989 3381 eorum
2006 3348 2138 3392 cuilibet,
2152 3346 2265 3388 plenam
2282 3349 2342 3380 Po-

1277 3390 1422 3429 testatem,
1440 3392 1473 3422 &
1488 3391 1660 3422 Mandatum
1676 3392 1735 3421 tam
1750 3390 1894 3429 generale,
1911 3389 1997 3426 quam
2012 3385 2144 3430 speciale,
2162 3386 2261 3418 nostro
2270 3388 2341 3419 No—

1277 3431 1374 3469 mine,
1394 3440 1461 3460 cum
1477 3429 1579 3461 Illustri
1600 3428 1735 3466 Principe
1751 3451 1761 3466 ,
1780 3427 1936 3458 Avunculo
1951 3424 2047 3468 nostro
2068 3423 2230 3469 cariffimo,
2249 3426 2341 3457 Lodo-

1278 3473 1347 3499 wico
1361 3472 1437 3500 Duce
1459 3472 1611 3499 Bavarriae
1625 3491 1635 3506 ,
1655 3466 1773 3497 Comite
1794 3466 1921 3497 Palatino
1943 3464 2043 3507 Rem,
2067 3463 2101 3494 δε
2122 3462 2199 3494 Sacri
2222 3464 2339 3502 Imperii

1276 3507 1494 3545 Archidapifero
1507 3529 1518 3545 ‚
1536 3506 1628 3545 ejusve
1648 3504 1858 3536 Commiffariis
1870 3526 1880 3542 ,
1901 3503 2065 3541 Depuiatis,
2084 3501 2130 3533 vel
2145 3501 2338 3542 Deputandis,

1275 3556 1310 3577 ac
1326 3545 1560 3577 Procuratoribus
1574 3546 1602 3575 in
1617 3555 1650 3576 ea
1664 3553 1740 3582 parte
1760 3542 1946 3573 sufficientem
1963 3538 2135 3571 potestatem
2150 3541 2184 3572 &
2198 3540 2336 3572 AuCtori·

1273 3592 1359 3615 tatem
1374 3585 1544 3615 habentibus
1558 3607 1568 3622 ,
1584 3583 1620 3614 de
1633 3583 1666 3614 ὃς
1680 3582 1756 3620 super
1776 3580 1921 3610 Solutione
1935 3577 1969 3608 &
1985 3577 2139 3609 Solutionis
2156 3579 2246 3609 modo
2269 3589 2336 3617 qua-

1274 3633 1464 3662 rumcumque
1478 3623 1677 3667 Summarum,
1686 3630 1735 3658 per
1751 3628 1803 3662 nos
1814 3619 1888 3661 fist?
1900 3615 2007 3686 Illcgtri
2018 3618 2137 3660 Principi
2154 3617 2336 3661 Dte-bitarum²

1274 3673 1392 3693 necnon
1407 3663 1443 3693 de
1457 3661 1543 3692 Locis
1565 3661 1599 3691 &
1619 3658 1814 3695 Temporibus
1828 3656 1928 3694 quibus
1965 3655 2106 3686 olunones
2121 3655 2263 3694 praedictae
2276 3654 2336 3686 fieri

1274 3702 1396 3732 debeant
1411 3725 1421 3739 ,
1439 3698 1642 3731 Conveniendi
1656 3720 1665 3734 2
1682 3693 1838 3726 Tractandi
1853 3716 1864 3733 ‚
1883 3693 2106 3732 Appunemandi
2123 3717 2133 3733 ,
2154 3694 2188 3725 &
2206 3692 2337 3724 Conclu-

1273 3739 1376 3778 dendi,
1912 3772 1917 3777 ¹
2053 3771 2059 3776 .
2164 3771 2169 3775 .

1311 3778 1478 3817 Caeteraque
1497 3776 1594 3807 onmia
1616 3774 1648 3804 &
1673 3770 1778 3808 singula
1791 3793 1802 3809 ,
1827 3769 1988 3802 Solutiones
2008 3769 2221 3813 hujusm0d1·&
2235 3779 2336 3814 earum

1274 3817 1385 3848 Modos
1400 3815 1586 3854 quovismodo
1601 3810 1822 3848 concernentia,
1841 3809 1994 3847 Faciendi,
2014 3808 2209 3847 Excercendt,
2227 3809 2261 3839 &
2276 3806 2337 3839 fieri

1274 3855 1498 3891 eonsentiendi,
1517 3862 1585 3882 cum
1599 3850 1651 3880 suis
1667 3847 1892 3886 Emergentibus
1903 3871 1913 3887 ,
1931 3847 2121 3879 Incidentibus
2134 3869 2144 3885 ,
2163 3845 2336 3884 Dependen-

1273 3895 1363 3931 tibus,
1381 3894 1415 3925 &
1430 3890 1575 3922 Connexis
1587 3886 1829 3931 quibuscumque,
2060 3923 2065 3928 .
2170 3922 2175 3927 ¹

1309 3933 1510 3964 promittentes
1524 3951 1534 3966 ,
1551 3929 1581 3957 in
1597 3927 1689 3957 verbo
1705 3925 1819 3964 Regio,
1837 3924 1924 3963 Nos,
1943 3929 2080 3967 perpetuis
2093 3922 2190 3967 bituris
2202 3921 2337 3961 Tempo-

1275 3972 1370 4008 ribus,
1394 3968 1523 4004 Ratum,
1549 3964 1691 4003 Gratum,
1709 3963 1857 4002 Firmum,
1873 3964 1906 3995 ὃς
1922 3961 2028 4006 Stabile
2041 3962 2184 4005 habituros
2220 3962 2253 3993 &
2268 3961 2338 3992 fide-

1275 4010 1338 4040 liter
1357 4007 1522 4044 impleturos
1536 4028 1547 4043 ,
1564 4013 1656 4035 toturn
1673 4004 1706 4035 &
1721 4003 1857 4041 quicquid
1874 4011 1923 4040 per
1944 3999 2035 4030 dictos
2049 3998 2172 4030 Cornmi
2235 4009 2266 4030 os
2285 4009 2339 4030 no-

1279 4047 1351 4078 stros
1366 4071 1373 4084 ,
1396 4053 1441 4075 aut
1465 4053 1564 4073 eorum
1587 4043 1710 4082 aliquem
1727 4064 1737 4079 ,
1763 4041 1871 4072 Αᾶυω
1886 4062 1896 4078 ,
1914 4037 2040 4069 Gesturn
2052 4061 2064 4078 2
2082 4046 2130 4071 aut
2150 4036 2339 4073 procuratum

1277 4086 1363 4117 fuerit
1376 4085 1407 4114 in
1422 4080 1592 4120 Praemiffis,
1609 4082 1644 4114 &
1659 4078 1789 4121 quolibet
1804 4075 2026 4111 Praemifforum.
2319 4110 2356 4147 In
