2555 4266
0 268 61 307 arm
81 264 123 304 D.

0 297 104 388 ori:

5 775 99 806 ⁸X11.

0 818 54 845 106.

5 3776 24 3798 ὓ
37 3775 105 3809 xri.

11 3822 72 3854 107.

743 182 854 228 ET
937 179 1203 228 ACTA

141 284 225 347 tgas,
244 273 337 344 ῐτέοάο
353 274 387 305 &
399 273 492 305 form-3.
505 275 607 312 quibus
623 275 661 305 eis
676 275 776 305 melius
794 273 953 311 videbitur,
972 271 1152 312 Astringendi
1172 270 1206 301 ὅτ.

173 317 211 346 bli
231 325 264 345 an
287 316 312 350 i,

177 325 342 389 Cgtemque
354 354 452 383 'omnia
465 352 497 382 &
515 352 633 390 singula,
653 362 716 390 quse
730 352 760 382 in
772 350 922 382 Praemiffis
942 350 988 380 vel
1007 351 1081 380 circa
1099 358 1199 393 eorum

139 395 228 432 aliqua
244 392 397 422 necessaria
418 392 521 421 fuerint
541 392 584 421 seu
608 391 828 429 quomodolibet
851 398 993 426 oporruna
1009 409 1019 426 ,
1044 387 1201 431 Faciendi,

137 429 331 499 Excerffendi,
347 430 380 460 &
403 429 587 469 Exequendi,
607 439 693 468 prout
713 429 784 459 Nos
805 428 960 458 faceremus
981 425 1001 454 fi
1022 425 1200 462 personaliter

135 472 222 501 intere
247 479 342 499 emus:

175 508 393 545 PromittenteS,
418 507 497 538 boni
518 507 587 537 Fide
607 507 640 537 ὅτ
658 507 686 535 ἰη
709 505 809 535 Verbo
830 502 927 541 Regio
944 524 954 539 ‚
978 500 1048 531 Nos
1071 501 1199 546 Rarum,

135 547 279 584 Gratum,
296 547 329 577 δε
350 546 477 576 Firmum
500 555 551 583 pro
572 552 708 582 perpetuo
731 543 874 572 habituros
895 548 989 570 totum
1012 541 1047 572 δε
1063 542 1199 578 quicquid

136 585 216 624 quod
231 595 281 625 per
296 586 426 623 praefatos
436 585 587 620 Oratores,
607 580 839 616 Oommissarios,
858 578 1078 614 Procuratores,
1099 578 1199 617 Depu-

135 633 210 655 tatos
227 649 237 662 ,
263 625 296 655 ὃ(
320 624 457 655 Nuncios
477 622 589 652 nostros
602 644 612 659 ,
637 624 758 657 Septem,
781 621 853 654 Sex,
880 617 1025 660 Quinque,
1048 618 1201 658 Quum,

136 665 220 700 Tres,
238 663 283 693 vel
304 666 380 692 Duos
407 671 526 697 eorum,
546 659 669 694 AEtum,
687 657 828 695 Gestum,
846 655 1040 694 Concluium,
1060 657 1104 687 seu
1127 656 1201 687 Pro-

136 711 267 733 curatum
283 703 407 732 fueritin
424 698 590 734 Praemiffis,
610 696 655 726 vel
672 705 771 726 eorum
783 695 893 733 aliquo:

176 741 327 771 Nolumus
344 748 440 771 tamen
462 737 540 775 quod
551 759 561 774 ,
588 736 687 773 vigore
703 743 751 765 aut
766 735 864 765 colore
882 733 964 772 hujus
981 732 1200 767 Commiffionis

137 779 261 817 nostrae,
278 779 378 816 aliquae
396 774 679 810 Confoederationes,
707 773 870 810 Amicitiae,
893 773 992 811 Ligae,
1018 773 1038 791 *
1056 771 1200 811 Treugae,

139 818 316 849 Guerrarum
331 815 534 850 Abstinentiae,
553 811 787 850 Conventiones,
802 810 994 850 Intelligentiae
1005 835 1014 847 ,
1032 810 1201 842 Promiffio-

137 867 205 894 nec,
218 857 262 887 seu
282 854 497 891 obligationes,
514 853 586 881 inter
603 850 671 881 Nos
690 851 724 881 ὅ(
738 851 862 880 eundem
882 850 1134 888 Confimguineum
1148 860 1202 881 no-

140 895 248 932 strum,
266 893 310 923 seu
329 891 510 922 Nominibus
527 889 648 926 nostris,
670 898 715 919 aut
734 898 787 926 pro
805 889 904 920 Nobis
922 889 1078 919 contrauae
1096 890 1128 920 &
1149 890 1202 919 ini-

137 942 192 971 tae,
210 934 237 962 in
257 939 331 968 parte
350 929 395 959 vel
413 930 442 959 in
462 937 525 958 toto
544 928 700 965 violentur,
720 927 906 959 invalidentur
920 952 929 964 ,
947 936 994 958 aut
1013 926 1200 966 infirmentur,

136 982 192 1004 nec
211 978 307 1000 earum
327 968 416 1005 aliqua
433 967 553 998 violetur
565 990 574 1005 ,
600 967 765 998 invalidetur
780 989 790 1005 ,
815 975 861 997 aut
886 965 1068 1003 infirmetur,
1094 968 1198 1006 ymmo

138 1010 271 1041 volumus
285 1007 366 1044 quod
384 1007 448 1045 ipsae
465 1007 498 1036 &
518 1006 651 1044 quaelibet
668 1005 850 1043 earumdem,
870 1015 904 1037 ac
921 1006 1021 1036 omnia
1040 1005 1074 1035 &
1093 1005 1201 1042 singula

135 1050 165 1079 in
183 1048 223 1077 eis
238 1054 390 1081 contenta,
409 1054 494 1080 prout
514 1046 542 1075 in
564 1044 663 1074 Literis
681 1044 828 1081 superinde
845 1044 986 1075 confeffls
1005 1043 1113 1081 plenius
1127 1053 1201 1074 con-

135 1088 258 1122 tinetur,
284 1086 314 1115 in
331 1086 381 1115 suo
401 1084 483 1114 firmo
504 1082 626 1113 Robore
644 1084 676 1113 &
695 1082 828 1120 Effectu,
852 1083 930 1121 juxta
948 1083 1007 1113 vim
1021 1105 1031 1120 ,
1058 1081 1201 1120 formam,

135 1125 171 1155 δε
191 1123 328 1154 εὲἷεὲἲυῐη
348 1122 511 1154 earumdem
530 1122 688 1152 Literarum
704 1145 713 1160 ,
740 1128 921 1160 permaneant
944 1122 978 1153 &
1003 1121 1201 1152 inviolabiliter

134 1162 328 1193 observentur.

172 1201 204 1231 In
221 1210 344 1239 quorum
361 1201 492 1230 omnium
506 1200 540 1230 &
555 1198 728 1237 singulorum
744 1196 961 1229 Praernifforum
979 1197 1078 1228 Fidem
1090 1199 1123 1228 &
1139 1198 1202 1229 Te-

137 1239 324 1277 stimonium,
344 1239 488 1276 praesentes
509 1237 613 1268 Literas
635 1235 743 1267 Manus
766 1236 871 1266 nostrae
894 1236 1094 1274 subscriptione
1113 1237 1201 1276 signa-

134 1279 247 1317 vimus,
266 1279 299 1310 &
316 1278 406 1317 Sigilli
420 1277 509 1308 nostri
526 1276 645 1307 fecimus
659 1275 830 1313 appensione
842 1276 1028 1306 communiri.

174 1354 266 1386 Teste
293 1355 400 1392 meipso
422 1354 495 1391 apud
519 1350 773 1391 Wstmonasterimn
787 1375 798 1391 ,
824 1352 931 1383 oftavo
958 1349 1018 1382 Die
1036 1351 1202 1392 Februarii,

134 1394 228 1426 ‘Anno
245 1392 342 1433 Regni
357 1392 446 1423 nostri
464 1392 593 1423 Decimo
611 1391 727 1421 octavo.

175 1470 328 1508 Conveni,
345 1468 499 1506 Contraxi,
518 1469 552 1500 δε
566 1467 703 1498 Conclufi
714 1491 722 1503 ,
742 1468 774 1499 &
790 1477 840 1504 per
852 1466 1006 1499 Praesentes
1026 1466 1201 1506 Convenio,

139 1509 291 1546 Contraho
307 1530 316 1545 ,
340 1510 374 1540 ὃς
395 1507 550 1537 Concludo
567 1531 576 1542 ,
603 1505 683 1544 quod
707 1506 856 1544 Amicitia,
882 1507 916 1536 ad
937 1505 1032 1536 Vitam
1055 1507 1201 1536 dfftorum

138 1551 261 1578 Francia
277 1545 316 1580 ὠ
333 1544 447 1582 Angliae
462 1548 612 1583 Principum
627 1554 642 1575 a
655 1552 786 1581 tempore
803 1543 977 1582 Inceptionis
1000 1544 1123 1583 ejusdem
1146 1544 1200 1574 du-

135 1595 242 1623 ratura,
262 1586 334 1615 inter
346 1584 457 1614 eosdem
474 1583 635 1621 Principes,
654 1583 839 1619 superioribus
856 1584 909 1613 hiis
929 1583 1055 1621 Diebus,
1074 1585 1101 1612 in
1121 1587 1200 1614 Civi-

134 1631 196 1655 tate
209 1622 390 1660 Ambianenli
409 1630 568 1660 conventa,
588 1622 670 1659 inita,
689 1622 722 1652 δε
739 1622 886 1659 conclusa,
907 1622 1149 1660 quemadmodum
1169 1624 1199 1653 in

134 1662 260 1699 Literis,
287 1671 338 1699 pro
356 1662 439 1692 Parte
458 1661 596 1696 utriusque
612 1660 734 1697 ipsorum
754 1660 919 1698 Principum
944 1660 1009 1691 inde
1036 1661 1175 1691 confecitis
1189 1684 1199 1700 ,

135 1710 293 1739 eorumque
313 1699 450 1730 Manibus
464 1699 622 1736 subscriptis
640 1699 673 1728 &
693 1698 793 1735 Sigillis
816 1699 932 1738 sigillatis
945 1723 954 1736 ,
980 1709 1097 1736 quarum
1117 1703 1199 1730 Data

133 1740 173 1779 est
191 1739 317 1780 Vicefimo
343 1749 413 1768 nono
434 1741 488 1768 Die
514 1737 614 1775 Illenfis
632 1737 767 1776 Augusti,
797 1741 884 1768 Anno
905 1740 1017 1768 Domini
1036 1737 1199 1780 Millefimo,

134 1777 421 1819 Quadringentesimo,
444 1776 633 1817 Septuagefinio
657 1780 766 1815 quinto,
792 1777 900 1814 plenius
919 1779 1096 1815 continetur,
1114 1787 1199 1817 atque

131 1818 230 1847 omnia
241 1816 373 1854 Capitula
390 1817 423 1847 &
439 1815 559 1846 Articuli
575 1816 609 1847 &
620 1814 739 1853 lingula,
758 1816 785 1844 in
799 1815 861 1852 ipsis
874 1816 1009 1846 Articulis
1030 1816 1147 1855 inclusa,
1168 1818 1198 1847 in

131 1855 253 1894 praefatis
279 1855 392 1885 Litteris
410 1862 567 1890 contenta,
590 1853 698 1883 dictam
720 1852 885 1884 Amicitiam
908 1857 1128 1891 concernentia,
1158 1856 1199 1885 ad

133 1898 249 1924 Centum
265 1897 382 1940 Annos,
397 1892 455 1932 post
468 1896 590 1922 Mortem
603 1891 718 1921 alterius
732 1892 863 1922 dicft‘orum
880 1894 1002 1922 Franciae
1021 1891 1059 1927 <VJ
1085 1893 1197 1931 Angliae

132 1935 286 1971 Principum
294 1935 382 1970 primo
400 1932 559 1961 Decedentis
570 1930 694 1970 proximo
702 1930 816 1970 futuros
826 1954 834 1969 ,
855 1932 888 1962 ὅτ
899 1932 932 1961 ad
946 1932 1114 1962 eorumdem
1129 1936 1195 1962 Cen-

132 1978 193 2001 tum
215 1975 363 2002 Annorum
379 1973 471 2001 Finem
488 1967 718 2009 prolongentur,
738 1969 949 2008 Extendamus,
969 1969 1198 2008 Continuentur,

133 2010 169 2043 &
184 2010 394 2047 Proropentur,

170 2048 318 2088 Ipsamque
332 2047 493 2078 Amicitiam
503 2070 514 2086 ,
531 2047 565 2077 &
579 2046 676 2078 omnia
689 2044 818 2086 Capitula
831 2047 865 2078 &
882 2044 1026 2078 Articulos
1038 2058 1102 2079 eam
1126 2058 1202 2079 con-

132 2088 295 2125 cernentia,
314 2088 342 2117 in
365 2086 485 2124 praefatis
509 2085 612 2116 Literis
633 2094 664 2116 ut
683 2086 861 2123 praemittitur
873 2095 1024 2124 contenta,
1073 2098 1111 2125 o,
1129 2087 1199 2117 dieti

131 2129 211 2163 Regis
223 2129 386 2155 Francorum
401 2124 559 2159 Deputatus
573 2124 745 2162 antedictus,
765 2124 815 2162 &,
833 2125 901 2154 dieti
914 2124 1046 2156 Revereri
1070 2127 1079 2156 i
1096 2126 1200 2164 Patres,

131 2165 264 2195 Robertus
286 2162 407 2193 Bathea,
433 2162 470 2198 &⁶
495 2161 608 2193 W’Ilen.
637 2164 671 2195 &
692 2161 838 2200 Johannes
862 2162 953 2194 Elien.
982 2163 1140 2204 Episcopi,
1163 2174 1197 2194 ac

131 2204 266 2239 Henricus
279 2206 369 2232 Comes
384 2200 517 2241 Effexiae,
535 2205 680 2232 Antonius
703 2204 793 2230 Comes
817 2205 842 2231 R
859 2212 938 2240 verr,
954 2202 1101 2240 Johannes
1118 2203 1200 2232 Dud-

131 2241 190 2281 ley,
208 2238 354 2279 Johannei·
375 2239 522 2279 Dyuham,
541 2239 688 2278 Johannes
713 2242 822 2270 Howar
849 2264 858 2276 ,
883 2241 916 2271 &
937 2241 1084 2279 Johannes
1107 2244 1200 2271 Gunt-

131 2279 215 2319 horp,
234 2279 370 2310 Nomine
391 2279 536 2310 dictorum
558 2278 680 2308 Franciae
703 2277 741 2313 ὠ
762 2278 875 2316 Angliae
894 2281 1062 2318 Principum,
1089 2280 1123 2311 &
1147 2291 1200 2318 pro

133 2320 189 2357 eis,
203 2328 363 2356 eorumque
378 2317 549 2348 Haeredibus
562 2318 596 2348 &
611 2317 844 2355 Succefforibus,
863 2316 1003 2350 Potestate
1015 2320 1049 2350 &
1066 2318 1201 2350 Auctori-

131 2366 189 2388 tatc
207 2357 313 2394 michi,
331 2357 364 2387 &
388 2355 491 2386 eisdem
515 2355 691 2386 Reverendis
712 2354 860 2394 Patribus,
879 2356 994 2386 Roberto
1015 2357 1138 2387 Bathon.
1161 2355 1200 2393 ῤ’

133 2394 249 2426 W’ellen.
266 2397 299 2426 δε
319 2393 448 2433 Johanni
467 2393 558 2424 Elien.
584 2394 747 2432 Episcopis,
765 2404 798 2425 ac
812 2397 930 2424 Henrico
948 2399 1046 2426 Camiri
1063 2395 1200 2435 Effexiae,

132 2432 260 2464 Antonio
279 2437 377 2463 Conciti
397 2436 517 2473 Ryvers‚
536 2431 665 2471 Johanni
688 2432 811 2473 Dudley,
838 2433 968 2472 Johanm'
979 2434 1126 2474 Dynham,
1143 2435 1201 2473 Jo-

131 2470 220 2502 hanni
232 2473 376 2509 Howard,
394 2472 424 2502 ὅ(
442 2471 572 2510 Johanni
585 2471 745 2510 Gunthorp,
761 2473 790 2502 in
807 2472 859 2502 hac
875 2482 950 2509 parte
971 2473 1146 2511 commissis,
1161 2471 1205 2509 ,ad

132 2510 172 2550 (ῤ’
181 2519 232 2548 per
246 2514 360 2540 Centum
371 2515 488 2548 Annas,
501 2509 624 2548 proximo
634 2510 693 2549 post
707 2512 829 2540 Mortem
842 2510 955 2540 alterius
969 2512 1101 2542 dic‘lorum
1117 2513 1201 2542 Prin-

131 2553 237 2588 cipum,
261 2556 293 2578 ut
307 2553 505 2588 praemittitur,
529 2548 614 2586 primo
636 2549 812 2586 Decedeufis,
837 2550 1018 2589 duraturam,
1042 2550 1202 2589 Prolonga-

133 2597 213 2626 mus,
231 2586 432 2626 Extendimus,
452 2586 680 2627 continuamus,
697 2588 731 2619 &
746 2587 959 2627 prorogamus,

173 2625 302 2664 Capitula
326 2628 418 2665 vero,
445 2625 665 2657 Matrimonium
681 2650 690 2664 ,
717 2625 939 2665 Affignationem
957 2650 966 2665 ,
991 2628 1025 2658 &
1045 2627 1202 2658 Ditionem

169 2665 241 2702 otis,
259 2664 485 2696 Traduc‘tionem
496 2688 506 2702 ,
524 2673 682 2702 caeteraque
702 2664 812 2696 distum
837 2665 1057 2697 Matrimonium
1081 2676 1204 2697 concer-

134 2703 249 2740 nentia,
267 2702 358 2733 modo
378 2704 410 2734 ὃ(
433 2702 528 2739 forma
549 2703 586 2733 de
608 2703 710 2741 quibus
735 2705 764 2733 in
785 2704 869 2735 dietis
894 2704 1006 2736 Litteris
1028 2703 1061 2735 fit
1077 2706 1204 2743 mentio,

136 2735 279 2772 Volumus
297 2742 324 2771 in
339 2742 388 2772 suo
408 2741 531 2772 Robore
545 2742 577 2772 &
592 2741 736 2773 Firmitate
753 2753 934 2781 permanere,

173 2779 229 2818 Et,
246 2778 279 2808 ad
296 2780 450 2816 pleniorem
465 2780 622 2819 aliquorum
639 2781 785 2811 dierorum
804 2780 1003 2818 Capitulorum
1026 2782 1060 2813 &
1086 2780 1204 2813 Articu-

138 2815 234 2848 lorum
247 2813 442 2857 inteileimm,
459 2818 676 2857 firmioremque
695 2828 797 2851 eorum
818 2820 1050 2857 Observantiam,
1068 2830 1142 2860 ego,
1159 2821 1204 2851 di-

138 2857 177 2886 eti
195 2859 273 2894 Regis
289 2860 451 2886 Francorum
468 2856 627 2895 Deputatus
642 2857 815 2895 supradistus
826 2882 835 2895 ,
852 2860 885 2891 ὃς
896 2859 1032 2889 antedicti
1040 2859 1204 2890 Reverendi

137 2893 248 2935 PatreS,
260 2895 390 2925 Robertus
405 2895 527 2925 Bathon.
543 2893 581 2931 &
598 2894 710 2925 wellen.
727 2898 761 2927 ὃς
776 2896 922 2935 Joliannes
936 2897 1027 2927 Elien.
1049 2898 1202 2937 Episcopi,

137 2943 171 2970 ac
191 2936 327 2964 Henricus
350 2938 440 2964 Comes
466 2933 584 2973 Effi’xiae
601 2957 612 2972 ,
634 2937 776 2964 Antonius
799 2939 888 2965 Comes
906 2939 1034 2974 Ryvers,
1057 2936 1205 2974 Johannes

138 2971 246 3012 Dudley
258 2996 269 3012 ,
292 2971 440 3011 Johannes·
461 2971 590 3010 Dynham
608 2996 618 3012 ,
647 2972 792 3010 Johannes
816 2974 949 3003 Howard
964 2997 974 3012 ,
1004 2976 1037 3005 &
1057 2974 1206 3013 Johannes

139 3013 283 3051 Gunthorp
299 3035 308 3050 ‚
337 3010 407 3042 dieti
425 3010 602 3041 illustriffimi
621 3010 758 3048 Principis
776 3015 855 3050 Regis
872 3011 986 3049 Angliae
1007 3021 1038 3042 ut
1058 3015 1207 3049 praemitti-

139 3056 185 3078 tur
206 3050 355 3088 Deputati,
373 3049 509 3080 Nomine
526 3049 671 3080 dictorum
691 3050 816 3081 Franciae
835 3051 869 3082 &
885 3050 999 3087 Angliae
1018 3050 1207 3091 Principum,

140 3087 246 3155 &doro
265 3090 304 3119 eis
317 3112 327 3127 ,
354 3097 438 3126 atque
455 3098 555 3119 eorum
575 3097 695 3126 utroque
713 3099 870 3127 eorumque
890 3089 1059 3120 Haeredibus
1077 3092 1110 3121 &
1134 3091 1207 3122 Suc-

140 3135 177 3155 ce
201 3122 313 3163 oribus,
331 3125 510 3159 AuCroritate
529 3127 665 3165 praeditsta
685 3128 776 3158 michi
796 3128 829 3158 &
848 3129 887 3159 eis
906 3128 1075 3166 commissa,
1094 3129 1207 3160 Amici-

143 3165 230 3202 tiam,
249 3164 369 3206 Ligam,
399 3166 612 3203 Intelligentias,
637 3175 722 3203 atque
741 3166 861 3198 Foedera
877 3166 1097 3206 Contraximus,
1123 3167 1208 3199 Con*

140 3204 288 3243 venimus,
306 3206 340 3236 &
359 3204 580 3242 Conclufimus,
596 3206 629 3236 &
648 3214 697 3242 per
714 3204 865 3236 Praesentes
882 3205 1107 3245 Contrahimus‚
1124 3206 1208 3237 Con-

144 3243 294 3282 venimus,
321 3244 354 3273 &
373 3242 603 3288 ConcludimuS‚
628 3243 718 3274 modo
737 3244 771 3275 δε
789 3243 888 3275 formis
904 3245 933 3275 in
951 3245 1086 3276 Articulis
1102 3247 1151 3285 qui
1168 3246 1208 3277 sea

143 3287 284 3319 quuntur‚
299 3290 456 3320 contentis,

183 3317 314 3356 Qarum
325 3320 428 3351 Tenor
442 3320 563 3359 sequitur
581 3321 614 3352 ὅτ
631 3320 672 3351 est
686 3321 762 3360 talis,

183 3391 360 3433 INPmMrs,
381 3396 480 3435 quod,
506 3397 578 3428 inter
595 3395 829 3428 Potentiffimum
847 3397 1013 3437 Principem
1033 3395 1212 3430 Ludo-wicum

146 3432 242 3469 Regem
265 3435 427 3476 Francorum
450 3436 624 3470 antediCtum
638 3437 787 3476 'ipsiusque
804 3436 942 3469 Haeredes
960 3440 993 3470 &
1012 3438 1212 3478 Succeffores,

145 3471 180 3501 &
205 3469 414 3504 Seremffimum
438 3473 604 3514 Principem
627 3476 802 3506 Edwardum
822 3478 918 3514 Regem
944 3477 1058 3515 Angliae
1087 3477 1211 3508 Confra-

147 3515 220 3552 trem
239 3509 273 3539 &
291 3509 539 3550 consanguineum
559 3515 640 3545 suum
657 3514 830 3545 cariffimum
850 3517 1109 3553 supranominatum
1127 3524 1212 3554 atque

147 3546 382 3591 mfiusHaeredes
397 3551 430 3580 &
449 3550 646 3590 Succeffores,
671 3563 754 3592 vera,
779 3554 901 3592 fincera,
920 3556 954 3586 ὃς
967 3554 1097 3591 perfeeta
1116 3556 1148 3585 sit
1170 3555 1212 3586 A-

149 3594 270 3630 micitia,
289 3595 305 3615 a
324 3582 398 3618 Data
417 3587 617 3631 Praesentium‚
633 3591 749 3622 durante
763 3592 929 3623 eorumdem
948 3592 1115 3631 Principum
1130 3592 1212 3631 Vita,

146 3633 226 3663 Juxta
242 3624 382 3654 <marum
403 3625 590 3665 Litterarum,
606 3630 635 3659 in
651 3628 776 3660 Civitate
795 3631 992 3667 Ambianeusi,
1017 3641 1048 3662 ut
1067 3633 1213 3668 praemitti-

150 3672 211 3698 tur,
238 3662 454 3708 confectarum,
479 3665 559 3702 vim,
581 3666 727 3704 formam,
748 3668 783 3698 &
801 3668 958 3706 effectum,
980 3671 1014 3705 &
1028 3678 1076 3708 per
1100 3674 1213 3700 Centum

150 3706 252 3732 Annas
264 3704 386 3739 proximo
394 3701 452 3744 pesp
469 3705 588 3733 Mortem
601 3704 713 3734 alterius
723 3704 811 3742 primo
825 3705 957 3736 differrem
977 3709 1132 3746 Principum
1154 3711 1213 3738 De-

150 3741 268 3770 cedentis
277 3738 404 3778 futuros,-
426 3743 519 3777 licque
534 3741 568 3771 ad
587 3752 688 3772 eorum
708 3742 873 3779 Principum
890 3743 985 3774 Vitam
997 3769 1006 3781 ,
1025 3747 1058 3776 ὅ(
1076 3747 1161 3784 usque
1179 3747 1212 3778 ad

151 3778 252 3813 finem
269 3779 414 3809 &storum
433 3781 545 3807 Centum
560 3779 579 3798 ⁴*
598 3783 763 3817 Annorum,
782 3780 922 3819 Guerrae,
946 3782 1036 3820 Bella,
1059 3784 1093 3815 δε
1113 3785 1215 3816 Hosti-

147 3816 239 3848 litates
258 3817 329 3848 inter
348 3827 396 3847 eos
411 3825 569 3854 eorumque
587 3816 720 3848 Haeredes
739 3820 771 3848 ὃς
790 3819 971 3851 Successores
985 3824 1110 3854 omnino
1129 3823 1216 3854 celsa-

155 3850 227 3886 bunt
239 3878 249 3894 ‚
275 3858 378 3895 ymmo
397 3857 430 3887 &
448 3854 641 3886 Benivolentia
660 3856 693 3887 ὃς
712 3854 823 3888 Amore
840 3857 878 3888 Se
895 3858 929 3889 &
949 3859 1004 3890 Sua
1024 3869 1126 3893 mutuo
1145 3863 1217 3893 inte·

155 3894 209 3924 rim
229 3895 446 3930 pertractabunt,

160 3962 164 3965 ,
180 3930 301 3965 ,ITEM
344 3932 424 3971 quod
444 3931 571 3970 praefatus
588 3925 784 3963 illustrissimus
802 3935 924 3973 Princeps
943 3932 1080 3974 Francia,
1104 3939 1217 3977 ejusque

154 3968 293 4013 Haeredes
311 3957 343 4002 ἒς
361 3971 556 4008 Successores,
574 3972 603 4000 in
623 3972 655 4003 &
671 3971 798 4001 adversus
813 3971 949 4004 Subditos
962 3975 1034 4005 dieti
1051 3975 1137 4015 Regis
1154 3978 1218 4008 An—

154 4007 238 4046 gliae‚
264 4019 349 4046 atque
364 4011 445 4048 ipsius
464 4009 619 4040 Heredum
639 4009 672 4039 &
692 4009 908 4049 Succefforum,
933 4014 981 4050 qui
999 4023 1067 4043 eum
1086 4025 1133 4046 aut
1150 4026 1217 4054 eos,

155 4046 272 4078 durante
293 4048 426 4080 Amicitia
441 4048 595 4087 praedic'ta,
621 4047 715 4078 Armis
734 4047 888 4087 Invident,
912 4051 946 4080 ὅς
963 4053 991 4081 in
1011 4051 1139 4091 Regno,-
1164 4053 1219 4085 Pa-

155 4086 231 4126 tffls,
246 4084 280 4119 ὃς
297 4085 444 4119 Dominus
462 4088 514 4120 suis
531 4086 733 4120 Rebellionern
748 4085 872 4126 facient,
891 4092 960 4120 eum
979 4089 1013 4123 δε
1030 4096 1079 4122 eos
1093 4091 1220 4132 Suce'urf

1274 183 1308 224 P
1347 186 1391 226 U
1431 188 1463 226 B
1502 187 1534 228 L
1573 183 1593 229 Ῐ
1639 190 1677 230 C
1715 187 1764 233 A,
2222 204 2298 239 161

1244 278 1286 300 tet
1299 271 1339 313 ,ὃς
1359 270 1527 318 Adjuvabit‚
1545 274 1715 307 Succurrent
1734 279 1767 309 ὃς
1783 272 1981 319 Adjuvabunt,
2001 281 2033 312 δε
2049 283 2237 319 parisormiter
2251 284 2302 314 Se}

1244 308 1401 351 renisfimus
1421 310 1557 356 Princeps
1575 317 1635 344 Rex
1654 316 1767 353 Angliae·
1783 318 1936 349 antedietus
1949 342 1958 358 ,
1984 321 2094 358 ejusque
2112 322 2248 352 Haeredes
2267 323 2298 353 ἃ*

1244 347 1447 394 Successores,
1474 360 1501 396 tn
1526 353 1558 381 &
1586 353 1711 385 adversus
1731 355 1863 386 subditos
1882 357 1951 387 dic‘li
1970 357 2143 390 illustrissimi
2163 358 2300 398 Principis

1244 385 1490 429 Constarigmnezfin
1508 391 1630 436 Fronciae
1646 414 1655 429 ,
1680 401 1760 431 atque
1779 395 1835 430 ejus
1853 393 2012 425 Hseredum
2031 398 2064 428 ὃς
2080 398 2299 438 Successomrn3

1241 433 1288 460 qui
1308 433 1375 468 eum
1393 434 1439 454 aut
1459 435 1602 471 eom-'ipsa
1622 429 1757 461 Amicitia
1774 432 1907 470 durante,
1928 433 2023 463 Armis
2041 437 2172 468 invadent
2216 438 2247 468 &
2269 438 2298 467 in

1242 461 1341 491 Patrus
1359 463 1394 493 &
1412 462 1559 494 Dominus
1578 467 1628 496 suis
1646 469 1674 496 in
1694 469 1803 505 Regno
1822 468 1946 500 Franciae
1965 471 2163 505 Rebellionern
2181 460 2289 505 'facient

1239 510 1314 569 {ulait
1332 501 1365 532 &
1388 511 1436 532 eos
1461 501 1611 535 Succurret
1631 506 1664 536 ὃ(
1683 506 1835 545 Adjuvabit
1848 531 1858 547 ,
1881 509 2107 550 Succurrentque
2125 515 2158 544 ὃς
2175 497 2301 552 Adjuva3

1282 550 1300 569 n
1316 560 1327 570 d

1278 578 1350 622 ITlf„
1362 586 1406 623 M,
1425 578 1505 617 quod
1525 578 1640 610 Neuter
1658 580 1804 612 diuorum
1820 586 1940 614 Franciae
1957 584 1995 620 (ᾧ)
2011 587 2121 625 Angliae
2138 592 2288 628 Principum

1241 628 1295 648 nec
1310 616 1408 656 aliquis
1425 628 1529 648 eorum
1548 616 1705 662 Heredum
1725 621 1758 651 &
1778 620 1981 653 Successbrum
1997 648 2005 662 ,
2031 627 2174 657 Auxi‘ium
2195 631 2226 659 ἃ
2244 611 2298 665 Ju-'

1240 666 1344 687 vamen
1364 666 1466 687 eorum
1484 657 1592 687 alterius
1611 658 1752 696 subditis,
1775 668 1821 689 aut
1838 661 1950 697 alicujus
1967 673 2069 693 eorum
2088 663 2243 697 Haeredum
2261 668 2295 698 &

1240 694 1441 733 Succefforum
1465 695 1611 733 subditis,
1641 696 1674 726 ad
1701 706 1802 726 eorum
1828 697 1991 736 Principem
2016 701 2209 733 Iuvadendum
2228 727 2237 742 ,
2262 704 2296 736 &

1241 733 1382 764 Guerram
1400 743 1525 771 apertam
1541 735 1569 764 in
1584 735 1635 764 suis
1652 734 1749 765 Patriis
1763 734 1795 765 &
1813 734 1956 766 Dominus
1971 739 2097 769 adversus
2114 751 2179 770 eum
2193 743 2299 772 facien-⁷

1241 773 1323 810 dam,
1342 772 1456 810 praefata
1475 773 1609 803 Amicitia
1627 772 1759 811 durante,
1775 774 1918 810 impende:
1939 777 1969 806 ὃ(
1990 778 2142 814 przestabit,
2160 789 2212 809 nec
2236 781 2299 811 tales

1241 811 1394 849 Subditos‚
1420 811 1457 840 fic
1476 811 1643 842 Invadentes
1657 836 1666 847 ,
1692 812 1720 842 in
1740 814 1848 843 alterius
1867 812 2005 852 Principis
2024 818 2217 855 praejudicium
2231 839 2240 856 ,
2267 820 2300 849 iri

1242 851 1299 888 ejus
1319 849 1416 880 Patriis
1433 849 1467 880 &
1485 849 1632 880 Dominiis
1650 849 1820 889 Receptabit
1838 852 1871 883 &
1889 851 2052 884 Sustinebit.

1279 887 1352 918 Ιτε
1365 896 1391 918 Μ
1409 910 1419 926 ,
1439 888 1458 918 fi
1486 890 1633 927 contingat
1654 889 1776 928 aliquem
1803 890 1946 921 dictorum
1973 893 2108 922 Ludovici
2132 896 2252 923 Franciae
2267 893 2301 924 δὲ

1245 928 1386 959 Edwardi
1402 926 1515 964 Angliae
1532 926 1696 965 Principum
1711 953 1719 964 ,
1751 938 1889 959 eorumve
1910 929 2070 960 Haeredutn
2090 941 2135 961 aut
2155 931 2304 963 succerio*

1244 975 1328 1003 rum,
1356 965 1456 1004 Dolo,
1479 965 1655 1003 Calliditate‚
1681 967 1713 998 ὃς
1737 966 1934 998 Inobedientiii
1951 968 2064 1000 Subdssti
2084 970 2303 1000 Subditorumve

1243 1004 1357 1041 alicujus
1376 1014 1477 1035 eorum
1493 1027 1503 1043 ,
1528 1015 1543 1034 a
1562 1004 1657 1035 Patriis
1674 1006 1708 1036 ὃς
1730 1004 1878 1036 Dominiis
1894 1006 1944 1036 suis
1964 1008 2063 1045 (quod
2079 1008 2160 1038 Deus
2179 1010 2302 1045 avertat)

1241 1043 1359 1081 expelli,
1378 1042 1539 1081 alteriusque
1556 1043 1726 1073 eorumdem
1744 1043 1907 1082 Principum
1924 1055 1970 1076 aut
1987 1046 2104 1084 alicujus
2115 1057 2216 1078 eorum
2232 1046 2306 1077 Haez

1242 1082 1342 1112 redum
1362 1082 1395 1112 &
1413 1081 1616 1113 Succeuorum
1634 1082 1727 1113 Partes
1748 1091 1862 1120 propter
1879 1085 1936 1114 eius
1954 1084 2123 1115 Succursum
2139 1094 2252 1124 petere,
2271 1087 2304 1116 &

1242 1119 1280 1150 de
1296 1120 1355 1158 ejus
1374 1120 1471 1156 Opere
1487 1131 1572 1159 atque
1592 1121 1703 1152 Auyffio
1723 1121 1813 1158 ipsam
1834 1121 1997 1159 Principem
2012 1146 2022 1161 ,
2046 1124 2080 1153 ad
2106 1125 2184 1162 cujus
2209 1124 2306 1156 Partes

1244 1158 1282 1188 sic
1306 1159 1524 1198 convolaverit,
1551 1160 1691 1198 requirere
1714 1160 1747 1190 δε
1771 1161 1967 1199 interpellare,
1992 1162 2071 1200 quod
2096 1172 2132 1193 eo
2160 1172 2228 1193 tunc
2251 1161 2304 1202 ips?

1243 1199 1381 1235 Princeps,
1401 1197 1437 1227 fic
1456 1197 1617 1235 Requilitus
1635 1199 1667 1228 &
1686 1197 1895 1237 Interpellatus,
1911 1200 1995 1240 ipfiaem
2013 1202 2176 1239 Principem,
2194 1201 2231 1232 fic
2248 1198 2306 1231 Ex'-·

1244 1235 1351 1273 pulsum
1366 1258 1375 1272 ,
1402 1237 1484 1266 omni
1503 1246 1572 1266 curn
1590 1236 1774 1267 Humanitate
1799 1237 1931 1276 Recipiet
1946 1261 1956 1276 ,
1983 1239 2017 1270 &
2044 1249 2109 1269 eum
2135 1249 2217 1277 atque
2244 1240 2307 1271 suos

1240 1275 1317 1312 juxta
1334 1273 1413 1304 Vires
1435 1274 1486 1304 suis
1504 1274 1691 1306 Facultatibus
1707 1275 1862 1306 Sustinebit
1876 1299 1885 1314 ,
1908 1277 1990 1315 seque
2008 1279 2041 1309 &
2060 1278 2104 1308 sua
2117 1300 2128 1316 ,
2151 1287 2181 1307 ut
2197 1280 2226 1308 in
2243 1278 2305 1309 Sta-

1245 1322 1308 1344 tum
1333 1313 1481 1351 proprium
1507 1314 1539 1343 &
1565 1313 1713 1351 pristinum
1734 1323 1883 1352 reponatur
1899 1315 1931 1346 ὃ(
1950 1315 2108 1346 restituatur
2127 1339 2137 1354 ,
2161 1315 2307 1347 Guerram

1244 1360 1369 1389 apertam
1387 1351 1536 1389 faciendo,
1556 1361 1624 1382 cum
1643 1354 1724 1382 omni
1743 1353 1884 1392 diligentia
1901 1355 1934 1385 ὅ(
1953 1353 2107 1385 affectione
2123 1363 2256 1391 exponet.

1280 1389 1325 1420 ΙΤ
1336 1399 1353 1420 1:
1367 1397 1393 1420 M
1409 1412 1418 1428 ,
1446 1390 1527 1428 quod
1545 1391 1651 1419 Neuter
1668 1391 1797 1420 diciorum
1817 1394 1968 1430 Principum
1984 1416 1994 1431 ,
2020 1403 2073 1423 nec
2091 1393 2189 1430 aliquis
2204 1394 2307 1424 eorum

1244 1427 1402 1458 Haeredum
1430 1430 1464 1459 ὅ(
1482 1428 1685 1459 Succefforum
1700 1454 1709 1467 ‚
1736 1430 1838 1467 aliquas
1857 1430 1940 1469 Ligas
1959 1431 2003 1461 seu
2022 1430 2219 1471 Intelligentias
2238 1438 2307 1462 cum

1243 1467 1340 1504 aliquo
1361 1467 1471 1497 alterius
1489 1477 1589 1497 eorum
1616 1477 1693 1498 nunc
1717 1467 1926 1507 Confoederato
1950 1470 1983 1501 &
2009 1470 2132 1509 Alligato
2151 1493 2161 1507 ,
2190 1471 2310 1502 durante

1244 1505 1381 1536 Amicitia
1399 1505 1554 1543 supradicta
1570 1529 1580 1544 ,
1607 1506 1753 1536 contrahat
1774 1507 1806 1536 &
1823 1507 1904 1537 faciet
1923 1530 1932 1545 ,
1955 1508 2004 1538 nisi
2023 1511 2097 1546 prius
2115 1509 2166 1548 ipso'
2185 1511 2308 1548 Principe

1243 1543 1337 1582 ejusve
1354 1544 1499 1582 I-laerede,
1523 1553 1592 1575 cum
1612 1554 1672 1583 quo
1691 1544 1728 1576 fic
1746 1544 1984 1584 Confoederatur,
2010 1547 2158 1586 superinde
2177 1549 2307 1580 consulto

1243 1584 1274 1614 &
1295 1583 1354 1613 hoc
1369 1582 1573 1614 consentiente.

1280 1620 1390 1659 ITEM,
1410 1622 1491 1660 quod
1510 1621 1569 1652 talis
1587 1630 1668 1652 verus
1686 1622 1720 1653 ὃς
1736 1620 1846 1652 debitus
1863 1619 1997 1652 Pecuniae
2011 1624 2043 1654 δε
2062 1623 2193 1655 Monetae
2207 1625 2306 1655 utrius-

1244 1670 1301 1697 que
1327 1660 1421 1699 Regni
1447 1659 1576 1692 Franciae
1602 1661 1636 1691 &
1664 1660 1776 1700 Angliae
1803 1659 1891 1690 Valor
1910 1662 1943 1691 &
1964 1660 2130 1691 AEstimatio
2152 1674 2204 1700 pro
2224 1663 2306 1699 ipsius

1243 1697 1334 1729 Cursu
1353 1707 1510 1737 apponatur
1527 1700 1560 1730 &
1576 1697 1726 1737 statuatur,
1753 1708 1812 1743 quo
1828 1700 1882 1736 ipsa
1903 1698 2004 1739 Regna
2024 1702 2110 1739 magis
2129 1701 2305 1741 habundare,

1242 1738 1448 1776 dictorumque
1466 1737 1633 1775 Principum
1653 1737 1766 1769 Subdiu
1784 1738 1886 1768 exinde
1902 1738 1936 1768 ad
1955 1747 2116 1770 commune
2134 1749 2234 1770 eorum
2255 1740 2310 1770 Bo-¹

1241 1787 1312 1807 num
1331 1775 1544 1815 Locupletiores
1562 1775 1620 1806 fieri
1638 1776 1755 1806 valeant.

1281 1815 1384 1854 ITEM,
1408 1817 1436 1846 in
1454 1814 1526 1845 Casu
1542 1815 1621 1853 quod
1638 1814 1701 1845 haec
1719 1814 1853 1846 Amicitia
1872 1816 1899 1844 in
1916 1815 2006 1853 aliqua
2024 1816 2081 1853 eJ'us
2101 1815 2183 1846 Parte
2199 1818 2308 1847 amou'o

1242 1854 1382 1892 violetur,
1402 1864 1448 1885 aut
1467 1853 1573 1892 aliquid
1617 1854 1645 1883 in
1664 1853 1714 1884 hiis
1732 1852 1871 1891 Capitulis
1890 1853 1947 1884 five
1966 1853 2100 1885 Articulis
2122 1865 2308 1893 contentum,

1243 1902 1301 1922 non
1320 1892 1493 1924 Observetur
1512 1901 1558 1923 aut
1578 1877 1764 1932 infringatur,
1785 1892 1864 1930 quod
1883 1902 1914 1922 ea
1933 1901 2048 1930 propter
2066 1892 2180 1932 praefata
2198 1894 2310 1924 Amici-

1243 1932 1298 1969 tia,
1315 1932 1386 1962 inter
1406 1931 1556 1969 praedietos
1571 1929 1718 1968 Principes
1737 1940 1897 1969 eorumque
1917 1931 2053 1962 Haeredes
2067 1933 2099 1961 &
2118 1932 2298 1963 Succeffores

1243 1971 1488 2013 utpraemittitur,
1512 1969 1673 2006 contracta,
1699 1970 1822 2000 minime
1840 1969 1970 2001 Violetur
1988 1970 2044 2001 sive
2059 1969 2240 2008 Rumpatur·,
2264 1957 2309 2001 sed

1243 2008 1305 2039 talia
1319 2032 1329 2046 ,
1355 2017 1456 2039 contra
1473 2007 1581 2039 distant
1601 2008 1766 2038 Amicitiam
1785 2008 1822 2038 fic
1842 2007 2031 2047 Attemptata,
2055 2011 2199 2039 maturiori
2217 2010 2310 2040 modo

1245 2057 1304 2085 quo
1322 2046 1378 2076 fieri
1398 2048 1500 2084 poterit
1520 2044 1698 2085 Reparentur
1716 2047 1749 2077 ὃ(
1768 2047 1796 2076 in
1816 2045 1928 2077 Statum
1943 2047 2072 2078 debiturn
2099 2047 2286 2079 Reducantur
2301 2069 2312 2086 ‚

1244 2085 1301 2124 ipsi
1318 2085 1451 2116 Amicitia
1471 2087 1498 2116 in
1521 2085 1569 2116 suo
1588 2084 1711 2115 Robore
1729 2086 1762 2115 &
1782 2084 1896 2116 Effech
1914 2086 2022 2123 semper
2041 2095 2213 2117 remanente.

1285 2124 1359 2154 ΙΤΕ
1371 2132 1416 2163 Μ,
1440 2124 1520 2162 quod
1540 2125 1670 2162 praesatus
1690 2122 1889 2155 Illustriffimus
1907 2123 2043 2162 Princeps
2061 2125 2188 2156 Franciae
2204 2124 2310 2155 dietam

1246 2162 1430 2199 Amicitiam,
1447 2163 1485 2193 sic
1501 2164 1573 2193 inter
1592 2172 1659 2193 eum
1678 2163 1789 2200 ejusque
1807 2161 1944 2193 Haeredes
1961 2163 1996 2193 δί
2013 2162 2195 2195 Succeffores
2212 2163 2246 2195 ὃ(
2260 2173 2311 2194 an-

1244 2201 1384 2232 tediCmm
1401 2204 1495 2239 Regem
1515 2200 1628 2238 Angliae
1646 2209 1730 2239 atque
1745 2200 1828 2239 ipsius
1846 2200 1984 2232 Haeredes
2010 2203 2044 2234 &
2071 2201 2254 2232 Successores
2278 2209 2310 2233 ut

1244 2241 1424 2278 praemittitur
1443 2242 1617 2271 contractam
1634 2262 1644 2278 ,
1669 2248 1752 2279 atque
1770 2239 1869 2270 omnia
1887 2241 1920 2271 &
1939 2240 2042 2279 fingula
2059 2239 2190 2279 Capitula
2208 2240 2311 2278 praedi-

1245 2278 1290 2308 Cta
1308 2280 1337 2308 in
1355 2279 1406 2309 hiis
1424 2278 1524 2308 Literis
1540 2287 1673 2308 contenta
1693 2301 1703 2316 ,
1727 2278 1829 2308 Literis
1848 2277 1899 2308 suis
1918 2277 2081 2309 Parentibus
2095 2302 2104 2317 ,
2129 2279 2179 2309 suo
2195 2278 2310 2318 Magno

1244 2317 1345 2356 Sigillo
1370 2316 1521 2354 Sigillatis,
1547 2315 1697 2354 Manuque
1722 2316 1835 2355 propria
1853 2315 2030 2356 subscriptis,
2056 2316 2210 2348 Innovabit
2224 2340 2234 2356 ,
2263 2322 2311 2349 aut

1245 2354 1427 2394 Ratificabit,
1445 2357 1480 2386 &
1498 2355 1708 2393 Confirmabit,
1733 2356 1876 2394 ipsamque
1895 2355 2061 2387 Amicitiam
2079 2356 2113 2387 &
2130 2355 2205 2386 dieta
2223 2355 2312 2394 Capi-

1244 2394 1302 2425 tula
1316 2417 1326 2433 ,
1353 2394 1391 2424 sic
1417 2404 1467 2432 per
1490 2403 1556 2424 eum
1582 2395 1714 2425 innovata
1728 2417 1738 2433 ,
1757 2402 1803 2424 aut
1822 2392 1972 2431 ratificata,
1998 2394 2031 2425 ὃ(
2048 2394 2236 2433 confirmata,
2260 2397 2310 2433 pei·

1244 2433 1318 2463 Tres
1336 2432 1427 2464 Status
1446 2432 1541 2471 Regni
1560 2432 1687 2463 Franciae
1706 2429 1876 2470 (videlicet)
1903 2443 1950 2470 per
1969 2432 2104 2465 Praelatos
2120 2435 2155 2465 δε
2172 2433 2312 2472 clerum,

1246 2471 1372 2502 Nobiles
1397 2473 1430 2503 &
1457 2471 1576 2502 Plebem
1603 2471 1725 2508 eiusdem
1752 2470 1847 2510 Regni
1904 2471 1974 2502 infra
2000 2470 2168 2503 Duodecim
2196 2471 2312 2503 Menses

1246 2511 1393 2548 proximos
1411 2510 1476 2548 post
1495 2509 1600 2540 Datam
1619 2509 1803 2541 Praesentium
1819 2534 1829 2546 ,
1855 2494 1999 2540 Ratificari
2013 2533 2022 2547 ,
2047 2510 2222 2542 Confirmari
2238 2526 2248 2548 ,
2275 2512 2310 2543 &¹

1247 2548 1431 2580 Auctorizari
1455 2548 1566 2586 faciet;
1592 2549 1624 2580 &
1650 2551 1783 2587 perteque
1800 2547 1891 2578 dietus
1909 2548 2101 2580 Sereniffimus
2116 2553 2176 2580 Rex
2195 2548 2310 2586 Angliae

1248 2586 1414 2618 Amicitiam
1434 2588 1467 2618 &
1487 2586 1620 2625 Capitula
1634 2587 1774 2618 antedicta
1796 2586 1848 2617 suis
1868 2586 1969 2617 Literis
1988 2587 2150 2619 Parentibus
2163 2611 2173 2626 ,
2198 2587 2311 2626 Magno·

1247 2626 1298 2657 suo
1312 2626 1411 2666 sigillo
1430 2625 1575 2665 Sigillatis,
1602 2635 1687 2663 atque
1706 2625 1799 2656 Manu
1818 2625 1931 2663 propria
1946 2625 2117 2665 subscriptis,
2140 2625 2309 2665 Innovabit,

1247 2674 1294 2696 aut
1312 2664 1495 2703 Ratificabit,
1522 2666 1555 2696 ὃς
1575 2664 1786 2702 confirmabit,
1809 2663 1953 2701 ipsamque
1972 2663 2137 2698 Amicitiam
2154 2665 2187 2696 &
2205 2675 2236 2696 ea
2253 2664 2313 2695 Ca·-

1248 2704 1353 2741 pitula,
1373 2704 1411 2735 fic
1430 2714 1480 2741 per
1498 2713 1566 2734 eum
1583 2704 1734 2741 innovata,
1757 2711 1802 2732 aut
1819 2701 1966 2741 ratificata,
1992 2704 2026 2734 &
2044 2703 2209 2735 confirmata
2225 2727 2234 2743 ,
2261 2712 2311 2741 per

1247 2742 1322 2773 Tres
1340 2743 1431 2774 Status
1448 2741 1545 2782 Regni
1562 2743 1602 2772 sui
1620 2742 1732 2781 Angliae
1750 2743 1759 2778 (
1772 2740 1919 2777 videlicet)
1941 2752 1988 2780 per
2008 2742 2157 2779 Praelatos,
2187 2744 2220 2773 &
2242 2742 2312 2772 Cle-

1248 2790 1332 2820 rum,
1359 2781 1485 2812 Nobiles
1505 2782 1537 2812 &
1556 2779 1675 2810 Plebem
1696 2779 1816 2819 ejusdem
1835 2779 1944 2819 Regni,
1969 2780 2039 2811 infra
2056 2782 2123 2812 alios
2143 2781 2310 2811 Duodecim

1250 2819 1364 2851 Menses
1382 2820 1539 2850 antedi&os
1558 2819 1725 2850 Duodecim
1747 2818 1860 2849 Menses
1876 2818 2010 2856 proximo
2025 2819 2186 2858 sequentes,
2211 2819 2311 2851 Ratifi-

1248 2860 1324 2897 cari,
1342 2858 1536 2897 Confirmari,
1556 2859 1589 2890 &
1610 2858 1789 2888 Audiorizari
1808 2857 1909 2894 faciet,
2145 2887 2148 2889 Α

1287 2897 1437 2936 Quodque
1449 2905 1557 2937 uterque
1572 2897 1723 2934 Principum
1738 2896 1938 2933 praediCtorum
1951 2895 2114 2934 perdicum
2131 2894 2308 2934 Amicitiam,

1249 2937 1282 2968 &
1301 2937 1401 2966 omnia
1421 2937 1440 2955 *²
1458 2935 1588 2974 Capitula
1605 2935 1744 2965 antedicta
1756 2957 1765 2972 ,
1785 2944 1833 2972 per
1855 2934 1958 2965 Sedem
1979 2933 2196 2972 Apostolicam,
2214 2935 2246 2965 δε
2262 2945 2311 2972 per

1249 2974 1459 3006 Auctoritatem
1476 2973 1600 3013 ejusdem
1617 2972 1807 3011 Confirmari,
1827 2972 1947 3011 Vallari,
1965 2973 1998 3004 &
2019 2972 2161 3004 Roborari
2177 2982 2308 3011 procura-

1249 3014 1292 3044 bit
1308 3015 1342 3045 &
1358 3024 1426 3044 cum
1441 3012 1546 3044 effectu
1564 3013 1665 3050 faciet,

1287 3051 1330 3083 Ea
1346 3060 1442 3083 tamen
1464 3045 1683 3081 Modificatione
1699 3049 1885 3080 Praesentibus
1903 3049 2046 3088 adhibita,
2063 3050 2142 3090 quod
2163 3043 2307 3088 Amicitia,

1251 3090 1433 3124 Matrimonii
1453 3089 1607 3120 Promisiio
1622 3113 1631 3126 ,
1659 3098 1817 3127 caeteraque
1840 3089 1891 3119 alia
1917 3090 1946 3118 in
1966 3088 2090 3120 Civitate
2109 3089 2309 3126 Ambianenli,

1250 3130 1322 3160 inter
1340 3129 1490 3169 praedietos
1507 3127 1671 3166 Principes,
1690 3129 1718 3157 in
1737 3128 1818 3158 dictis
1834 3128 1943 3158 Litteris
1954 3149 1964 3165 ,
1980 3136 2009 3158 ut
2025 3128 2220 3166 praemittitur,
2237 3138 2310 3157 con-

1251 3169 1354 3206 trae’ca,
1371 3176 1533 3204 conventa,
1553 3167 1609 3196 sive
1628 3167 1778 3203 conclusa,
1797 3166 1852 3197 hac
1873 3165 2078 3205 Prorogatione
2091 3189 2101 3203 ,
2126 3166 2308 3196 Conventio-

1251 3217 1304 3243 ne,
1323 3207 1379 3237 five
1398 3207 1449 3236 biis
1467 3205 1666 3244 praesenribus,
1683 3206 1802 3235 minime
1823 3205 1955 3235 tollantur
1967 3208 2188 3240 innoventurve‚
2205 3214 2252 3235 aut
2271 3205 2311 3234 eis

1251 3245 1454 3284 Praejudicium
1481 3244 1594 3281 aliquod
1621 3245 1649 3274 in
1674 3253 1750 3281 parte
1777 3243 1820 3274 vel
1840 3245 1868 3274 in
1888 3253 1950 3274 toto
1969 3243 2101 3274 inferatur
2118 3266 2126 3280 ,
2145 3243 2189 3272 sed
2211 3244 2239 3272 in
2259 3243 2309 3274 suo*

1252 3282 1391 3321 Robore,
1409 3283 1565 3313 secundum
1586 3282 1744 3313 Literarum
1761 3282 1905 3320 superinde
1926 3282 2120 3312 murenarum
2139 3281 2289 3312 Terrorem
2301 3305 2311 3321 ,

1252 3331 1383 3353 maneant
1401 3321 1435 3352 &
1453 3321 1568 3351 effeciu.
2264 3353 2266 3356 ,

1290 3360 1336 3391 ΙΝ
1347 3370 1358 3391 s
1368 3369 1390 3390 υ
1401 3370 1418 3391 1³
1429 3369 1446 3390 ε
1458 3369 1481 3390 R
1507 3370 1563 3395 ego
1586 3359 1705 3389 Karalus
1731 3358 1763 3388 de
1783 3362 1925 3397 Martigny
1942 3356 2079 3396 Episcopus
2094 3356 2234 3401 Elaenfis,
2260 3358 2312 3390 Se-·

1253 3399 1388 3430 reniffimi
1416 3402 1493 3435 Regis
1514 3401 1675 3428 Francorum
1704 3397 1859 3435 Deputatus
1887 3397 2064 3433 antedictus,
2091 3396 2257 3435 Promitto,
2274 3399 2308 3428 δε

1252 3438 1375 3469 eundem
1392 3441 1487 3475 Regem
1504 3441 1666 3466 Francorum
1687 3436 1850 3466 Dominum
1871 3443 1967 3464 meum
1985 3433 2177 3472 Suppremum
2193 3458 2204 3474 ,
2222 3436 2311 3467 Pote=

1254 3476 1323 3507 state
1341 3500 1350 3514 ,
1373 3487 1403 3507 ut
1424 3477 1600 3514 praemittitur
1616 3498 1626 3513 ,
1654 3476 1689 3505 ab
1707 3475 1765 3511 ipso
1785 3473 1873 3504 michi
1893 3471 2063 3516 commissa,
2087 3483 2137 3510 per
2158 3474 2311 3513 Praesentes

1254 3515 1364 3553 Obligo
1377 3539 1386 3551 ,
1411 3515 1490 3552 quod
1516 3514 1591 3544 idern
1618 3518 1677 3544 Rex
1701 3516 1861 3542 Francorum
1879 3520 1976 3554 omnia
1994 3511 2026 3542 &
2046 3513 2150 3551 lingula
2167 3512 2312 3543 Praemiffi,

1254 3551 1435 3590 Ratificabit,
1454 3552 1668 3589 Austorizabit,
1687 3553 1719 3583 ἃ-
1734 3549 1939 3592 Confirmabit,
1955 3558 2046 3587 eaque
2061 3551 2168 3581 realiter
2186 3553 2219 3583 &
2238 3559 2309 3582 cum

1254 3592 1362 3623 effectu
1392 3601 1445 3628 pro
1464 3591 1543 3621 Parte
1561 3592 1605 3621 sua
1621 3597 1771 3626 exequetur
1785 3588 1818 3618 ὃ(
1836 3587 1919 3618 faciet
1936 3597 2000 3625 quae
2019 3587 2229 3620 Praemisiorum
2249 3590 2313 3620 Te:

1255 3641 1310 3661 nor
1328 3631 1414 3666 exigit
1433 3629 1470 3664 &,
1487 3630 1617 3666 requirit,
1635 3628 1745 3664 suasque
1765 3625 1871 3656 Literas
1888 3625 2016 3657 Patent&
2052 3627 2196 3664 superinde
2213 3628 2312 3658 debite

1255 3669 1415 3705 confestas,
1437 3666 1549 3703 Magno
1564 3666 1613 3696 suo
1627 3664 1722 3703 Sigillo
1738 3665 1878 3702 munitas,
1896 3649 2084 3696 Illustrisli’mo
2094 3666 2218 3702 Principi
2228 3665 2312 3697 Con-

1254 3708 1332 3738 fratri
1363 3709 1395 3737 &c
1422 3705 1642 3739 Consanguineo
1667 3704 1716 3732 suo
1742 3701 1884 3733 cariffimo
1909 3705 1975 3740 Regi
1999 3704 2111 3743 Angliae
2137 3705 2313 3743 saepedidfflq

1255 3747 1326 3777 cum
1351 3745 1386 3775 ad
1404 3744 1460 3774 hoc
1479 3743 1574 3773 debite
1592 3741 1737 3779 requisitus
1755 3741 1838 3772 suerit
1851 3763 1861 3779 ,
1886 3740 2051 3773 deliberabit
2073 3742 2255 3773 deliberative
2274 3743 2314 3774 fa⁴

1256 3794 1327 3815 ciet·

1294 3808 1381 3853 Silvis
1406 3820 1538 3851 omnibus
1556 3819 1589 3849 δὲ
1610 3818 1722 3854 singulis
1740 3817 1797 3848 aliis
1815 3816 1998 3849 Pafflonibus
2011 3844 2021 3851 ,
2041 3818 2317 3858 conventionibus,

1258 3859 1577 3893 Confcederationibus,
1605 3856 1766 3895 Amicitiis,
1786 3855 1994 3894 Intelligentiis,
2012 3856 2263 3895 PromiffionibuS,
2279 3858 2313 3895 δε

1258 3897 1486 3930 obligationibus
1501 3894 1740 3933 quibuscumque,
1759 3897 1832 3925 inter
1848 3896 2004 3926 antedictos
2018 3898 2140 3924 Francia
2154 3896 2188 3926 &
2201 3896 2317 3934 Angliae'

1259 3932 1392 3975 PrinZipes
1405 3960 1414 3971 ,
1431 3934 1644 3964 Nominibusve
1662 3943 1778 3971 eorum,
1796 3939 1843 3964 a'ut
1883 3944 1914 3963 ro
1932 3935 1986 3970 eis,
2003 3942 2068 3963 ante
2086 3934 2150 3964 lraec
2166 3938 2317 3976 tempora,

1259 3977 1360 4015 quovis
1378 3973 1466 4003 Paeto
1485 3971 1579 4009 lnitis,
1598 3971 1769 4009 Celebratis,
1786 3982 1832 4002 aut
1902 3972 2019 4001 nventis.
2203 4003 2205 4006 ¹
2298 4008 2299 4012 Ἰ

1298 4013 1330 4044 In
1356 4020 1477 4050 quorum
1500 4011 1633 4040 omnium
1655 4012 1689 4042 &
1716 4011 1888 4048 singulorum
1913 4008 2126 4041 Praemifforum
2152 4010 2254 4043 Fidem
2281 4013 2316 4045 δέ

1260 4051 1472 4083 Testimonium
1485 4047 1538 4094 luis
1557 4045 1761 4091 Praesentibus,
1786 4048 1881 4079 Manu
1899 4048 2015 4088 propria
2031 4048 2209 4091 subscriptis,
2232 4051 2317 4090 Sigil3

1259 4092 1321 4125 lum
1339 4091 1438 4121 meum
1455 4086 1579 4126 apposun
1743 4118 1779 4157 N,
1796 4128 1811 4165 ἓ

2261 4120 2325 4160 Βεε

2317 279 2390 312 Ann.
2406 270 2451 314 Da

2338 325 2420 357 [479-

2314 361 2378 386 Edu.
2396 367 2425 394 Ψ.

2327 2935 2341 2950 *
2364 2926 2433 2963 xm

2325 2974 2387 3001 108.
