2555 4266
749 257 857 299 ET
939 246 1749 304 ACTA'PUBLICA.

213 341 325 374 1⁹1³EM
340 364 351 381 ,
378 341 564 374 Conventum
586 342 619 373 ὃς
640 342 818 374 Conclusum
850 343 891 375 est
921 344 1001 382 quod
1021 343 1090 375 dieii
1114 344 1222 374 Homi-

2241 269 2322 321 141'

190 383 195 388 ¹
656 384 670 388 ..
957 384 963 388 Ι
1200 382 1206 388 ³
1283 338 1405 387 ‚Iri-:ixi
1417 367 1434 388 ,.
1452 344 1640 378 Conventum
1657 349 1690 380 S:
1710 348 1889 381 Conclusam
1909 348 1951 382 est
1971 349 2067 390 quod,
2083 349 2103 382 fi
2121 350 2216 389 aliquis
2233 352 2309 391 Sub-
2324 353 2452 388 ΛΜΗ),-

37 389 124 419 1499.
169 381 258 420 cidae,
277 381 382 418 Fures,
400 381 552 420 Latrones,
571 383 604 414 ὅτ
626 383 671 412 alii
694 381 895 413 Malefac'lores
916 393 1079 420 quicunque
1098 382 1222 413 duranti·
1261 377 1333 409 ditus
1356 381 1467 420 alicujus
1485 384 1620 423 Principis
1638 385 1804 425 Principum
1823 388 2023 425 praediClorum
2036 413 2045 427 ,
2071 390 2119 427 qui
2139 391 2227 428 paffus
2245 392 2307 423 fue-
2341 402 2427 433 1499.

17 425 78 448 lien.
96 429 123 455 7.
169 420 221 451 bus
236 419 318 450 diffls
333 418 474 459 Treugis,
493 420 582 451 modo
600 421 633 452 δε
645 420 737 451 forma
756 420 934 459 sequentibus
958 422 1124 458 punientur,
1143 420 1221 451 vide·
1261 418 1296 446 rit
1314 416 1453 461 Rapinam
1472 422 1516 451 vel
1532 423 1662 460 Spolium
1680 435 1696 454 a
1714 425 1834 457 Subdito
1850 426 1958 457 alterius
1975 427 2143 458 eorumdem
2158 450 2167 464 ,
2193 430 2307 466 propria
2320 435 2384 462 Hm.
2404 443 2431 469 7.

16 340 91 372 Ann.
102 338 146 371 D.

21 2112 39 2130 Β
58 2112 128 2140 xii.

19 2159 85 2187 7²5·

167 459 248 489 li'cet·
1105 489 1111 492 ,

203 482 404 533 Si'contingat
425 495 460 526 de
487 505 592 528 caetero
609 497 730 534 aliquem
742 495 787 526 vel
802 496 909 533 aliquos
922 494 1074 525 Subditum
1088 495 1133 525 vel
1146 494 1220 525 Sub-

167 534 241 569 ditos
262 533 331 564 dic'ti
350 537 385 564 R.
408 534 495 571 Angl.
516 536 636 573 aliquem
660 534 704 564 vel
724 534 829 571 aliquos
850 532 1001 564 Subditum
1019 533 1064 563 vel
1087 532 1219 563 Subditos

167 572 237 602 dieii
251 574 286 602 R.
301 575 412 611 Scotiae,
430 573 500 603 infra
514 573 658 604 Marchias
674 572 787 607 Angliae
808 570 854 601 vel
882 570 1001 601 Limites
1025 570 1220 601 Marchiarum

167 610 290 648 Scoriae,
308 610 446 642 violenter
459 611 630 647 interficere,
646 609 802 640 Cardianus
816 607 1010 639 Marchiarum
1044 609 1221 639 raedic‘tarum

170 648 298 687 Angliae,
318 649 362 680 vel
375 652 433 688 ejus
448 649 606 687 Deputatus
618 649 664 678 vel
680 647 818 684 Deputati
833 649 991 678 cumomni
1041 648 1087 678 ura
1105 649 1139 679 &c
1162 648 1220 678 Di-

169 686 301 724 figentia,
317 689 398 718 omni
420 687 528 718 Pavore
549 685 720 724 postposito,
740 694 772 715 ac
794 684 889 723 Dolo,
906 685 1034 724 Fraude,
1059 697 1091 718 ac
1116 685 1221 716 sinistra

169 723 386 757 Machinatione
401 725 612 764 quibuscunque
628 725 657 753 in
680 723 732 753 hac
756 732 832 760 parte
855 723 1038 763 cessantibus,
1053 725 1222 762 prosequen-

168 773 230 801 tur,
247 765 281 796 &
299 764 416 803 quilibet
433 773 534 794 eorum
552 761 748 799 prosequetur,
767 769 797 791 ut
815 761 874 792 talis
890 761 1056 793 interfeeior
1070 763 1114 794 seu
1132 763 1223 793 inier-

169 802 290 833 feeimes
317 803 459 840 capiantur
483 801 516 831 &
537 800 675 829 ducantur
690 799 724 829 ad
743 799 858 830 Dietam
879 810 925 837 per
944 800 1104 832 Gardianos
1123 802 1221 832 utrius·

167 845 225 879 'que
243 840 385 874 Marchiae
402 839 449 870 vel
466 847 516 875 per
532 846 631 868 eorum
652 837 812 876 Deputatos
829 839 1074 876 appuneiuandum
1088 853 1098 877 ς,
1132 841 1182 870 ubi
1200 839 1219 870 fi

167 880 218 918 per
237 879 327 918 Leges
346 877 541 908 Marchiarum
557 876 695 913 legittime
711 878 932 914 convincantur,
951 878 996 907 vel
1010 878 1107 915 aliquis
1120 888 1221 908 eorum

169 918 373 953 convincatur,
391 923 460 945 tunc
476 913 631 944 Gardianus
649 913 789 944 Marchiae
806 915 939 953 Angliae,
957 916 1040 946 talem
1056 917 1224 948 interfecto-

169 966 234 985 rem
251 955 296 985 vel
313 951 509 983 Iurerfedfflres
527 961 557 982 ut
575 952 651 990 iiipra
670 952 848 983 Convffiium
873 953 919 983 vel
943 952 1103 985 convictos
1117 978 1127 992 ,
1149 955 1223 985 Gar-

169 994 254 1024 diano
279 990 419 1021 Marchiae
444 990 551 1021 Scotiae
569 991 697 1021 liberabit
714 990 758 1020 feu
780 991 887 1021 liberari
907 991 988 1022 saciet
1004 1005 1013 1030 ς
1040 995 1087 1030 qui
1105 993 1224 1024 Gardia-

168 1041 222 1063 nus
239 1029 382 1060 Marchiae
398 1029 502 1060 Scotiae
520 1030 528 1058 i
549 1028 608 1059 sum
625 1029 811 1060 Homicidam
839 1030 884 1060 vel
910 1029 1081 1062 Homicidas
1097 1054 1106 1070 ‚
1129 1033 1166 1063 fic
1193 1040 1222 1062 ut

170 1070 250 1108 supra
262 1067 446 1099 Convfflum
462 1067 507 1098 vel
572 1068 683 1098 nviCtos
696 1069 729 1099 &
745 1068 796 1098 fibi
811 1067 1014 1106 Confignatum
1036 1070 1080 1100 vel
1104 1070 1225 1109 Conlig-

171 1115 251 1141 natos
260 1129 271 1145 ‚
289 1115 343 1146 pro
357 1105 516 1144 hujusmodi
530 1105 702 1136 Homicidio
718 1106 817 1136 ultimo
832 1106 977 1145 Supplicio
990 1108 1187 1147 demandabit3

209 1144 249 1174 Et
271 1145 350 1175 simili
375 1144 465 1174 modo
490 1144 511 1174 si
537 1145 683 1183 contingat
708 1143 744 1174 de
763 1154 867 1174 caetero
883 1169 892 1182 ,
917 1145 1037 1183 aliquem
1057 1147 1103 1178 vel
1120 1148 1226 1185 aliquos

171 1184 322 1215 Subditum
339 1183 386 1214 vel
403 1182 536 1213 Subditos
553 1183 621 1213 disti
637 1185 714 1220 Regis
726 1186 820 1212 Scotiae
833 1183 953 1221 aliquem
969 1184 1015 1213 vel
1029 1184 1134 1223 aliquos
1150 1186 1227 1216 Sub·

169 1222 260 1257 ditum
279 1222 326 1252 vel
343 1221 477 1251 Subditos
494 1220 565 1251 dieii
583 1224 660 1258 Regis
676 1220 806 1258 Angliae,
822 1222 893 1251 infra
907 1221 1049 1253 Marchias
1064 1225 1168 1254 Scotiae
1183 1224 1226 1255 vel

171 1260 291 1291 Limites
315 1259 510 1290 Marchiarum
536 1259 649 1296 Angiiae
665 1283 674 1297 ,
704 1259 842 1289 violenter
865 1259 1019 1290 interficere
1034 1284 1043 1298 ,
1069 1261 1226 1293 Cardianus

168 1299 314 1336 praedic'iae
332 1298 473 1328 Marchiae
491 1297 594 1328 Scotice
611 1297 657 1327 vel
675 1298 731 1335 ejus
747 1296 906 1335 Deputatus
925 1298 970 1328 vel
986 1299 1140 1337 Deputati,
1156 1311 1224 1331 cum

167 1339 251 1368 omni
266 1336 345 1367 Cura
363 1338 396 1367 ὃς
415 1336 573 1373 Diligenti-i
588 1359 598 1373 ,
626 1337 709 1366 omni
730 1335 839 1366 Favore
857 1335 1012 1375 postposito
1026 1360 1036 1375 ,
1065 1348 1097 1368 ac
1119 1339 1199 1369 Dolo
1216 1362 1225 1377 ,

169 1375 295 1414 fraude,
314 1377 348 1407 ὃς
367 1374 471 1405 sinist-rii
490 1374 706 1405 Machinatione
725 1374 938 1412 quibuscunque
955 1377 982 1404 in
999 1376 1051 1406 hac
1068 1387 1143 1414 parte
1165 1388 1225 1407 ces-

168 1415 304 1451 santibus,
323 1413 523 1451 prosequentur
540 1413 573 1443 &
593 1413 710 1450 quilibet
728 1422 828 1442 eonim
845 1413 1038 1450 prosequetur,
1057 1425 1087 1445 ut
1106 1417 1164 1445 {aiis
1179 1416 1226 1445 ln-

168 1453 302 1482 terfector
327 1451 372 1482 seu
397 1451 595 1482 interfee‘cores
612 1452 754 1488 capiantur
773 1451 805 1482 δε
823 1450 961 1481 ducantur
979 1452 1012 1482 ad
1031 1452 1158 1484 Diaetam
1177 1465 1224 1491 per

170 1490 328 1520 Gardianos
352 1490 492 1527 utriusque
512 1489 652 1519 marchi-1:
675 1489 721 1519 vel
739 1499 840 1519 eorum
858 1489 1019 1526 Deputatos
1034 1493 1226 1528 appunetuan-

168 1529 235 1559 dam
255 1541 265 1566 ι,
292 1529 359 1567 ubi,
385 1529 406 1558 fi
423 1538 470 1565 per
492 1528 580 1566 Leges
600 1527 794 1558 Marchiarum
815 1529 939 1567 legitime
957 1531 1163 1560 convincentur
1180 1531 1226 1561 vel

168 1568 264 1606 aliquis
281 1576 382 1597 eorum
401 1568 589 1597 convincatur
604 1589 614 1602 ,
642 1576 709 1596 tunc
726 1565 884 1596 Gardianus
895 1566 1041 1608 ⁴Marchiae
1059 1568 1164 1598 Scoiiae
1186 1578 1226 1598 ta—

167 1606 224 1635 lem
241 1605 451 1635 intersetstorem
472 1605 517 1635 vel
534 1604 732 1634 Interfec'tores
748 1627 756 1639 ,
785 1604 822 1634 sic
841 1614 871 1634 ur
886 1608 963 1641 iupra
982 1604 1161 1637 Convicturn
1180 1608 1224 1637 vel

169 1642 329 1675 Convistos
346 1665 356 1679 ‚
383 1642 530 1673 Gardiano
557 1641 696 1672 Marchiae
722 1641 832 1679 Angliae
850 1642 977 1672 liber-abit
993 1642 1037 1673 seu
1058 1645 1167 1676 liberari
1185 1647 1226 1676 fa-

168 1682 244 1719 ciet,
259 1684 309 1719 qui
324 1681 484 1712 Gardianus
496 1680 638 1711 Marchiae
652 1680 780 1717 Angliae,
797 1679 886 1717 ipsum
901 1680 1088 1712 Homicidam
1102 1684 1146 1713 vel
1159 1683 1226 1714 Ho-

169 1720 350 1759 micidas,s1c
367 1729 397 1750 ut
415 1719 491 1757 supra
499 1718 678 1749 convictum
689 1716 906 1748 veiConvie'tos
922 1719 953 1749 &
965 1720 1225 1760 szbiConsignatum

170 1758 218 1788 vel
233 1757 446 1827 gaorisignatos²
463 1767 515 1795 pro
529 1757 691 1796 hujusmodi
707 1756 876 1787 Homicidio
894 1757 995 1788 ultimo
1015 1758 1160 1797 Supplicio
1177 1761 1227 1791 de-

169 1805 237 1827 man
277 1805 327 1827 nit.

205 1834 330 1873 ITEM,
356 1833 545 1865 Conventum
563 1834 596 1865 &
613 1832 788 1864 Conclusum
806 1832 847 1864 est
866 1833 945 1871 quod
961 1833 1078 1873 Naves,
1105 1836 1226 1875 Nautae,

170 1872 366 1910 Mercatores,
385 1874 419 1905 δε
435 1873 482 1903 alii
500 1872 612 1902 Subditi
626 1872 766 1909 utriusque
779 1870 945 1908 Principum
961 1873 1161 1911 praediemrum
1177 1886 1226 1912 per

171 1912 312 1951 Terram,
327 1911 427 1949 Mare,
449 1912 483 1942 ὅτ.
501 1912 598 1949 Aquas
615 1910 710 1941 dulces
729 1909 854 1949 Euntes,
878 1909 1102 1951 Conversantes,
1127 1914 1226 1944 Navi-

168 1959 263 1989 gantes
276 1974 286 1989 ,
312 1949 505 1986 Naufragium
526 1948 644 1988 paffuri,
666 1950 699 1979 ὃς
718 1947 918 1979 permanentes
935 1950 1084 1981 tractentur
1102 1952 1134 1981 ὃ(
1153 1954 1226 1983 reci-

170 1990 282 2027 piantur
308 1997 392 2025 prout
420 1988 519 2018 melitis
538 1988 648 2019 uastari
666 1989 699 2019 δε
715 1988 801 2025 recipi
821 1988 1024 2025 consueverunt
1043 1991 1069 2019 in
1089 1992 1227 2028 tempori-

172 2028 224 2058 bus
250 2027 365 2058 aliarurn
392 2026 571 2065 Treugarum
586 2050 596 2062 ,
620 2026 696 2063 prius
718 2027 791 2055 inter
805 2028 898 2055 Scotiae
913 2027 947 2057 &c
964 2027 1076 2066 Angliae
1091 2031 1172 2066 Reges
1190 2031 1224 2061 &

172 2075 275 2096 eorum
294 2065 396 2104 Regna
415 2066 546 2095 initarum
566 2066 600 2097 &
614 2064 829 2103 conclusarum,
846 2065 879 2095 &
897 2067 1038 2102 praecipue
1055 2068 1135 2104 quod
1155 2069 1227 2098 reci-

171 2105 282 2141 piantur
299 2104 331 2134 &
349 2104 500 2134 tractentur
511 2104 590 2143 juxta
608 2104 686 2140 vim,
704 2102 831 2132 foi-main
843 2125 853 2141 ,
872 2103 888 2119 ᾗ
907 2104 941 2134 &
956 2103 1093 2135 effectum
1109 2106 1227 2136 Traeta-

169 2142 216 2173 tus
230 2143 406 2179 Treugarum
426 2142 621 2173 conclusarum
631 2165 640 2179 ,
654 2142 727 2171 inter
742 2140 941 2172 illustriffimos
956 2142 1092 2179 Jacobum
1107 2147 1227 2175 Tertirlm

169 2184 305 2211 Scotorum
320 2184 416 2217 Regem
434 2181 468 2212 &
484 2180 656 2210 Edwardmu
673 2179 817 2219 §Quartum
834 2187 916 2217 nuper
933 2181 1044 2218 Angliae
1061 2185 1157 2220 Regem
1167 2207 1176 2221 ,
1190 2184 1226 2214 de

170 2219 250 2250 Data
265 2219 354 2250 Primi
373 2218 440 2250 Diei
460 2218 568 2249 Mensis
583 2218 680 2257 Junii,
698 2220 786 2248 Anno
802 2217 927 2248 Domini
945 2218 1117 2260 Millesimo,
1143 2221 1226 2262 Qia-

167 2258 387 2296 dringentesirno
397 2280 407 2295 ,
424 2257 604 2295 Sexagefimo
621 2266 730 2294 quarto.

205 2296 312 2334 ITEM,
332 2295 520 2326 Conventum
540 2297 573 2327 &
589 2294 766 2325 Conclusam
785 2293 841 2331 est,
861 2295 941 2333 quod
959 2295 978 2326 fi
994 2296 1091 2334 aliquis
1102 2306 1136 2327 ex
1151 2297 1227 2328 Sub-

168 2334 232 2365 ditis
249 2334 358 2365 alterius
375 2333 544 2372 Principum
562 2333 763 2372 praedictorum
782 2334 917 2371 quicquid
934 2333 1118 2371 Depraedatus
1142 2335 1226 2367 fuerit

164 2374 213 2404 seu
242 2374 460 2411 Attemptaverit
485 2373 555 2403 infra
580 2371 742 2402 Marchiarn
759 2381 807 2402 aut
822 2371 944 2402 Terram
963 2373 1033 2403 illius
1052 2371 1141 2404 Partis
1158 2374 1226 2405 Par-

167 2413 240 2442 tium
265 2411 462 2448 praeditffitrum
476 2434 487 2450 ,
515 2412 548 2442 &
571 2410 634 2449 post
662 2409 916 2449 Depraedationetn
933 2411 1092 2449 hujusmodi
1111 2411 1155 2443 seu
1173 2412 1227 2443 At-

167 2456 340 2486 ternptatum
366 2449 514 2488 Fugiendo
537 2457 690 2480 revertatur
712 2449 747 2479 ad
768 2447 931 2479 Marchiam
950 2449 996 2480 vel
1015 2450 1137 2481 Terram
1155 2450 1227 2482 illius

169 2487 259 2518 Partis
277 2490 355 2526 cujus
373 2487 414 2518 est
431 2486 581 2524 Subditus,
598 2487 694 2518 licebit
711 2487 768 2525 illi,
792 2496 890 2518 contra
908 2498 996 2525 quem
1012 2488 1051 2519 fic
1069 2488 1228 2527 Attempta-

168 2535 232 2557 tum
251 2525 350 2564 fiierit,
368 2527 398 2557 in
417 2526 543 2557 Recenti
561 2526 606 2556 vel
624 2526 694 2556 insta
712 2525 768 2556 Sex
786 2525 859 2556 Dies
877 2526 1084 2563 computandos
1099 2536 1115 2557 a
1133 2527 1226 2558 Tem-

169 2574 242 2602 pore
262 2564 371 2595 Defieri
390 2565 428 2595 fic
444 2565 600 2602 attemptari
622 2564 669 2594 vel
692 2563 836 2595 commiffi
851 2586 862 2602 ,
886 2564 1062 2595 Auctoritate
1085 2565 1226 2602 praesentis

170 2603 361 2634 Ordinationis
377 2604 410 2635 &
427 2601 599 2640 Tradimus,
616 2602 718 2640 absque
734 2603 791 2633 aliis
809 2602 924 2633 Litteris
941 2604 986 2633 vel
1005 2603 1088 2634 Salvo
1108 2603 1228 2635 Condu-

170 2641 238 2679 ἂν,
259 2642 386 2681 prosequi
401 2641 483 2672 illum
502 2641 740 2678 Malefa&oretn‚
761 2641 795 2671 δε
812 2641 901 2679 ipsum
916 2640 954 2671 fic
971 2641 1167 2680 prosequendo
1183 2644 1228 2673 in-

172 2687 244 2710 trare
267 2680 344 2710 salvo
370 2682 402 2711 &
427 2680 524 2710 secure
543 2678 706 2710 Marchiam
725 2681 759 2711 &
775 2679 895 2709 Terram
913 2680 943 2710 in
962 2689 1046 2718 quarn
1065 2680 1140 2710 idem
1161 2681 1228 2712 Ma-
1244 2693 1247 2697 ’

171 2718 290 2748 1εὲαᾶοτ
306 2719 332 2748 se
346 2718 515 2756 contulerim
532 2717 716 2755 dummodo,
734 2718 877 2756 quamcito
889 2718 1049 2756 hujusmodi
1065 2718 1226 2750 Marchiam

171 2756 230 2787 five
248 2756 370 2788 Terram
389 2756 443 2787 hac
461 2756 497 2786 de
515 2755 607 2787 Causa
625 2758 765 2786 intraverit
783 2779 792 2794 ,
817 2757 895 2786 adeat
915 2757 1036 2794 aliquem
1057 2756 1160 2788 Virum
1176 2760 1215 2788 bo

173 2804 220 2824 nae
243 2794 338 2825 Famae
355 2796 387 2827 &
405 2794 557 2832 Opinionis
576 2795 666 2825 iilaesae
685 2795 858 2825 habitantem
875 2794 945 2825 infra
964 2794 1126 2826 Marchiam
1143 2806 1227 2835 quam

172 2833 212 2862 sic
230 2834 332 2870 intrat,
355 2834 387 2864 &
407 2833 498 2864 eidem
518 2833 637 2864 declaret
658 2832 778 2864 Causam
797 2832 934 2864 Intro-itus
951 2833 1009 2871 sui,
1031 2834 1090 2864 viz.
1112 2835 1145 2865 ad
1161 2845 1228 2872 pro-

172 2870 345 2908 sequendum
365 2871 395 2900 D
423 2872 616 2902 'raedationem
634 2871 710 2902 suam
721 2893 731 2909 ‚
749 2871 939 2910 describatque
957 2873 990 2902 &
1008 2871 1148 2910 specificet
1166 2876 1228 2911 qui-

171 2910 224 2939 bus
243 2908 328 2938 Bonis
347 2909 380 2938 &
442 2909 511 2939 tallis
529 2910 574 2938 vel
592 2908 692 2947 Rebus
711 2910 894 2946 Depraedatus
912 2910 958 2939 seu
973 2909 1113 2948 Spoliatus
1128 2911 1227 2948 fuerit,

173 2957 208 2977 ac
223 2947 332 2985 insuper
348 2948 467 2984 requirat
482 2946 607 2977 eundem
623 2947 720 2985 quod,
724 2946 862 2988 quamdiu
875 2947 1034 2984 hujusmodi
1050 2947 1228 2980 Prosecutio-

173 2995 242 3016 nem
257 2986 333 3016 suam
347 2984 462 3023 fecerit,
480 2985 576 3015 secum
591 2993 652 3022 eat,
671 2993 701 3014 ut
716 2987 793 3022 super
809 2984 900 3015 Factis
913 2985 964 3015 suis
991 2994 1121 3024 tempore
1145 2987 1230 3018 dieta

173 3023 382 3068 Prosecutionis
401 3023 500 3067 poffit,
526 3023 595 3068 crim
615 3023 758 3062 requisitus
778 3022 862 3054 fuerit
886 3023 964 3061 super
987 3023 1060 3063 hoc,
1080 3024 1228 3056 Testimo-

174 3063 551 3144 niiffissge'rhidffigelgffltranti.
562 3099 783 3143 Concordatum
794 3122 803 3137 ,
825 3098 1053 3143 &lConclusum
1073 3101 1114 3131 est
1132 3101 1230 3139 quod,

176 3137 339 3170 durantibus
357 3139 535 3177 praesentibus
549 3138 629 3169 Treu
651 3148 671 3168 is
688 3161 697 3176 ,
723 3147 754 3168 ut
771 3137 942 3177 praemissum
958 3138 1018 3178 est,
1044 3139 1178 3170 Castrum
1196 3142 1230 3172 δε

174 3176 250 3207 Villa
267 3176 402 3208 Bere'uiici
415 3187 482 3208 cum
500 3177 621 3214 antiquis
664 3176 804 3214 imitibus,
820 3177 852 3207 &
868 3175 1056 3208 Inhabitantes
1073 3179 1105 3208 &
1122 3177 1229 3208 Incolae

176 3215 347 3246 eorumdem
362 3239 372 3253 ,
398 3215 448 3246 sub
476 3216 581 3246 eisdem
606 3214 703 3252 Pace,
736 3213 868 3245 Amicitia
884 3237 894 3251 ,
919 3216 952 3246 ὃς
977 3215 1231 3247 Confoederatione

176 3253 349 3293 Treugaque
375 3254 409 3284 &
433 3254 607 3285 Guerrarum
627 3253 804 3284 Abstinentia
821 3263 854 3283 ac
872 3252 1016 3285 Bellorum
1035 3254 1158 3285 Induciis
1176 3255 1231 3285 sta-

175 3292 249 3322 bunt
275 3293 308 3323 &
332 3293 535 3329 permanebunt
560 3301 624 3323 toto
651 3300 780 3329 ternpore
799 3290 937 3329 praedid‘to
953 3314 962 3329 ,
989 3293 1026 3323 ita
1043 3292 1119 3331 quod
1139 3303 1229 3332 neque

175 3330 368 3360 Sereniffimus
382 3333 442 3360 Rex
455 3334 547 3360 Scotiae
563 3340 611 3367 per
629 3330 681 3368 Se,
697 3339 747 3360 aut
761 3331 828 3360 alios
844 3329 1043 3368 Subditorum,
1064 3331 1230 3370 Ligeorum,

175 3376 223 3398 aut
238 3368 424 3399 Vaffallorum
441 3369 554 3399 suorum
569 3367 726 3407 Guerram,
742 3368 890 3405 Insultum,
904 3378 949 3397 aut
963 3369 1150 3399 Obsidionem
1168 3370 1231 3407 ipiis

178 3406 268 3437 Locis
281 3416 326 3438 aut
340 3406 442 3438 Incolis
459 3407 627 3437 eorumdem
637 3429 646 3444 ,
664 3417 756 3446 neque
770 3405 1022 3437 Excellentiiiimus
1036 3410 1095 3436 Rex
1117 3408 1230 3445 Angliae

176 3454 227 3482 pei·
238 3445 274 3475 Se
285 3469 294 3482 ,
305 3455 352 3476 aut
366 3445 426 3475 suos
443 3445 629 3476 Inhabitantes
647 3445 750 3476 Villam
764 3446 809 3476 seu
823 3444 956 3475 Castrum
971 3445 1231 3482 hujusmodiGuer-

176 3492 265 3551 iiiia
281 3483 515 3560 &lisinis
527 3483 820 3561 &cilffl’i'gfflssss
836 3482 1117 3561 {saisisse
1136 3488 1230 3554 aar

176 3567 277 3598 garum
297 3560 504 3597 praedictarum.

215 3596 305 3627 ITEM
318 3621 328 3634 ,
344 3597 532 3629 Conventum
550 3600 584 3630 &
601 3598 779 3630 Conclusum
799 3598 859 3637 est,
876 3598 957 3636 quod
974 3598 994 3628 si
1011 3599 1109 3636 aliquis
1128 3598 1232 3638 Ligeo-

178 3644 243 3666 rum
261 3637 342 3666 unius
360 3636 405 3665 vel
421 3636 530 3670 alterius
548 3637 713 3675 Principum
730 3636 930 3675 praedffltorum
950 3638 1139 3675 reparaverit,
1164 3637 1231 3667 aedi-

180 3675 322 3712 ficaverit,
339 3672 384 3704 seu
397 3683 429 3705 ut
444 3674 593 3743 vgfflter
606 3675 707 3706 dicitur
721 3675 882 3713 imposuerit
895 3673 921 3703 Ie
935 3673 1089 3712 Fissbgarth
1102 3677 1134 3705 de
1158 3676 1232 3713 Esk,

177 3722 226 3744 aut
235 3712 362 3750 Rumpat
375 3711 421 3741 vel
434 3711 464 3741 D
555 3720 566 3742 t
577 3713 717 3750 eundem,
730 3722 783 3751 pro
799 3722 860 3742 non
873 3719 1037 3749 attemptato
1054 3714 1234 3751 reputabitur,

178 3747 212 3783 ἃ
227 3750 426 3781 nichilominus
437 3750 487 3779 alia
501 3750 673 3788 Attemptata
683 3760 861 3787 quaecunque
874 3751 1088 3790 reparabuntur,
1104 3752 1141 3782 sic
1155 3752 1231 3789 quod

179 3790 331 3827 Reparatio
347 3789 390 3819 seu
402 3787 566 3818 Destruffio
579 3789 645 3818 dic‘i‘i
655 3787 680 3818 Ie
692 3787 763 3826 Fisfh
779 3787 872 3818 Garth
892 3797 951 3817 non
970 3789 1103 3826 impediet
1127 3790 1233 3820 Refor-

181 3831 337 3859 mationem
359 3827 483 3857 aliorum
513 3826 753 3864 Attemptatomtn
780 3836 835 3857 nec
863 3825 1026 3858 introducet
1055 3827 1234 3867 Ruprionem

181 3866 359 3903 praesentium
372 3865 561 3904 Treugarum.

216 3902 290 3935 Ιτε,
300 3914 328 3935 M
338 3927 348 3943 ,
367 3904 554 3934 Conventum
571 3902 605 3933 δε
620 3901 797 3932 conclusum
813 3901 874 3940 est,
890 3901 970 3939 quod
985 3901 1007 3932 F
1048 3903 1108 3933 'tivi
1125 3903 1231 3934 Scotiae

177 3942 227 3980 qui
242 3941 416 3973 devenerunt
437 3941 518 3979 Ligei
535 3944 612 3979 Regis
627 3939 741 3978 Angliae
757 3940 861 3971 debent
875 3939 954 3982 ligari
969 3949 1005 3970 ex
1055 3951 1110 3972 arte
1135 3942 1234 3980 Angli-

177 3982 280 4017 coru'm
303 3981 338 4011 ad
362 3979 578 4011 Observandum
602 3977 745 4008 Articulos
791 3978 949 4008 raesentium
969 3978 1149 4018 Treugarum
1164 4004 1173 4017 ‚
1201 3981 1233 4011 &

178 4017 261 4054 quod
285 4018 458 4056 Attemptata
481 4028 530 4062 per
545 4027 594 4048 eos
611 4015 690 4053 super
705 3988 838 4046 Subditos
859 4019 936 4053 Regis
953 4019 1046 4046 Scotiae
1063 4018 1168 4048 debent
1185 4028 1235 4048 eo-

177 4056 244 4086 dem
273 4055 363 4085 modo
387 4057 532 4087 reformari
551 4065 610 4093 quo
631 4055 856 4085 reformabuntur
874 4053 1048 4091 Attemptata
1066 4064 1116 4092 per
1135 4054 1236 4092 Origi—

180 4095 271 4124 narios
294 4093 428 4129 Subditos
451 4098 529 4133 Regis
550 4092 686 4130 Angliae;
712 4092 786 4123 idern
812 4102 861 4130 per
883 4093 981 4122 omnia
1006 4093 1181 4124 observando
1201 4101 1234 4124 ex

178 4131 262 4171 Parte
281 4133 356 4168 Regis
382 4135 474 4160 Scotiae
487 4148 501 4168 ,‹
520 4132 539 4162 fi
560 4133 607 4169 qni
627 4130 737 4169 Anglici
755 4138 818 4161 ante
834 4130 899 4161 haec
915 4139 1043 4168 tempora
1059 4131 1141 4171 Ligei
1159 4134 1234 4170 Regis

175 4173 309 4201 Statori-mi
327 4171 503 4202 devenerunt
521 4169 724 4208 quovismodo.

1262 454 1440 486 Au&0ritate
1455 458 1500 488 sua
1515 470 1627 498 propter
1646 463 1704 493 hoc
1721 463 1937 503 Spoliationem,
1954 464 2057 503 Prisas,
2080 466 2126 497 vel
2144 465 2308 499 Districstio—

1260 501 1310 522 nes
1329 491 1510 537 Personarum
1528 499 1573 528 vel
1594 499 1737 531 Bonorum
1752 502 1864 539 fecerit,
1881 512 1916 533 eo
1939 503 1998 540 ipso
2010 504 2088 534 cadat
2104 515 2119 535 a
2137 503 2230 536 Causa
2248 505 2307 545 sufi,

1261 530 1295 560 δε
1312 530 1512 562 nichilominus
1530 534 1683 568 secundum
1701 539 1805 569 Delicti
1823 542 1993 577 exigentiam
2011 543 2148 578 puniatur.

1298 566 1404 605 ITEM,
1423 568 1609 601 Conventum
1628 575 1660 616 &
1679 575 1854 607 Conclusurn
1872 579 1931 616 est,
1949 580 2026 616 quod
2046 589 2216 618 quamquam
2235 591 2307 620 prae-

1262 605 1350 649 sentes
1378 608 1549 639 Guerrarum
1567 610 1752 643 Abstinentiae
1770 624 1858 652 captae
1875 617 1908 647 ὅς
1928 618 2003 647 initae
2019 617 2068 648 sint
2087 621 2179 649 modis
2195 620 2227 649 &
2247 620 2307 650 for-

1262 653 1316 674 mis
1341 654 1371 675 ut
1395 647 1474 685 supra
1490 671 1500 685 ,
1527 656 1649 678 attamen
1677 659 1734 678 non
1752 651 1879 684 dicentur
1897 664 1950 685 nec
1969 655 2167 692 reputabuntur
2183 660 2308 689 omnin‘o

1280 684 1402 714 enerales
1414 702 1440 722 ,-
1452 695 1506 716 nec
1530 685 1557 715 se
1581 686 1730 717 extendent
1747 690 1780 717 ad
1800 689 1967 722 Dominium
1986 693 2022 724 de
2042 694 2136 725 Lorne
2151 696 2180 725 in
2200 696 2308 729 Regno

1284 723 1384 765 c.0¹.lae²
1410 733 1464 754 nec
1479 724 1512 754 ad
1530 723 1648 754 lnsularn
1666 723 1702 754 de
1720 724 1837 764 Lundey
1854 730 1883 757 in
1902 729 2009 766 Regno
2029 731 2152 770 Angliae,
2177 733 2221 764 sed
2239 734 2307 765 Do-

1263 769 1384 790 minium
1401 761 1434 791 &
1453 761 1542 792 insula
1561 763 1693 799 praedicsta
1706 763 1890 802 intelligentur
1905 768 1981 798 nullo
1997 770 2087 800 modo
2103 771 2130 800 in
2145 772 2196 801 hiis
2213 772 2308 803 Guer-

1264 807 1356 827 rarum
1371 798 1555 831 Abstinentiis
1567 801 1776 838 comprehensa.

1299 835 1343 866 Ιτ
1355 845 1426 875 ΕΜ,
1454 838 1639 869 Conventum
1658 840 1690 870 &
1708 838 1883 870 Conclusum
1904 840 1945 870 est
1960 863 1969 878 ‚
1991 844 2068 881 quod
2090 846 2118 876 in
2134 847 2311 884 praesentibus

1261 873 1384 911 Treugis
1409 877 1442 907 &
1467 876 1643 907 Guerrarum
1672 876 1857 908 Abstinentiis
1888 882 2162 916 comprehendantur
2187 888 2283 918 Amici

1265 910 1478 956 Confoederati,
1498 917 1531 947 ὃ(
1547 915 1656 955 Alligati
1674 916 1813 953 utriusque
1832 915 1984 955 Principis,
1999 917 2018 947 si
2036 924 2238 958 comprehendi
2254 910 2310 956 vo?-

1262 950 1377 989 luerint‚
1396 952 1431 982 δε
1449 962 1548 983 eorum
1567 953 1667 993 Regna
1681 963 1714 984 ac
1734 953 1889 992 Dominia,
1907 955 1942 986 &
1956 955 2035 994 super
2047 957 2104 987 hoc
2118 961 2238 992 Animos
2251 963 2313 994 suos

1263 988 1482 1029 declaraverint,
1501 992 1534 1023 ὃς
1547 992 1622 1022 idem
1644 991 1858 1025 desideraverint
1877 994 1948 1025 infra
1967 994 2022 1025 Sex
2044 995 2157 1027 Menses
2180 1001 2312 1035 proximo

1263 1035 1374 1057 exnunc
1389 1028 1552 1069 sequentes:,

1264 1101 1303 1133 Et
1333 1103 1483 1140 specialiter
1513 1115 1567 1143 pro
1593 1105 1673 1136 Parte
1695 1109 1771 1145 Regis
1808 1106 1845 1138 Et
1860 1117 1913 1144 pro
1927 1107 2009 1138 Parte
2022 1111 2098 1147 Regis
2111 1111 2240 1151 Angliae‚

1301 1144 1409 1179 Scotrae,
1808 1149 1870 1175 Rex
1886 1148 2062 1177 Romanorum
2072 1171 2082 1186 ,

1264 1179 1418 1210 Ludo-mus
1432 1184 1491 1210 Rex
1506 1184 1644 1220 Franciae,
1807 1187 1867 1213 Rex
1882 1184 2037 1215 ladovicus
2050 1189 2185 1226 Franciae,

1265 1216 1409 1255 Johannes
1421 1221 1480 1248 Rex
1502 1222 1595 1249 Daciae
1603 1243 1614 1258 ,
1808 1225 1888 1258 Reges
1903 1221 2060 1262 Hispaniae,

1266 1258 1326 1284 Rex
1340 1256 1499 1295 Hispanniae
1507 1281 1516 1296 ,
1808 1260 1971 1297 Portugaliae
1980 1285 1990 1299 ,

1266 1296 1324 1322 Rex
1338 1295 1465 1333 Neapolis
1472 1319 1480 1332 ,
1808 1297 1938 1335 Neapolis
1945 1322 1955 1337 ,

1267 1335 1326 1360 Rex
1342 1336 1520 1363 Romanorum
1528 1357 1537 1372 ,
1808 1336 1930 1374 Austrrae
1938 1359 1948 1374 ‚

1266 1370 1412 1400 Archidux
1426 1372 1547 1410 Auftriae
1556 1395 1564 1409 ,
1808 1375 1971 1414 Burgunjiae
1978 1398 1988 1412 ,

1266 1407 1303 1437 Et
1318 1411 1480 1446 Burgundfae
1490 1434 1499 1448 ,
1810 1415 1976 1441 Venitia‘rum
1984 1436 1995 1452 ‚

1266 1447 1380 1476 Gela'riae
1389 1471 1398 1485 ‚
1811 1450 1961 1480 Mediolani
1968 1474 1978 1490 ,

1265 1486 1298 1512 H
1297 1484 1409 1523 afflatae
1414 1508 1425 1523 ,
1810 1491 1942 1518 Ferrariae
1947 1512 1958 1528 ,

1268 1524 1286 1540 ²¹⁵
1306 1523 1344 1553 Et
1357 1523 1388 1552 de
1403 1521 1488 1561 Clief,
1811 1526 1968 1565 Sabaudiae,

1268 1560 1365 1591 Duces
1374 1585 1383 1599 ,
1811 1563 1908 1595 Duces
1917 1588 1926 1602 ,

1266 1598 1304 1630 Et
1319 1599 1440 1629 Merchio
1456 1599 1696 1639 Brandebmgenss
1704 1612 1714 1638 ,'
1810 1603 1940 1632 Necnon
1977 1607 2092 1634 Societas
2131 1608 2315 1638 mercatorum

1846 1643 1958 1671 Hanzae
1970 1642 2134 1672 Theutonicae
2143 1656 2153 1673 :

1305 1714 1421 1753 Qiibus
1437 1714 1602 1757 ‚Rsienfibus
1620 1714 1730 1752 LapsiS,
1749 1714 1767 1745 fi
1791 1717 1864 1747 nulla
1876 1717 2048 1749 Notificatio
2063 1718 2224 1757 hujusmodi
2247 1721 2319 1753 faeta

1267 1752 1348 1782 fuerit
1370 1753 1497 1793 Regibus
1518 1753 1675 1796 praedzcstis,
1701 1754 1770 1784 dieti
1789 1754 1986 1788 confoederati
2002 1767 2061 1787 non
2080 1758 2269 1796 intelligentur
2287 1762 2318 1791 in

1266 1791 1320 1821 hiis
1337 1791 1458 1831 Treugis
1477 1792 1690 1831 comprehensi,
1708 1791 1740 1823 &
1765 1791 1785 1821 si
1801 1793 1870 1824 dieti
1886 1795 1979 1833 Reges
1991 1796 2083 1826 dkstos
2097 1794 2319 1829 Confoederatos

1265 1830 1713 1900 {Qssiihssssffielssissmffi'th'ssss
1715 1830 1811 1900 ‘321²ss
1814 1832 2318 1906 ἵῗὲρῖῬνάξΈὲιῖῑῗὲἶέοἳῗςωέζῖ

1563 1891 1573 1906 9
1607 1892 1613 1897 ·
1933 1894 1956 1902 w
2305 1893 2320 1899 ·

1265 1906 1372 1937 scantur
1386 1907 1432 1937 vel
1447 1906 1603 1937 Momenti.
1910 1891 1929 1909 ὁ

1302 1944 1410 1982 ITEM,
1433 1944 1620 1975 Conventum
1639 1945 1672 1975 ὃς
1692 1943 1867 1977 Οοηςῐυῶτη
1885 1946 1926 1978 est
1945 1947 2026 1986 quod
2044 1948 2081 1986 fi,
2100 1948 2202 1980 eisdem
2223 1949 2318 1982 Guer-

1265 1993 1358 2013 rarum
1377 1983 1559 2014 Abstinentiis
1573 1985 1754 2023 durantibus,
1771 1985 1874 2023 aliquid
1890 1996 1988 2017 contra
2007 1988 2115 2018 easdem
2132 1988 2178 2018 vel
2195 1989 2317 2026 aliquam

1265 2021 1379 2052 Partem
1394 2022 1558 2052 earumdem
1576 2031 1625 2059 per
1643 2023 1766 2053 Terram
1782 2024 1837 2053 five
1853 2034 1901 2061 per
1919 2025 2003 2055 Mare
2021 2025 2079 2056 fieri
2094 2026 2140 2056 vel
2163 2029 2319 2065 attemptari

1265 2061 1410 2100 contingat
1426 2083 1436 2098 ,
1460 2059 1612 2097 Propterea
1634 2069 1693 2090 non
1711 2070 1791 2091 erunt
1809 2072 1863 2092 nec
1881 2063 2068 2094 censebuntur
2086 2063 2191 2100 Ruptae
2203 2088 2212 2103 ,
2236 2064 2320 2096 Infir-

1266 2107 1350 2129 matae
1368 2099 1413 2129 vel
1430 2098 1589 2129 Adnullatae
1608 2099 1753 2136 praesentes
1770 2100 1911 2139 Treugae,
1936 2101 1980 2131 sed
1999 2101 2199 2132 nichilominus
2218 2103 2247 2132 in
2268 2104 2318 2134 suo

1265 2136 1388 2205 {Robore
1404 2138 1625 2175 permanebunt,
1643 2138 1677 2168 &
1696 2137 1868 2176 Attemptata
1886 2139 2043 2178 hujusmodi
2057 2141 2152 2170 debite
2166 2139 2319 2173 Reforma-

1289 2185 1380 2206 untur.

1303 2213 1348 2244 Ιτ
1360 2223 1377 2244 Ε
1390 2221 1433 2252 M,
1457 2213 1660 2252 Conventum,
1678 2213 1897 2245 Concordatum
1913 2217 1946 2248 &
1965 2215 2141 2247 Conclusam
2159 2215 2220 2254 est,
2238 2216 2319 2254 quod

1265 2251 1402 2282 Haeredes
1428 2254 1462 2284 &
1484 2252 1661 2283 Successores
1684 2252 1758 2283 Illius
1782 2253 1920 2290 Principis
1938 2254 2101 2291 Principum
2117 2255 2319 2293 praedic'lorum

1266 2300 1352 2328 quem
1372 2291 1466 2328 primo
1481 2290 1573 2321 Obire
1586 2292 1754 2328 contigerit,
1771 2292 1836 2328 post
1849 2292 1981 2323 Mortem
1996 2292 2132 2330 Principis
2147 2293 2184 2323 sic
2201 2301 2231 2323 ut
2244 2302 2319 2330 prae-

1269 2331 1385 2359 mittitur
1403 2331 1498 2367 primo
1518 2328 1690 2360 Decedentis
1706 2352 1716 2367 ‚
1740 2330 1812 2360 infra
1837 2331 1911 2361 Tres
1931 2330 2044 2361 Menses
2061 2331 2244 2368 proximo&
2262 2333 2320 2362 im-

1267 2367 1386 2398 mediate
1415 2368 1556 2405 sequentes
1583 2367 1707 2398 Obitum
1733 2368 1801 2398 dicti
1814 2368 1960 2409 Principis
1975 2368 2146 2400 Decedentis
2199 2368 2320 2401 Litteras

1265 2406 1325 2436 suas
1344 2407 1477 2449 omnium
1489 2407 1522 2437 &
1535 2406 1707 2444 fingulorum
1724 2404 1924 2444 Capitulorum
1942 2408 1972 2437 in
1988 2408 2112 2446 praesenti
2128 2392 2265 2438 ‘1³QO
2282 2409 2319 2440 δε

1267 2443 1345 2475 Data
1363 2443 1487 2482 ejusdem
1505 2444 1778 2483 comprehensorum
1797 2445 1831 2475 ὅ(
1847 2445 2050 2476 conclusorum
2063 2445 2266 2478 Ratificatorias
2285 2447 2320 2479 &

1270 2481 1518 2520 confirmatorias,
1536 2482 1702 2521 Magnoque
1720 2483 1768 2513 suo
1784 2482 1881 2522 sigillo
1897 2484 2038 2523 sigillatas,
2054 2485 2133 2515 alteri
2151 2483 2320 2515 eorumdem

1268 2521 1435 2559 Principum
1450 2520 1618 2552 Haeredibus
1632 2522 1666 2552 δε
1681 2521 1893 2553 Succefforibus
1909 2523 1962 2554 suis
1980 2522 2109 2554 Tradent
2124 2523 2158 2555 &
2176 2522 2324 2560 Delibera-¹

1269 2561 1357 2598 bunt,
1373 2559 1498 2590 Tradive
1516 2560 1550 2590 &
1569 2559 1725 2590 Deliberari
1743 2560 1856 2591 facient.

1304 2597 1351 2628 IT
1364 2607 1422 2628 EM*
1435 2621 1444 2635 ,
1469 2598 1503 2627 ad
1521 2599 1657 2628 ma'orem
1675 2598 1708 2629 ὃς
1726 2598 1916 2629 efficaciorem
1935 2599 2110 2636 praesentium
2127 2599 2322 2631 Articulorum

1269 2636 1504 2668 observationem
1521 2658 1531 2673 ,
1585 2645 1744 2668 onventum
1762 2639 1795 2669 &
1812 2637 1988 2668 Conclusam
2008 2637 2048 2669 est
2068 2638 2149 2676 quod
2168 2638 2322 2669 Venerabi-

1266 2675 1304 2745 18εέ
1318 2676 1352 2743 ἓ(
1370 2674 1492 2705 Discreri
1510 2673 1570 2718 Viri
1589 2675 1726 2713 praesentis
1733 2674 1883 2707 Tradimus
1899 2675 2120 2708 Conservatores
2137 2678 2320 2708 nominentur

1337 2724 1353 2743 e
1391 2722 1498 2744 tentur-
1521 2723 1577 2742 νη..

1305 2722 1389 2782 Prg)u
1378 2751 1462 2782 Parte
1474 2737 1651 2781 Il'iustriffimi
1665 2754 1742 2789 Regis
1757 2755 1891 2781 Scotorum
1901 2774 1911 2790 ,

1305 2789 1468 2820 Reverendi
1482 2789 1590 2826 Patres,

1307 2831 1349 2859 W
1348 2828 1471 2858 illielmus
1484 2826 1623 2866 Epifiopus
1639 2826 1812 2857 Aberdouen.

1306 2870 1430 2903 Georgius
1448 2866 1577 2895 Candidae
1596 2865 1672 2903 Casa—e
1690 2867 1718 2894 E
1733 2869 1743 2894 i
1756 2874 1848 2904 copus,

1309 2904 1470 2935 Willielmus
1487 2907 1617 2934 Dominus
1635 2906 1704 2932 Bort
1711 2903 1773 2932 nik
1782 2926 1792 2941 ‚

1309 2945 1433 2979 Georgius
1450 2945 1580 2972 Dominus
1595 2946 1728 2978 Seytonn,

1307 2983 1441 3010 Patricius
1458 2983 1547 3010 Hume
1565 2979 1601 3010 de
1619 2978 1792 3016 Fastcastell,

1305 3018 1360 3057 Et,
1380 3018 1514 3059 Magister
1533 3017 1662 3048 Ricardus
1679 3016 1826 3056 Lau-sonu,-

1305 3094 1344 3126 Er
1363 3105 1416 3132 pro
1434 3096 1516 3127 Parte
1533 3094 1623 3131 Regis
1643 3093 1769 3132 Anghae,

1307 3133 1469 3165 Reverendi
1483 3133 1577 3163 Patres
1585 3155 1595 3168 ,

1305 3173 1436 3202 Ricardus
1454 3170 1654 3211 Dunolmergsis,

1308 3210 1465 3240 Willielmus
1483 3208 1649 3248 Carliolenfis
1659 3231 1670 3247 ‚

1310 3248 1460 3288 Episcopi,

1307 3286 1450 3325 Johanner
1471 3289 1544 3315 Baro
1562 3285 1595 3314 de
1610 3283 1750 3322 Greistok,

1306 3323 1462 3365 Crtstoforus
1480 3324 1603 3362 Mores-by
1622 3322 1724 3359 Miles,
1803 3359 1810 3364 Ι

1307 3363 1360 3402 Et,
1378 3364 1520 3402 Johannes
1536 3365 1713 3398 Cartingtonn
1731 3359 1879 3396 Armiger,
2142 3396 2147 3401 -

1309 3403 1372 3440 Qui
1386 3404 1499 3440 quidem
1516 3401 1650 3438 Deputati
1665 3408 1698 3428 ex
1715 3398 1828 3435 utraque
1840 3396 1920 3425 Parte
1935 3394 2165 3434 supranominati,
2184 3395 2230 3427 vel
2247 3395 2319 3429 Duo

1270 3450 1372 3470 eorum
1386 3464 1395 3478 ,
1421 3442 1520 3471 virtute
1537 3437 1676 3477 praesentis
1695 3435 1813 3466 Articuli
1829 3433 1947 3463 habeant
1965 3433 2077 3470 plenam
2096 3433 2265 3466 potestatem
2283 3445 2318 3467 ac

1272 3479 1468 3509 omnimodam
1487 3477 1711 3516 Jurisdielionern
1733 3474 1766 3504 ad
1793 3470 1991 3515 Reparandum
2007 3493 2017 3508 ,
2039 3470 2266 3504 Reformandum
2284 3474 2318 3504 δε

1270 3517 1508 3552 Emendandum‚
1535 3526 1568 3546 :ic
1590 3514 1737 3551 Reparari‚
1756 3510 1917 3541 Reformari
1933 3509 1966 3540 &
1985 3508 2135 3540 Emendari
2153 3512 2316 3550 cogendum

1274 3558 1307 3588 &
1325 3554 1555 3594 compellendum
1573 3563 1607 3583 ac
1623 3551 1782 3583 faciendum
1797 3550 1893 3578 omnia
1904 3549 1937 3578 δε
1953 3547 2056 3590 lingula
2071 3546 2204 3586 Dampna
2217 3552 2250 3581 &
2267 3549 2320 3580 At-

1272 3603 1404 3632 temptata
1423 3592 1608 3629 Exceffusque
1628 3590 1698 3620 facia
1716 3590 1748 3618 &
1766 3595 1917 3625 perpetrata
1936 3607 1946 3623 ‚
1967 3585 2090 3616 facienda
2107 3586 2141 3618 &
2161 3597 2319 3625 perpetran-

1273 3633 1308 3662 da
1319 3655 1329 3670 ,
1354 3633 1408 3662 sive
1424 3641 1472 3669 per
1492 3629 1660 3667 Capitaneos
1682 3628 1714 3658 &
1733 3626 1973 3655 Locumtenemes
1990 3633 2144 3661 eorumque
2162 3625 2320 3662 Deputatos

1273 3669 1468 3700 Marchiaruin
1484 3667 1695 3705 praedieiarurn,
1710 3663 1766 3694 five
1782 3673 1830 3701 per
1849 3661 2137 3704 Subditos-utriusque
2154 3662 2318 3701 Principum

1273 3709 1470 3745 praedictorum
1485 3729 1494 3742 ‚
1528 3705 1548 3735 si
1573 3712 1672 3734 contra
1697 3702 1846 3731 Tenorem
1869 3699 2048 3736 praesentium
2077 3701 2140 3731 Tre
2225 3710 2254 3730 m
2283 3702 2318 3732 &

1272 3745 1445 3777 Guerrarum
1464 3743 1701 3774 Abstinentiarum
1717 3738 1818 3777 aliquid
1836 3738 1964 3776 Actum,
1983 3737 2107 3770 Gesturn
2126 3740 2172 3769 vel
2188 3738 2321 3777 Attemp-

1272 3794 1362 3815 tatum
1377 3785 1440 3814 erit:
1467 3791 1580 3812 necnon
1594 3780 1626 3810 ad
1647 3777 1831 3809 Multandum
1849 3777 1882 3807 &
1898 3775 2078 3806 Puniendum
2098 3775 2268 3814 Capitaneos
2285 3787 2320 3809 ac

1273 3822 1478 3854 Locatenentes
1495 3821 1528 3851 &
1545 3827 1643 3848 eorum
1661 3816 1817 3852 Deputatos
1835 3813 2005 3852 praedietos‚
2028 3824 2062 3844 ac
2077 3815 2160 3844 etiarn
2175 3813 2210 3844 ad
2224 3813 2321 3846 Incar-

1275 3861 1428 3891 ceiandum
1447 3860 1480 3890 ὃς
1498 3856 1614 3887 Ultimo
1628 3855 1686 3892 Sup
1707 3855 1773 3884 licio
1792 3852 2019 3883 demandandum
2032 3861 2133 3895 omnes
2150 3851 2184 3895 ὃς
2200 3851 2322 3892 singulos

1276 3898 1473 3930 Malesa&0res
1498 3893 1654 3925 secundum
1723 3891 1768 3922 siis
1791 3891 1825 3922 &
1850 3890 2044 3933 Delistorum‘
2062 3898 2229 3934 exigentias:
2257 3891 2321 3931 Qi

1275 3938 1391 3975 quidem
1417 3934 1549 3972 Deputati
1575 3932 1621 3962 vel
1646 3930 1716 3961 Duo
1737 3939 1836 3961 eorum
1848 3953 1858 3968 ,
1882 3938 1931 3967 per
1950 3927 2092 3970 Principes
2108 3927 2257 3965 praedislos
2273 3940 2321 3962 aut

1274 3985 1374 4006 eorum
1393 3974 1526 4011 aliquem,
1553 3969 1609 4001 sive
1624 3978 1672 4006 per
1689 3968 1883 3999 Marchiarum
1899 3963 2058 4008 Gardianos
2076 3974 2121 4008 aut
2138 3975 2239 3997 eorum
2258 3966 2322 3999 Lo-

1275 4021 1449 4049 catenenteS,
1470 4009 1529 4045 iuffi
1545 4008 1589 4040 vel
1607 4007 1745 4045 Requifiti
1761 4006 1818 4036 fine
1835 4003 2335 4048 quacunque*dilanoneEriistrato-¹

1276 4052 1316 4083 rifi
1329 4074 1340 4090 ,
1362 4052 1396 4082 ad
1419 4059 1449 4079 ω
1466 4044 1548 4078 Loca
1569 4046 1595 4076 se
1613 4046 1760 4076 conserent
1777 4045 1806 4074 in
1823 4042 1924 4081 quibus
1940 4040 2038 4084 melius
2055 4042 2089 4073 &
2105 4041 2213 4086 facilius
2229 4044 2325 4083 hujus.

1277 4091 1357 4121 modi
1379 4089 1618 4124 Attemptatorum
1633 4082 1814 4115 Reformatio
1829 4083 1862 4112 &
1881 4079 1928 4121 R>
2013 4089 2034 4109 o
2052 4078 2113 4110 fieri
2127 4079 2220 4123 poffit.

1311 4126 1417 4163 ITEM,
1435 4124 1624 4156 Conventum
1636 4123 1670 4154 &
1682 4088 1951 4189 Concsordatumeesi
1962 4139 1972 4156 ,
1987 4117 2069 4156 quod
2078 4118 2223 4158 praesentes
2239 4118 2322 4149 Con-

1799 4166 1814 4196 3
2259 4165 2326 4193 *Φῆ

2330 1531 2351 1551 ¹*
2370 1531 2439 1562 XII.
