2555 4266
40 197 110 227 Arm
129 197 172 229 D.

61 238 149 274 1478.

39 278 110 308 zan.
124 287 154 313 4.

38 419 97 444 An.
115 414 158 443 18.

39 459 71 482 Ε.
86 463 115 490 4.

41 497 81 519 Er
98 494 155 520 Au-

38 538 104 568 ngr.

40 723 60 743 ὓ
81 724 151 751 XII.

39 762 87 791 68.

54 3839 73 3857 ¹¹
91 3841 158 3871 xlx.

194 111 249 150 86

414 300 575 334 TraHatus
595 299 632 333 de
653 301 827 346 Intercursi'c
849 299 1037 347 Burgundio.

225 393 356 424 ohannes
371 393 473 433 eooke,
491 393 603 433 Legum
619 393 755 433 Doe‘mr,
773 396 804 425 in
818 394 932 426 Officio
945 394 1051 428 Privati
1062 396 1153 434 Sigilli
1170 395 1258 426 Chri-

251 432 408 462 stianiffimi
429 433 463 463 &
489 431 667 463 Inviffiffimi
693 434 832 471 Principis
857 434 891 468 &
914 433 1039 465 Domini
1058 435 1179 465 Domini
1195 435 1258 464 Ed-

195 471 306 507 wardi‚
334 470 389 501 Dei
407 471 510 510 gratifi,
537 475 688 509 Regnorum
705 471 818 510 Angliae
836 471 875 507 ό·
890 475 1012 503 Franciae
1026 477 1122 512 Regis,
1148 485 1179 502 ac
1197 475 1258 501 Do-

194 513 261 538 mini·
279 509 420 539 Hibernia
438 509 623 541 Secundarius
642 533 651 547 ,
677 511 711 541 &
729 511 763 541 ad
788 510 960 549 infrascripta
983 512 1106 546 eiusdem
1132 511 1258 542 Domini

194 547 287 584 Regis
307 547 514 586 Ambaffiator,
532 547 768 588 Commiffarius,
785 549 974 586 Procurator,
997 551 1030 582 &
1047 550 1182 579 Nuncius
1200 548 1260 585 spe-

195 586 272 616 cialis
284 610 294 625 ,
319 587 404 618 Parte
419 597 454 618 ex
473 587 530 618 uni
544 611 554 625 ,
577 587 693 617 Thomas
707 588 740 618 de
758 588 849 618 Plana
869 587 1055 618 Gubernator
1074 587 1258 618 Cancellariae

194 624 385 664 Burgundiae,
400 626 435 656 &
452 625 498 664 Ju
521 638 551 656 us
569 625 719 665 Baldinus,
738 627 882 664 utriusque
895 626 969 664 Juris
987 625 1153 663 Doctores,
1170 624 1260 655 Ordi-

192 663 470 734 issssie‘iiffinfflssgssstrff
489 664 718 734 pfifi'ssisffffl’
729 662 1260 733 {zss‘ssilfffflfflfflfffflgsseffi

196 741 304 780 gratia,
325 742 464 781 Austriae,
487 714 669 780 Burguyfdiae,
694 741 898 780 lotharingie,
925 740 1107 778 Brabantiae’,
1123 726 1260 770 ’Lirnbur-

193 785 265 820 gie,
283 781 505 818 Luxemhurgiae,
523 783 556 812 ὃ(
572 780 728 816 Gheldriae,
747 779 866 810 Ducum
876 802 884 807 .
901 778 1056 816 Flandriae,
1069 778 1212 820 Arthefii,
1225 779 1259 808 &

197 820 377 857 Burgundiae‚
401 819 592 850 palatinorum
601 842 611 857 ,
630 821 784 848 Hannoniae
794 841 803 856 ‚
821 819 851 846 Ρ
852 817 906 848 olla
916 818 995 856 idfae,
1009 817 1182 854 Zellandiae,
1195 818 1261 845 Na-

195 863 280 888 mrci
294 882 304 897 ‚
329 860 363 889 &
388 857 552 897 Zutphaniae
568 881 578 896 ,
601 856 755 886 Comitum
772 879 781 889 ,
806 859 882 886 Sacri
897 858 1007 893 Imperii
1025 856 1233 886 Marchionum
1249 877 1260 893 ,

194 907 312 928 necnon
330 897 440 935 Frifiae,
457 896 631 933 Salinarum,
648 895 681 924 &
701 893 872 932 Mechliniae,
898 894 1101 924 Dominorum
1112 917 1122 931 ,
1145 903 1259 924 eorum-

195 935 321 972 demque
336 935 505 972 Principum
524 933 720 964 Commiffatii
735 933 767 963 ὅ(
787 933 1006 970 procuratore-3
1023 932 1058 962 ad
1080 931 1261 969 Infrascripta

195 973 365 1005 sufficienter
386 975 418 1004 &
441 973 566 1012 legitime
584 972 723 1009 deputati,
751 980 786 1001 ex
810 971 915 1010 altera,
932 970 1064 1011 univer-fis
1086 971 1120 1002 &
1129 971 1260 1012 fingulis,

196 1013 347 1052 praesentes
361 1012 469 1042 Literas
481 1011 644 1048 inspecturis
653 1032 662 1047 ,
679 1012 812 1039 Salutem.

195 1076 200 1078 .
235 1050 337 1089 Cum,
361 1050 507 1080 retroaffls
529 1050 704 1089 temporibus
718 1072 728 1084 ,
752 1050 825 1078 inter
845 1047 955 1078 dietum
973 1050 1121 1078 Dominum
1143 1050 1262 1087 Regem,

196 1099 251 1128 pro
272 1089 377 1128 Regno
396 1088 446 1119 suo
469 1089 599 1126 Anzabae,
628 1087 774 1118 Dominio
797 1086 969 1124 Hiberniae,
992 1096 1109 1118 necnon
1134 1085 1208 1117 Villa
1227 1088 1262 1118 ὃς

198 1128 336 1160 Marchiis
352 1127 484 1164 Calena,
503 1127 584 1157 Parte
598 1136 632 1157 ex
646 1125 702 1156 una
711 1148 720 1163 ,
731 1136 763 1156 ac
776 1125 948 1156 Excellentis
962 1126 996 1156 &
1009 1125 1188 1157 Recolendae
1202 1136 1263 1156 rne-

198 1169 302 1198 moriae
319 1166 486 1197 Dominum
498 1165 631 1195 Karolum
644 1168 745 1195 Ducem
759 1164 924 1200 Burgundiae
942 1163 1068 1195 Fratrem
1085 1166 1164 1195 suum
1181 1167 1264 1195 caris·

196 1208 302 1238 fimum
324 1216 364 1237 nu
438 1204 636 1240 Defunetutn,
662 1213 717 1241 pro
741 1201 856 1233 Ducatu
877 1202 1051 1242 Brabamiae,
1070 1202 1265 1234 Comitatibus

196 1245 354 1282 Flandriae,
405 1244 551 1279 annoniae,
568 1242 751 1279 Hollandiae,
769 1241 949 1279 Zeelandiae‚
965 1240 1039 1272 Villa
1051 1243 1084 1274 &
1101 1242 1264 1273 Terrirorio

195 1284 386 1321 Mechliniae,
404 1283 438 1313 &
452 1283 509 1312 aliis
526 1280 622 1312 Patriis
636 1281 669 1311 &
685 1280 834 1311 Dominiis
847 1280 954 1311 adrunc
970 1280 1042 1319 suis,
1062 1281 1198 1311 hincinde
1215 1281 1265 1311 ha-

196 1323 273 1354 bitus
290 1323 323 1353 &
338 1322 486 1353 conclusus
499 1319 585 1350 fuerit
596 1329 687 1351 certus
708 1318 819 1350 Modus
841 1318 1018 1350 Intercurssis
1037 1319 1093 1351 five
1115 1318 1266 1350 Commu-

199 1362 348 1392 nicationis
369 1360 541 1390 Mercantiae
563 1359 596 1390 &
619 1358 782 1389 Piscationis
796 1358 876 1396 super
893 1357 991 1397 Mare,
1007 1368 1061 1397 pro
1077 1360 1160 1391 certis
1174 1360 1266 1390 Annis

192 1400 332 1432 ‘nondum
346 1398 500 1437 transaffls,

235 1438 372 1476 Cumque
395 1438 481 1469 etiam
498 1460 508 1474 ,
532 1437 633 1475 vigore
654 1437 688 1468 ὃς
713 1435 880 1467 ευᾶοτίτεῑε
897 1435 1082 1474 quarumdam
1104 1435 1265 1468 Literarum

196 1477 375 1513 Patentiutn,
392 1477 452 1507 tam
472 1475 596 1515 ejusdem
617 1477 729 1505 Domini
743 1477 821 1512 Regis
833 1497 843 1512 ,
863 1475 948 1513 quam
966 1478 1144 1505 Dominarum
1163 1477 1267 1506 Princi-

191 1525 256 1555 pum
282 1515 490 1554 praedi&0rum
508 1538 518 1552 ‚
543 1513 792 1552 'impraesentiarum
819 1522 892 1544 tenta
918 1515 952 1546 ὅ(
975 1514 1068 1544 habita
1093 1515 1176 1545 fuerit
1195 1516 1266 1546 inter

195 1555 266 1586 Nos
285 1563 362 1585 certa
380 1553 487 1592 DIeta,
503 1554 533 1583 in
552 1553 611 1583 hoc
631 1552 731 1590 Opido
749 1551 899 1590 Insulenfi,
916 1551 952 1583 de
971 1553 1004 1584 &
1022 1553 1101 1590 super
1120 1553 1267 1591 hujusmo-

195 1594 227 1625 di
250 1593 410 1624 Intercursu
437 1592 495 1622 five
510 1591 787 1622 Communicatione
805 1590 975 1622 Mercantiae
993 1593 1026 1623 ὅ(
1045 1592 1205 1623 Piscatione
1222 1593 1266 1623 su-

197 1643 248 1670 per
264 1632 347 1663 Mare
364 1631 529 1662 melioribus
543 1630 633 1660 modo
650 1630 684 1660 ὅ(
700 1628 796 1660 forma
812 1630 1012 1660 intertenendis
1027 1631 1061 1661 &
1074 1631 1264 1669 observandis,

190 1671 280 1708 ⁴ipsius
300 1680 417 1709 quoque
439 1667 618 1700 lntercursfis
643 1668 699 1698 five
719 1667 1001 1699 Communicationis
1031 1669 1202 1701 Exrentione
1230 1671 1263 1700 &

197 1709 412 1749 Ampliatione,
429 1708 566 1746 novisque
587 1706 727 1744 Capitulis
747 1707 803 1736 sive
826 1707 958 1738 Articulis
981 1707 1060 1745 super
1080 1708 1144 1746 ipfis
1163 1710 1265 1739 conci·

189 1748 305 1787 ‚piendis
325 1748 358 1778 &
383 1747 488 1778 eisdem
510 1746 658 1783 addendis,
675 1745 816 1776 nonnullis
836 1745 944 1783 insuper
964 1745 1153 1778 Subditorurn
1167 1747 1265 1777 amba—

196 1797 262 1818 rum
283 1786 410 1816 Partium
435 1786 633 1824 Querimoniis
654 1784 687 1814 &
711 1783 952 1822 Gravaminibus,
968 1786 1029 1816 tam
1047 1786 1107 1816 abi
1129 1786 1158 1816 so
1174 1785 1265 1816 Inter-

196 1825 281 1857 cursu
291 1824 531 1862 dependentibus,
546 1825 632 1862 quam
645 1822 721 1860 aliis,
735 1822 770 1853 ad
786 1823 900 1853 bonurn
913 1823 1012 1854 Finem
1036 1825 1069 1856 δε
1162 1824 1265 1856 clusio-

196 1874 265 1896 nem
279 1863 470 1901 deducendis,
489 1863 586 1893 multae
600 1863 633 1893 &
651 1863 734 1893 variae
749 1860 1040 1894 Communicaiiones
1066 1864 1098 1895 ὅ(
1124 1862 1264 1894 Prolocu—

190 1905 290 1936 tiones
303 1903 406 1933 babitae
421 1902 526 1932 fuerint
536 1924 546 1940 ,

188 1966 191 1967 γ
236 1942 372 1980 Qarum
388 1940 504 1980 quidem
522 1940 681 1971 Literanim
705 1938 869 1970 Parentium
887 1939 1020 1971 Tenores
1040 1939 1211 1980 sequuntur,
1230 1942 1265 1974 δε

197 1980 262 2012 sunt
275 1980 358 2018 tales,

234 2057 394 2088 Ede-sardus
406 2079 415 2094 ,
443 2056 503 2088 Dei
517 2055 621 2096 grati-i,
644 2059 705 2086 Rex
721 2055 834 2095 Angliae
852 2055 890 2092 όν
909 2060 1048 2094 Franciae,
1074 2056 1112 2093 &
1131 2059 1265 2088 Dominus

197 2097 359 2136 Hiberniae,
377 2096 531 2133 omnibus,
556 2096 590 2126 ad
611 2105 681 2134 quos
701 2102 847 2134 praeientes
866 2097 970 2128 Literae
989 2097 1265 2142 pervenerini,·Sa-

196 2136 321 2205 lurgnsim
336 2196 346 2211 ,
366 2172 553 2210 superioribus
581 2172 670 2201 Annis
683 2194 692 2210 ,
716 2173 789 2203 inter
805 2174 866 2202 Nos
881 2196 890 2210 ,
915 2174 950 2205 ὅτ
968 2183 1022 2211 pro
1041 2173 1146 2212 Regno
1164 2173 1265 2205 nostro

197 2213 330 2249 Angli-ie,
352 2212 494 2242 Dominio
514 2210 678 2248 Hiberniae,
697 2221 810 2241 necnon
829 2211 903 2242 Villa
921 2214 955 2244 δε
976 2212 1111 2243 Marchiis
1130 2211 1266 2251 Calesiae,

198 2253 282 2284 Parte
297 2260 330 2281 ex
350 2261 421 2287 una,
445 2260 478 2280 ac
495 2249 661 2279 Excellentis
679 2250 713 2279 δε
733 2249 910 2281 Recolendae
930 2252 1081 2281 memoriae
1099 2251 1266 2282 Dominum

189 2290 331 2323 ,Karolum
355 2292 456 2319 Ducem
480 2288 644 2325 Burgundiae
674 2288 797 2318 Fratrem
823 2289 955 2319 nostrum
980 2289 1153 2320 cariffimum
1182 2299 1264 2329 nuper

198 2329 383 2367 Defunc‘lum‚
403 2338 454 2364 pro
473 2326 588 2357 Ducatu
608 2326 778 2361 Brabantiae,
798 2326 993 2358 Comitatibus
1010 2329 1165 2366 Flandriae,
1184 2329 1266 2359 Han-

197 2370 312 2405 noniae,
336 2366 520 2402 Hollandiae,
547 2365 724 2403 Zeelandi·.e,
750 2365 824 2397 Villa
842 2367 876 2397 ὃ(
894 2367 1054 2398 Territorio
1074 2366 1265 2406 Mechliniae,

197 2408 232 2438 δε
257 2407 314 2436 aliis
331 2405 426 2436 Patriis
443 2405 476 2436 &
497 2405 645 2435 Dominiis
663 2404 768 2435 adtunc
787 2405 838 2435 suis
850 2428 859 2443 ‚
886 2415 939 2444 pro
955 2407 1110 2436 communi
1128 2406 1212 2437 Bono
1230 2407 1264 2438 δε

196 2445 330 2476 Utilitate
346 2445 471 2482 ipsorum
491 2443 603 2481 Regni,
623 2442 770 2481 Ducati'is‚
790 2443 1010 2483 Comitatuum‚
1035 2444 1265 2485 Dominiorum,

198 2482 354 2520 Villarum,
377 2483 410 2513 δι’,
430 2482 582 2512 Locorum
600 2482 821 2520 praedictorum,
849 2483 985 2514 hincinde
1003 2484 1132 2522 habitus,
1157 2485 1266 2523 factus,

197 2523 230 2553 &
259 2521 405 2551 conclusus
432 2521 514 2550 fuerit
541 2529 632 2550 certus
653 2519 762 2550 Modus
779 2520 956 2552 Intercursfis
974 2522 1031 2552 five
1051 2521 1265 2553 Communica-

197 2561 282 2592 tionis
302 2560 471 2589 Mercantiae
488 2560 520 2589 &
534 2558 696 2589 Piscationis
710 2558 789 2596 super
804 2559 906 2598 Mare,
922 2570 975 2598 pro
987 2562 1070 2592 certis
1086 2561 1176 2592 Annis
1189 2572 1264 2593 non-

188 2600 266 2631 -dum
285 2598 443 2635 transactis,

235 2636 373 2674 Cumque
397 2639 481 2666 etiarn
505 2635 541 2665 de
567 2636 600 2666 &
626 2635 704 2674 super
731 2636 826 2667 multis
848 2635 984 2674 variisque
1003 2637 1204 2676 Qerimoniis
1229 2640 1263 2670 &

197 2675 424 2706 Gravaminibus
444 2674 630 2704 Subditorum
649 2674 813 2704 nostrorum
832 2684 864 2704 ac
886 2674 1073 2706 subditorum
1094 2676 1197 2707 Fratris
1211 2688 1264 2707 no-

199 2714 247 2745 stri
265 2714 409 2752 praediffl,
428 2715 488 2744 tam
508 2713 544 2742 ab
560 2712 620 2749 ipso
638 2711 796 2743 intercursu
815 2712 1058 2751 dependentibus,
1074 2716 1161 2751 quarn
1183 2715 1264 2746 Mer-

198 2761 306 2784 catores
325 2752 448 2789 Stapulae
464 2750 569 2781 nostrae
589 2750 706 2781 Calefiae
726 2752 760 2781 &
778 2752 845 2781 alios
869 2752 904 2781 ad
929 2751 1016 2790 ipsam
1043 2752 1186 2789 Scapulam
1211 2764 1263 2791 pro

198 2792 284 2823 Lanis
310 2791 436 2821 emendis
462 2790 639 2820 confluentes
663 2790 925 2826 concernentibu53
950 2800 1066 2821 necnon
1084 2792 1117 2821 ὃ(
1136 2793 1165 2821 in
1185 2792 1262 2823 facto

196 2829 387 2861 Monetarum
405 2830 439 2860 δε
457 2838 554 2859 earum
574 2828 795 2858 Exaltationibus
810 2851 820 2866 ,
848 2830 876 2858 in
895 2827 995 2859 Patriis
1013 2829 1137 2867 ejusdem
1163 2830 1264 2861 Fratris

189 2870 284 2899 nostri
302 2869 336 2900 ad
356 2877 424 2898 tunc
444 2867 566 2898 Cursum
585 2867 771 2905 habentium,
792 2867 908 2906 ipfisque
927 2867 1055 2898 Monens
1073 2878 1142 2898 curn
1162 2869 1264 2900 nostris

198 2907 233 2938 ad
260 2907 463 2945 AEqualitatem
488 2905 691 2943 Reducendis,
716 2916 749 2937 ac
772 2908 802 2936 in
825 2906 1005 2943 aequabili&
1025 2909 1264 2945 proportionabili

199 2945 404 2977 AEstimarione
422 2946 455 2976 &
473 2944 578 2975 Valore
596 2944 757 2982 Ponendis,
781 2945 880 2975 multae
898 2946 931 2975 &
950 2947 1033 2975 variae
1052 2945 1265 2978 Communica-

199 2986 291 3015 tiones
304 3009 314 3022 ,
341 2984 560 3015 prolocutiones
574 3006 584 3021 ,
607 2984 640 3014 &
660 2982 756 3013 Dietae
773 3008 783 3021 ,
809 2985 881 3013 inter
898 2983 1012 3022 Nostros
1029 2985 1062 3014 ὃς
1081 2984 1163 3023 ipsius
1182 2989 1266 3017 Ducis

197 3023 297 3053 Karoli
315 3023 416 3053 Fratris
434 3021 522 3051 nostri
541 3021 696 3059 Oratores,
721 3021 959 3059 Commiffarios,
983 3024 1017 3054 &
1034 3022 1210 3063 Dema-atos,
1235 3027 1264 3056 in

198 3062 312 3092 diversis
330 3061 416 3092 Locis
434 3061 537 3091 habirae
556 3061 588 3091 ὅ(
608 3069 692 3090 tentae
708 3084 718 3098 ,
745 3060 830 3092 nullae
846 3070 940 3091 tamen
959 3061 1039 3100 super
1058 3062 1110 3093 illis
1133 3062 1267 3095 Conclu-

199 3101 290 3131 sion&
307 3101 341 3130 ad
358 3100 473 3138 plenum
491 3099 572 3128 faetae
591 3099 710 3136 fuerint,

239 3139 430 3176 Volentesque
444 3161 454 3175 ,
479 3147 534 3206 Ἐξ)
552 3136 634 3181 Bono
652 3138 685 3168 δὲ
702 3136 875 3181 Commodo
891 3137 1089 3182 Mercatorum
1107 3140 1141 3171 &
1161 3139 1266 3172 Subdi-

198 3185 297 3207 torum
316 3177 410 3216 Regni
430 3177 464 3206 δε
538 3185 691 3205 mimorum
711 3175 914 3213 praedi&0rum
932 3177 1068 3208 hincinde
1081 3201 1090 3215 ,
1116 3180 1264 3216 paefatam

199 3214 389 3246 Intercurfiim
409 3215 586 3252 interteneri‚
605 3224 719 3244 necnon
738 3214 848 3244 extendi
867 3215 899 3245 ἃ
918 3216 1060 3252 ampliari,
1076 3219 1109 3247 ά·
1125 3219 1265 3253 praedicitis

200 3254 399 3291 Querimoniis
424 3255 458 3284 ὃ(
484 3253 707 3283 Gravaminibus
731 3254 891 3291 caeterisque
917 3253 1070 3284 Praemiffis
1097 3255 1199 3287 finem
1231 3259 1265 3288 δε

199 3291 422 3324 Conclusionern
440 3293 568 3330 imponi,

238 3329 287 3360 De
306 3332 449 3362 Fidelitate
464 3332 565 3368 igitur,
585 3329 866 3367 circumspectione,
884 3330 916 3360 &
932 3328 1089 3367 Industria,
1108 3329 1216 3362 Dilec‘ii
1229 3335 1262 3364 &

199 3368 303 3399 Fidelis
327 3370 487 3400 Consiliarii
506 3370 619 3405 nostri,
645 3368 786 3406 Johanm‘s
810 3369 879 3397 Coke
907 3368 1020 3406 Legum
1039 3368 1181 3398 Doc'roris
1195 3392 1206 3407 ,
1233 3373 1262 3400 in

199 3406 312 3437 Officio
332 3407 436 3438 Privati
457 3407 546 3442 Sieilli
565 3407 654 3437 nostri
671 3407 852 3443 Secundarii,
872 3407 980 3444 plenius
998 3406 1189 3444 confidentes,

236 3445 373 3476 Eundem
392 3446 562 3485 Magistrum
578 3445 738 3485 Johannem
757 3445 902 3482 Facimus,
921 3446 1113 3482 Ordinamus,
1134 3445 1263 3482 Deputa-

203 3494 284 3522 mus,
303 3485 336 3515 &
354 3483 563 3515 Censtituimus
581 3484 711 3515 nostrum
729 3493 830 3514 verum
846 3485 880 3514 ὅ(
898 3484 1089 3514 indubitatum
1105 3483 1265 3515 Ambasfia-

200 3532 316 3560 torem,
335 3522 592 3560 Commislarium,
610 3524 849 3559 Procuratorem,
874 3523 908 3553 ὃ(
925 3521 1081 3552 Nuncium
1100 3522 1265 3560 specialem,

199 3561 439 3598 per'Praesentes,
462 3560 602 3599 Damusq·,
631 3561 828 3592 Concedimus
846 3560 940 3590 eidem
955 3559 1130 3591 Potestatem
1149 3569 1264 3600 genera-

200 3599 260 3630 lem
277 3601 310 3630 &
330 3599 502 3629 Mandatum
520 3600 636 3637 speciale
653 3601 678 3630 se
698 3599 920 3638 Transportandi
938 3599 972 3628 ad
992 3599 1125 3638 Locum,
1143 3600 1193 3630 ubi
1209 3599 1266 3630 Po-

201 3638 372 3669 tentisfimus
405 3637 539 3674 Princeps
568 3638 780 3668 Maximilianus
813 3641 882 3668 Dux
906 3637 1029 3677 Austriae
1047 3637 1086 3673 ό·
1102 3638 1268 3675 Burgundiae

202 3675 438 3713 consanguineus
456 3675 552 3706 noster
568 3677 721 3707 carissimus
731 3699 740 3714 ,
766 3677 882 3715 ipsiusve
897 3676 1095 3707 Commissarii
1111 3678 1145 3708 &
1164 3676 1266 3714 Depu-

203 3717 251 3757 tati
267 3715 302 3746 ad
325 3715 500 3753 infrascripta
518 3736 528 3752 ,
556 3714 706 3745 sufficienti
721 3715 863 3747 Potestate
880 3715 989 3747 suffulti
1003 3739 1014 3754 ,
1040 3715 1124 3746 fuerit
1141 3714 1187 3746 stu
1204 3716 1267 3746 fue—

203 3762 276 3789 rint,

241 3791 277 3821 E:
296 3801 363 3822 cum
380 3791 461 3822 didio
478 3789 680 3822 Potentisfimo
698 3790 834 3828 Principe
885 3791 1072 3829 Deputatisve
1094 3799 1141 3821 aut
1163 3790 1266 3829 Depu-

203 3830 291 3858 randis
314 3831 350 3859 ab
365 3831 472 3860 eodem
489 3852 499 3867 ,
523 3830 558 3859 ad
575 3829 632 3858 hoc
648 3828 832 3859 sufficientem
851 3815 1025 3861 i'orestatem
1044 3831 1063 3849 ²*
1079 3830 1266 3867 habentibus,

201 3865 239 3895 de
257 3867 289 3896 δε
307 3867 383 3903 super
399 3868 561 3906 hujusmodi
575 3866 735 3897 Intercursu
752 3877 785 3897 ac
803 3867 1078 3899 Communioetione
1098 3867 1266 3899 Mercantiae

204 3913 317 3946 necnon
338 3906 493 3936 piscatione
510 3906 590 3944 super
610 3905 693 3935 Mare
709 3929 720 3944 ,
745 3906 880 3943 ipfiusque
898 3906 1076 3938 Intercurst'is
1094 3906 1150 3937 five
1168 3905 1266 3937 Com-

205 3944 402 3984 municationis
420 3944 593 3975 Extensione
612 3945 644 3975 &
663 3944 873 3981 Ampliatione,
893 3947 926 3976 ὃ(
945 3947 1027 3975 novis
1053 3944 1190 3985 Capitulis
1207 3945 1264 3974 five

203 3979 336 4022 Articulis
362 3980 441 4023 super
463 3983 526 4019 ipsis
550 3982 747 4020 concipiendis
775 3982 810 4012 &
837 3982 939 4012 eisdem
962 3983 1096 4014 addendis
1115 4007 1125 4022 ‚
1149 3992 1263 4013 necnon

201 4017 396 4056 Qientnoniis
420 4021 454 4051 δε
480 4020 702 4053 Gravaminibus
721 4020 904 4053 Subditorum
922 4021 1089 4054 nostrorum
1105 4032 1137 4054 ac
1156 4021 1262 4053 Subdi-

663 109 1875 170 CONVENTIONES,LITERAE,

1297 207 1395 229 torum
1414 197 1537 243 ejusdem
1557 198 1770 244 Coni‘anguinei
1787 202 1876 232 nostri
1882 226 1893 242 ,
1909 203 1966 234 five
1982 205 2021 236 ab
2046 204 2106 243 ipio
2129 205 2290 239 Intercursu
2310 207 2362 239 de·
2380 203 2458 238 Ann.
2471 208 2515 242 D.

1296 238 1502 282 pendentibus,
1519 246 1566 268 aut
1583 237 1640 268 aliis
1657 238 2030 285 quibuscumque,·necnou
2045 245 2126 282 super
2143 245 2232 277 Fasto
2251 246 2362 278 Mone-
2400 247 2488 286 1478.

1298 285 1390 306 tarum
1407 275 1623 315 praedffitmum,
1639 276 1672 306 &
1682 286 1781 307 earum
1797 277 2021 311 Exaltanonibus
2038 282 2259 324 Reformandis,
2277 287 2310 316 &
2325 285 2360 317 ad
2377 286 2447 315 ἱόν.
2464 297 2496 323 4.
2513 312 2517 315 .

1298 314 1408 345 Statum
1425 315 1555 346 debiturn
1573 314 1773 354 ReducendiS,
1791 314 1966 356 Tmfflndi,
1985 319 2232 355 Communicandi
2275 324 2362 356 Con-

1299 353 1438 384 cordandi
1455 355 1558 391 pariter
1575 355 1608 385 &
1624 353 1847 393 Concludendi,
2237 349 2248 363 ²

1338 391 1498 430 Unamque
1521 393 1567 423 seu
1587 393 1678 430 plures
1702 392 1826 423 Literam
1839 402 1886 424 aut
1901 392 2026 433 Literas,
2043 405 2093 432 pei·
2105 399 2225 431 modum
2239 400 2362 439 Capitu-

1298 429 1394 460 lorum
1416 430 1462 461 seu
1484 430 1680 461 Articulorum
1695 453 1706 469 ‚
1733 441 1782 462 aut
1805 431 1882 462 aliter
1904 441 1989 470 prout
2010 433 2101 464 visum
2120 435 2220 476 fuerit,
2246 441 2362 480 desuper

1299 468 1480 499 Conficiendi
1491 493 1501 509 ‚
1520 468 1697 507 Expediendi
1712 471 1745 501 ὃ(
1761 469 1922 509 Sigsslandi,

1336 507 1431 537 Aliam
1445 508 1491 539 seu
1502 518 1610 539 novam
1625 507 1762 546 Dietam‚
1781 519 1833 547 pro
1848 509 1989 548 aliquibus
2012 509 2229 545 Praemifforum
2249 515 2362 550 forfitan

1300 545 1484 576 neceffariam
1494 567 1505 584 ,
1522 546 1668 577 statuendi
1682 548 1716 578 ὃς
1730 547 1918 587 Praefigendi,

1333 582 1506 627 'Caeteraque
1519 585 1668 628 Faciendi,
1686 585 1882 623 Excercendi,
1901 588 1936 617 &
1951 584 2129 624 Expediendi·
2151 597 2216 627 quae
2235 591 2266 622 in
2283 592 2362 627 Prae-

1299 621 1385 651 rniffis
1401 622 1552 654 necessaria
1567 623 1671 653 fuerint
1681 624 1726 654 seu
1740 625 1959 662 quomodolibet
1972 635 2128 664 oportuna,

1336 659 1552 708 Promitte-ntes,
1569 663 1598 691 in
1614 662 1713 705 Verbo
1727 663 1840 703 Regio,
1860 663 2070 708 Nos'Ratum,
2089 664 2233 709 Gratum,
2251 667 2286 698 δε
2298 668 2361 702 Fir-

1299 706 1389 766 3¹:13¹ss
1401 700 1823 782 theohammmegublacscsiattgtrztrnil
1837 704 1877 773 {cc
1890 703 2130 772 ffiffisstilssznpuerffi
2137 704 2280 774 Ἓὲἱῗῐῐὲῐη
2294 769 2305 785 ‚
2328 749 2364 778 in

1299 774 1393 806 forma
1411 776 1570 814 praemissa,
1588 777 1715 816 Αᾶυιῃ,
1733 778 1876 817 Gestum,
1901 780 1946 810 seu
1966 780 2145 811 Conclusam
2162 782 2291 814 fueritin
2309 785 2363 817 hac

1299 822 1392 851 parte,
1412 813 1575 857 nostrasque
1592 814 1709 859 Litteras
1731 816 1932 848 Rarificaiorias
1950 819 1984 849 &
2003 818 2238 852 Confirmatorias
2257 823 2286 853 in
2303 824 2365 855 fiir-

1300 861 1348 882 ma
1361 852 1456 883 debita
1468 853 1502 884 &
1515 863 1654 884 autentica
1665 877 1675 892 ,
1692 854 1808 892 desuper
1821 855 1960 887 daturum.

1300 889 1476 960 Paltreingsiius
1500 890 1560 922 Rei
1582 891 1800 924 Testimonium
1820 894 1868 925 has
1888 894 2007 926 Litteras
2029 896 2138 928 nostras
2156 896 2216 929 fieri
2241 899 2369 933 fecimus

1341 1006 1433 1052 ’reste
1447 1006 1555 1052 meipso
1570 1007 1644 1052 apud
1660 1007 1936 1050 Wstmonasterim,
1953 1011 2078 1043 secundo
2090 1010 2150 1043 Die
2166 1011 2257 1054 Maii,
2275 1015 2366 1050 Anno

1301 1044 1401 1084 Regni
1416 1045 1505 1076 nostri
1522 1047 1640 1078 decimo
1653 1048 1769 1080 othavo.

1338 1123 1386 1155 Sic
1403 1123 1531 1163 signatas
1538 1147 1548 1163 ,

1465 1203 1520 1232 Per
1540 1201 1623 1248 ipsorn
1643 1203 1740 1240 Regem
1752 1226 1763 1243 ,
1787 1200 1826 1241 ὁ·
1845 1204 1878 1235 de
1899 1207 1981 1236 Data
1998 1204 2135 1245 praediea
2150 1228 2161 1246 ,
2178 1209 2367 1242 ,havitare

1512 1241 1703 1272 Parliamenti.

2018 1320 2057 1352 M
2068 1332 2088 1352 ο
2097 1331 2120 1354 a
2130 1331 2155 1354 τ
2162 1334 2182 1354 ο
2190 1331 2224 1355 κ.

1385 1395 1575 1427 Aximilianus
1597 1396 1630 1428 &
1655 1399 1753 1428 Maria
1766 1421 1776 1438 ,
1802 1393 1861 1429 Dei
1883 1397 1987 1438 gratia,
2014 1398 2154 1439 Austriae,
2181 1402 2368 1441 Burgundiae,

1401 1435 1589 1474 Lotharingiae
1596 1460 1604 1472 ,
1615 1437 1777 1467 Brabantiae
1787 1461 1796 1474 ,
1803 1439 1967 1476 Limburgiae
1976 1463 1985 1476 ,
2002 1439 2210 1477 Luxemburgiae
2217 1463 2226 1478 ‚
2241 1441 2274 1472 &
2284 1441 2370 1472 Ghel-

1305 1472 1389 1510 dn'ae,
1408 1473 1526 1514 Duces,
1540 1475 1695 1511 flandrie,
1714 1476 1856 1517 Arthefii,
1875 1478 1907 1508 &
1927 1477 2108 1516 arguare,
2126 1477 2261 1517 Palatini,
2283 1483 2369 1510 Ha-

1304 1516 1410 1549 noniae,
1427 1513 1604 1552 Hollandiae,
1622 1514 1797 1553 Zeelandiae,
1814 1517 1965 1555 Nummi,
1977 1517 2011 1548 &
2024 1516 2206 1554 Zutphaniae‚
2224 1517 2370 1557 Comites,

1304 1554 1381 1580 Sacri
1397 1553 1504 1590 Imperii
1521 1552 1723 1593 Marcffiones,
1741 1562 1855 1585 necnon
1871 1555 1979 1596 Frifiae,
1998 1553 2170 1594 Salinarum,
2195 1556 2228 1586 &
2247 1556 2370 1587 Machb'-

1305 1593 1357 1659 ξιξ
1375 1589 1503 1621 Domini
1518 1615 1528 1630 ‚
1552 1593 1702 1631 omnibus,
1724 1592 1759 1623 ad
1778 1603 1850 1632 quos
1869 1594 2017 1632 praesentes
2036 1591 2153 1624 Litterae
2170 1597 2369 1635 pervenerint,

1352 1638 1440 1659 utem.

1340 1666 1422 1697 Cum
1438 1691 1448 1707 ‚
1473 1666 1660 1705 superioribus
1680 1668 1770 1699 Annis
1783 1693 1792 1705 ,
1819 1670 1888 1700 inter
1904 1693 1913 1708 ,
1939 1668 2109 1701 Excellentis
2126 1671 2160 1703 ὃ(
2180 1670 2369 1704 Reconendae

1306 1708 1454 1737 memoriae
1472 1729 1482 1744 ,
1507 1707 1672 1738 Dominum
1692 1708 1826 1738 Karalum
1844 1711 1946 1739 Ducem
1966 1710 2148 1748 Burgundiae,
2174 1709 2315 1741 Socerum
2333 1712 2370 1742 &

1306 1744 1420 1775 Patrem
1448 1745 1576 1776 nostrum
1602 1747 1773 1777 carissimum
1789 1770 1800 1786 ,
1821 1757 1910 1786 nuper
1939 1747 2143 1786 Defunctum,
2173 1758 2226 1786 pro
2251 1749 2371 1781 Ducam

1305 1782 1477 1819 Brabantiae,
1495 1783 1687 1815 Comitatibus
1707 1785 1863 1823 Flandriae,
1881 1785 2064 1824 Hannoniae,
2089 1785 2268 1823 Hollandiae‚
2292 1788 2370 1818 Zee-

1304 1822 1405 1853 landiae
1416 1845 1425 1860 ,
1444 1822 1471 1851 V
1474 1823 1519 1853 illa
1535 1824 1568 1855 δε
1586 1824 1746 1855 Territorio
1763 1823 1930 1854 Mechliniae
1941 1847 1950 1862 ‚
1969 1826 2002 1856 &
2019 1824 2077 1854 aliis
2094 1824 2194 1855 Patriis
2211 1826 2244 1856 ὅ(
2259 1825 2372 1857 Domi-

1305 1862 1358 1891 niis
1374 1884 1384 1900 ,
1408 1860 1491 1892 Parte
1508 1870 1542 1892 ex
1559 1871 1613 1893 una
1628 1885 1637 1900 ‚
1664 1872 1697 1893 ac
1717 1862 1928 1893 Serenisfimum
1949 1862 2110 1900 Principem
2128 1862 2293 1894 Dominum
2309 1863 2370 1894 Ed-

1303 1901 1450 1939 wardan,
1468 1899 1568 1931 eadem
1588 1900 1693 1940 gratia,
1711 1905 1807 1938 Regem
1825 1900 1955 1941 Angla,
1971 1904 2117 1931 Dominum
2130 1901 2289 1940 Hiberniae,
2306 1901 2369 1939 &c.

1325 1949 1357 1969 ro
1377 1938 1484 1978 Regno
1503 1939 1552 1970 suo
1571 1938 1596 1969 A
1637 1940 1681 1970 liae
1694 1963 1704 1979 ‚
1729 1939 1874 1970 Dominio
1893 1939 2041 1970 Hiberniae
2059 1963 2068 1978 ,
2096 1949 2211 1970 necnon
2238 1940 2313 1972 Villa
2333 1942 2368 1973 &

1344 1978 1444 2009 archiis
1460 1977 1593 2016 Calesiae,
1639 1988 1695 2009 arte
1709 1987 1742 2008 ex
1761 1978 1861 2016 alterii,
1881 1989 1934 2016 pro
1951 1978 2111 2009 Communi
2131 1978 2215 2009 Bono
2229 1980 2262 2010 δε
2280 1979 2370 2011 Utili-

1305 2025 1360 2047 tate
1378 2017 1502 2055 ipsorum
1521 2016 1646 2054 Regni,
1670 2017 1819 2055 Ducmls,
1846 2017 2098 2048 Commtinitatum
2110 2040 2120 2054 ,
2142 2016 2370 2058 Dominiorum,

1305 2054 1464 2094 Villarum,
1484 2055 1634 2086 Locorum
1653 2056 1873 2094 pmdststorum,
1896 2056 2030 2086 hincinde
2047 2056 2178 2093 habitus,
2200 2056 2308 2093 faetus,
2335 2059 2370 2088 &

1305 2094 1455 2125 conclusus
1474 2094 1557 2125 fuerit
1573 2104 1664 2126 certus
1684 2094 1792 2125 Modus
1810 2094 2001 2132 Intercurssis,
2019 2094 2077 2125 five
2092 2093 2374 2131 Communication'ss

1308 2133 1494 2190 Mer-captiae,
1512 2133 1545 2164 &
1564 2133 1726 2165 Piscationis
1744 2133 1823 2172 super
1844 2133 1948 2171 Mare,
1965 2144 2018 2173 pro
2037 2134 2121 2165 certis
2139 2133 2228 2164 Annis
2239 2134 2372 2166 nondum

1304 2174 1446 2203 traniactis

1340 2197 1476 2249 Cumqu’e
1500 2212 1585 2242 etiam
1609 2211 1646 2242 de
1669 2212 1703 2243 &
1729 2211 1809 2249 super
1833 2211 1927 2242 multis
1953 2210 2090 2247 variisque
2114 2210 2312 2248 Qerirnoniis
2331 2213 2368 2243 ὃς

1306 2248 1528 2280 Gravarninibus
1553 2250 1741 2279 subditorum
1763 2250 1889 2288 predi&
1912 2253 2000 2279 Soceri
2025 2248 2064 2284 ό·
2082 2251 2220 2280 Genitori:
2234 2250 2369 2290 nostri&

1300 2287 1932 2365 fflfffmspfflm
1955 2287 2371 2360 tascie,

1305 2367 1392 2404 ipsam
1413 2350 1557 2404 stipulam
1584 2376 1636 2403 pro
1659 2366 1740 2396 Lanis
1759 2368 1884 2397 emendis
1901 2365 2089 2396 Confi-rentes
2108 2367 2368 2406 concernentibus,

1305 2414 1419 2436 necnon
1439 2406 1467 2435 in
1488 2404 1578 2435 fasto
1598 2403 1786 2435 monetarum
1803 2407 1835 2435 ὅ(
1856 2415 1951 2435 earum
1967 2401 2205 2442 Exaltationibus,
2223 2404 2251 2435 in
2270 2404 2369 2436 Patriis

1304 2444 1407 2475 nostris
1426 2445 1530 2474 adiunc
1551 2442 1673 2474 Curium
1693 2444 1858 2473 habenti-im
1874 2468 1882 2481 ‚
1901 2443 2017 2482 ipiisque
2037 2441 2165 2473 Monetis
2184 2443 2219 2473 ad
2239 2442 2372 2485 AEquali-

1304 2492 1394 2514 tatem
1414 2482 1614 2519 Reducendis,
1631 2492 1665 2512 :ic
1687 2483 1715 2512 in
1734 2483 1864 2520 aequabili
1881 2483 1914 2513 &
1937 2481 2169 2519 proportionabili
2187 2480 2370 2511 AEstimaiio-

1303 2532 1340 2552 ne
1359 2523 1392 2554 &
1412 2521 1518 2552 Valore
1537 2521 1689 2559 ponendis,
1708 2522 1806 2551 multae
1825 2522 1858 2551 &
1876 2523 1960 2550 variae
1973 2519 2277 2556 communicationes,
2301 2519 2373 2558 Pro-

1304 2561 1466 2591 locutiones
1482 2582 1492 2598 ‚
1517 2561 1551 2590 &
1575 2559 1670 2589 Dietae
1683 2582 1693 2595 ,
1716 2560 1790 2589 inter
1807 2559 1919 2589 nostros
1936 2559 1970 2589 δε
1986 2557 2065 2597 ipsius
2083 2557 2257 2599 Serenissimi
2276 2557 2371 2596 Regis

1305 2599 1458 2636 Oratore8‚
1477 2597 1712 2634 Commissarios,
1730 2598 1763 2627 ὅ(
1775 2597 1953 2634 Deputatos,
1971 2597 2001 2626 in
2016 2596 2129 2625 diveriis
2143 2595 2247 2634 Locis,
2264 2597 2370 2628 habitae

1304 2639 1338 2669 &
1359 2646 1443 2668 tentae
1455 2659 1465 2676 ,
1489 2637 1574 2666 nunae
1600 2644 1695 2667 tamen
1716 2636 1797 2674 super
1811 2636 1861 2666 hiis
1875 2634 2084 2666 Conclufiones
2100 2633 2134 2664 ad
2150 2635 2265 2673 plenum
2282 2635 2370 2667 faeiae

1318 2686 1410 2706 uerint

1305 2678 1320 2707 f
1341 2698 1549 2752 Volei’itesque,
1569 2723 1621 2751 pro
1642 2712 1724 2743 Bono
1742 2713 1775 2744 &
1795 2711 1970 2743 Commodo
1989 2711 2189 2755 Mercatorum
2217 2712 2250 2743 ὃς
2263 2711 2370 2743 Subdi-

1303 2760 1399 2783 torum
1425 2751 1523 2789 Regni
1543 2752 1577 2782 δε
1595 2751 1806 2782 Dominiorum
1830 2751 2032 2789 praedkstorum
2048 2751 2198 2789 hincinde,
2217 2751 2368 2789 praefaturn

1302 2790 1492 2822 Intercursum
1508 2792 1692 2827 intertenere,
1711 2800 1826 2820 necnon
1840 2790 1952 2820 exrendi
1965 2791 1998 2820 &
2014 2790 2157 2828 ampliari,
2174 2799 2208 2820 ac
2224 2790 2370 2827 praediffis

1304 2830 1502 2868 Qierimoniis
1529 2830 1562 2860 δε
1592 2828 1814 2863 Gravaminibus
1841 2826 2004 2867 caeten'sque
2033 2827 2184 2859 Praemiffis
2208 2827 2310 2859 Finem
2332 2829 2367 2860 δε

1303 2868 1531 2899 Conclusionem
1555 2869 1683 2905 imponi,

1340 2906 1389 2938 De
1403 2907 1545 2937 Fidelitate
1562 2908 1664 2944 igitur,
1679 2905 1948 2944 Circumspefflone
1963 2928 1974 2945 ‚
1998 2906 2032 2936 δε
2054 2904 2212 2942 Industria,
2231 2902 2367 2934 Dilecto-

1304 2956 1367 2976 rum
1387 2947 1420 2977 &
1448 2945 1586 2975 Fidelium
1610 2944 1840 2984 Magistrorum,
1861 2944 1968 2974 Thomae
1991 2944 2025 2974 de
2047 2943 2139 2973 Plana
2159 2942 2368 2973 Gubernatoris

1303 2984 1410 3014 nostrat
1430 2983 1612 3014 Cancellariae
1636 2983 1824 3022 Burgundiae,
1843 2983 1875 3013 &
1892 2983 1971 3023 Justi
1985 2979 2276 3024 Rumina-utriusque
2289 2980 2367 3020 Juris

1303 3023 1484 3091 Βςέὶοωτὲιά
1498 3024 1531 3053 &
1558 3021 1769 3061 Requestarum
1788 3019 1908 3052 Domi'is
1926 3020 2030 3051 nostrae
2047 3017 2252 3058 Magistrorum
2268 3040 2279 3057 ,
2304 3019 2366 3058 ple-

1303 3072 1368 3092 nius
1387 3072 1444 3092 con
1486 3071 1562 3092 entes

1341 3100 1466 3131 Eosdem
1484 3085 1642 3137 Magi'stros
1656 3123 1666 3137 ,
1690 3098 1821 3129 rhomam
1838 3097 1871 3127 de
1893 3096 1985 3127 Plana
2007 3097 2042 3140 ὃς
2058 3094 2172 3139 Justum
2190 3094 2368 3136 murnum,

1303 3139 1451 3176 Facimus,
1468 3138 1660 3175 Ordinamus,
1678 3136 1872 3175 Deputamus,
1888 3136 1922 3167 &
1935 3135 2143 3166 Censtituimus
2153 3133 2266 3164 nostros
2281 3145 2364 3165 veros

1304 3178 1337 3208 &
1358 3177 1528 3208 indubitatos
1546 3175 1783 3213 Commiffarios,
1802 3174 2018 3211 Procuratores,
2035 3173 2068 3203 &
2085 3171 2247 3210 Deputatos
2258 3172 2364 3209 specia-

1302 3216 1342 3246 les
1360 3226 1409 3253 per
1426 3215 1578 3246 Praesentes
1592 3238 1602 3251 ,
1627 3214 1755 3252 damusq3
1774 3214 1808 3245 &
1825 3212 2010 3243 concedimus
2027 3210 2132 3242 eisdem
2153 3215 2167 3227 ‘
2186 3210 2362 3242 Potestatem
2379 3215 2398 3235 ⁸
2418 3217 2488 3248 XII.

1300 3254 1459 3294 generalem
1475 3255 1509 3284 &
1526 3253 1698 3283 Mandatum
1718 3251 1834 3289 speciale
1846 3274 1856 3288 ,
1881 3260 1949 3280 cum
1967 3249 2094 3288 Egregie
2113 3248 2229 3286 Legum
2248 3249 2365 3281 Βοξὶο-
2380 3265 2426 3292 70.

1302 3304 1332 3324 re
1352 3292 1493 3331 Magistro
1510 3291 1642 3330 Johanne
1659 3291 1743 3320 Cooke
1761 3313 1772 3328 ,
1804 3288 1981 3332 Consiliario
1992 3289 2026 3319 &
2045 3287 2170 3318 Oratore
2188 3288 2297 3325 praefiti
2313 3289 2365 3320 Se-

1302 3331 1437 3361 reniffimi
1463 3333 1576 3360 Domini
1592 3332 1670 3367 Regis
1694 3329 1724 3358 in
1741 3328 1795 3358 hac
1833 3337 1890 3359 arte
1909 3327 2059 3365 specialiter
2078 3325 2225 3364 Deputato
2239 3350 2249 3364 ,
2276 3327 2312 3358 de
2329 3329 2364 3360 &

1301 3369 1380 3405 super
1397 3369 1559 3406 hujusmodi
1577 3367 1734 3398 Intercursu
1752 3376 1786 3397 ac
1855 3367 2044 3410 municatioqe
2063 3363 2234 3395 Mercantiae
2249 3376 2366 3397 necnon

1301 3406 1458 3436 Piscatione
1476 3406 1556 3443 super
1576 3405 1661 3436 Mare
1676 3427 1686 3442 ,
1711 3405 1847 3442 ipfiusque
1871 3403 2048 3434 Intercursus
2067 3403 2124 3432 sive
2143 3401 2367 3436 Comunicatio-

1301 3445 1344 3473 nis
1364 3443 1532 3473 Extensione
1546 3444 1579 3474 &
1599 3443 1794 3480 Ampliatione
1808 3466 1818 3479 ,
1845 3442 1879 3472 &
1897 3443 1979 3472 novis
1995 3441 2132 3480 Capitulis
2149 3442 2206 3473 sive
2233 3443 2369 3474 Articulis

1302 3482 1382 3519 super
1408 3481 1469 3519 ipsis
1487 3482 1683 3519 concipiendis
1700 3481 1734 3511 δε
1754 3480 1858 3510 eisdem
1877 3479 2010 3511 addendis
2027 3492 2038 3517 3
2064 3488 2181 3510 necnon
2206 3481 2366 3520 Querirno-

1300 3521 1352 3550 niis
1368 3521 1400 3551 ὃς
1420 3519 1643 3550 Gravaminibus
1660 3517 1849 3549 Subditorum
1863 3517 2028 3548 nostrorum
2046 3519 2078 3550 &
2093 3519 2279 3550 Subditorum
2295 3519 2364 3558 ejus-

1300 3558 1368 3588 dern
1386 3557 1558 3589 Sereniffimi
1577 3557 1684 3596 Regis,
1711 3557 1769 3587 sive
1793 3558 1830 3587 ab
1856 3556 1917 3594 ipso
1943 3556 2099 3588 Intercursu
2122 3557 2365 3596 dependentibus,

1301 3605 1349 3627 aut
1363 3597 1422 3627 aliis
1439 3596 1598 3635 quibuscun
1619 3606 1654 3626 ue
1671 3609 1681 3632 ς
1705 3605 1821 3626 necnon
1846 3595 1926 3633 super
1945 3596 2035 3626 Facio
2052 3595 2241 3627 Monetarum
2259 3595 2361 3633 praedi-

1301 3636 1430 3671 Clarum,
1448 3635 1482 3664 ὃς
1501 3606 1832 3665 fflruquxaltationibus
1847 3634 2066 3674 Reformandis,
2083 3636 2118 3666 δε
2136 3633 2171 3665 ad
2185 3634 2294 3665 Statum
2310 3632 2362 3662 de-

1302 3675 1395 3704 bitum
1416 3672 1617 3711 Reducendis,
1634 3673 1792 3704 Tiac‘iandi
1804 3695 1815 3711 ‚
1837 3672 2071 3712 Comunicandi‚
2089 3671 2296 3704 Concordandi
2311 3680 2362 3709 pa·

1303 3713 1372 3743 riter
1387 3713 1421 3743 &
1439 3710 1641 3742 Concludendi
1652 3735 1662 3750 ,

1340 3750 1498 3787 Unamque
1515 3750 1561 3781 seu
1580 3750 1669 3788 plures
1688 3749 1824 3781 Litteram
1844 3758 1891 3781 aut
1912 3749 2049 3788 Litteras,
2067 3759 2117 3787 per
2135 3747 2254 3779 modum
2272 3745 2361 3784 Capi-

1302 3789 1430 3820 tulorum
1447 3789 1492 3819 seu
1510 3789 1705 3820 Articulorum
1718 3811 1728 3826 ,
1751 3797 1799 3819 aut
1815 3788 1893 3818 aliter
1911 3798 1997 3826 prout
2014 3788 2107 3820 visum
2123 3786 2206 3817 suerit
2218 3807 2229 3822 ‚
2246 3784 2362 3823 desuper

1303 3827 1498 3864 conficiendi,
1515 3827 1690 3865 Expediendi
1708 3828 1742 3858 &
1759 3826 1923 3865 sigillandi,
2244 3861 2250 3866 ,

1339 3866 1434 3896 Aliam
1450 3866 1495 3897 seu
1513 3876 1620 3896 novam
1639 3867 1756 3897 Dietam
1770 3888 1780 3903 ,
1804 3875 1858 3902 pro
1882 3865 2019 3903 aliquibus
2035 3861 2128 3894 forssn
2145 3860 2362 3894 Praemifforum

1301 3904 1501 3942 necessariam,
1521 3904 1667 3935 Statuendi
1682 3905 1715 3936 &
1732 3903 1917 3942 Praefigenffl,
2066 3938 2072 3943 ²
2132 3936 2138 3943 ,
2241 3939 2246 3944 ⁸

1339 3941 1510 3980 Caeteraque
1528 3943 1680 3980 Faciendi,
1698 3941 1893 3979 Exco-cendi,
1912 3942 1945 3971 &
1963 3935 2139 3976 Expediendi
2157 3945 2222 3975 quae
2239 3948 2268 3968 in
2283 3938 2362 3971 Prae·

1301 3980 1387 4011 missis
1404 3981 1556 4012 neceffiria
1572 3981 1676 4011 fuerint
1693 3981 1739 4011 seu
1758 3979 1980 4018 quomodolibet
1996 3983 2174 4043 oplff¹mm3
2326 4017 2333 4021 Π

1337 4018 1561 4058 Ρτοωὶιῑεικεε,
1578 4021 1609 4050 in
1623 4018 1727 4051 Verbis
1739 4018 1924 4055 Principum,
1942 4013 2012 4045 Nos
2075 4011 2231 4053 ta‚Grata‚
2248 4015 2282 4047 &
2299 4015 2363 4046 Fir-

2320 4063 2368 4084 mn
