2555 4266
718 137 829 183 ET

911 143 1171 184 ACTA
1255 144 1728 201 Prnhsstt‘cA.

2294 166 2363 213 33*

42 225 120 262 Ann.
132 228 174 259 D.
226 230 265 262 Et
287 228 451 268 generaliter
477 227 576 258 omnia
598 226 743 271 Praemissa
767 229 800 259 &
825 228 1038 271 Praemifforum
1051 229 1153 268 singula
1168 230 1201 259 &
1215 238 1247 272 ea
1285 232 1403 272 ramenti
1421 231 1525 276 fuitque
1543 233 1644 277 Literis
1661 258 1676 277 ³.
1699 235 1792 267 Mmu
1811 239 1922 282 propria
1939 247 2022 283 atque
2040 240 2270 286 signio-munitis
2283 264 2291 279 ‚
2309 243 2342 274 8<
2364 233 2490 270 AnnD-

62 277 149 307 1490.
187 270 428 307 qualitercumque
441 268 641 296 concernentia
659 266 806 305 Faciendi,
826 267 1000 305 Exercendi,
1017 269 1049 298 &
1063 267 1244 305 Exequeuffl,
1287 269 1343 296 alus
1362 267 1550 310 Caunombus
1569 274 1812 313 quibuicumque,
1829 277 1984 314 Obligand1
1999 300 2010 316 2
2028 280 2060 309 &
2079 279 2274 316 obhgauones
2291 281 2342 312 hu.
2382 286 2468 316 ¹490·

42 312 104 336 flea.
122 316 147 342 7.

62 662 147 708 &aa

41 757 110 788 Ann
130 753 169 784 D.

60 778 148 833 14p0.

39 837 92 863 An.
109 844 137 870 5.

38 894 126 938 rr'anc‘.
145 920 174 946 5.

38 953 73 975 H.
94 960 122 985 7.
138 959 173 977 m.

36 2199 56 2219 ⁸
75 2199 143 2226 XII.

35 2247 102 2273 45¹·

58 2273 143 2314 {²14}ss

33 2315 114 2347 Ann.
129 2314 160 2344 D

57 2363 144 2392 1490.

32 2396 87 2421 An.
101 2402 129 2428 5.

33 2435 69 2458 H.
89 2440 116 2465 7.

31 2469 98 2496 thid.

33 2516 72 2535 w.
93 2516 140 2544 35.

185 309 221 338 ita
243 308 275 338 &
294 307 396 337 eodem
417 305 506 334 modo
525 304 593 334 ficut
608 304 676 333 Nos
690 304 846 335 faceremus
859 307 891 336 ἃ
906 305 1000 335 facere
1017 306 1160 342 possemus
1177 306 1194 333 ii
1212 306 1240 334 in

130 371 132 374 ,
185 347 298 383 propria
316 343 435 373 Persona
449 342 542 372 nostra
561 342 772 381 interessemuS,
789 346 873 374 etiam
888 343 908 373 si
925 343 986 373 talia
1008 345 1061 373 lint
1077 353 1140 381 quae
1156 342 1244 373 Man-

184 384 282 414 datum
300 383 336 411 de
350 382 376 411 se
394 382 478 419 magis
492 383 603 418 exigant
619 381 750 418 speciale,

219 421 439 456 Promittentes,
457 420 517 450 &c.

222 458 256 488 In
273 457 370 494 cujus,
391 457 452 487 &c.
861 495 866 499 .
968 499 971 501 q
1055 493 1059 498 Ι
1150 493 1156 498 ⁴

220 495 309 525 Teste
332 494 414 534 Rege
432 495 504 534 apud
529 493 786 535 Wstmonasterium
799 516 810 532 ,
836 492 975 525 vicesimo
994 492 1113 531 septimo
1128 491 1177 522 die
1191 491 1244 522 Fe-

185 535 294 565 biuatii.

343 661 392 692 De
410 661 569 704 Capitaneo
590 660 627 689 V
624 657 677 688 illae
695 659 725 687 in
741 657 901 687 Britannia
919 653 1083 697 constituto.

255 744 280 774 E
292 733 324 775 X
349 743 468 774 Dilecto
484 744 518 774 sc
535 739 624 771 Fideli
638 739 688 769 suo
701 738 829 777 Johanni
844 742 959 777 Mam,
976 739 1110 771 salutem.
1157 779 1162 784 .
1194 780 1198 784 ¹

191 746 247 800 R
287 783 384 813 Sciatis
404 781 483 819 quod
499 779 568 809 Nos
584 800 594 815 ,
621 779 703 807 certis
716 776 992 808 Coniiderationibus
1009 778 1077 809 Nos
1092 779 1243 816 specialiter

187 822 370 852 moventibus
385 842 395 857 ,
417 828 450 849 ac
464 818 500 847 de
514 817 537 846 F
538 816 658 846 idelitate
671 817 845 853 providaque
863 815 1127 854 Circumspefiione
1146 817 1244 848 vestris

188 858 296 895 plenius
317 857 510 891 confidentes,
532 853 742 884 Constituimus
763 864 816 885 vos
836 853 1025 892 Capitaneum
1041 855 1126 887 Villae
1138 855 1242 887 nostrae

188 896 224 926 de
240 897 420 926 Conkornewe
433 897 463 923 in
476 896 626 922 Britannia
634 915 644 930 ,
1151 933 1155 938 ³

226 936 270 965 Ac
293 935 374 964 vobis
391 955 402 969 ,
426 932 545 962 Tenore
568 930 748 962 Praesentium
764 955 774 969 ,
798 931 968 963 Potestatem
985 933 1019 963 &
1036 932 1242 963 Auctoritatem

188 973 299 1004 Damus
317 972 351 1001 &
374 970 595 1000 Committimus
617 969 722 1000 Villam
745 971 929 1008 ptaediCtam,
943 973 976 1001 ad
992 970 1075 1008 Opus
1093 971 1222 1015 nostrum
1233 993 1243 1008 ,

186 1021 240 1049 pro
256 1010 355 1041 Nobis
371 1009 404 1039 &
423 1008 556 1038 Nomine
570 1007 686 1046 nostro,
706 1007 894 1038 Custodiendi
914 1011 947 1039 ὃς
965 1008 1112 1040 Custodiri
1135 1010 1242 1039 facien-

185 1050 238 1087 di,
265 1057 381 1078 necnon
405 1047 514 1078 Statura
535 1047 568 1077 ὅ(
589 1046 790 1076 Ordinationes
805 1071 814 1083 ,
842 1047 966 1084 profana
981 1046 1243 1091 Gubernatione&

181 1087 253 1118 salva
268 1085 406 1117 Custodia
423 1085 506 1116 Villae
523 1084 666 1122 praeditstae
680 1085 830 1116 necessaria
843 1086 876 1116 ὅ(
890 1095 1032 1123 oportuna
1042 1108 1052 1124 ,
1068 1087 1240 1130 Faciendi&

181 1124 384 1156 Constituendi
400 1147 408 1161 ,
434 1126 467 1155 &
481 1133 582 1154 omnes
597 1123 698 1161 Ligeos
713 1125 746 1153 δε
763 1123 897 1153 Subditos
916 1124 1027 1154 nostros
1042 1135 1075 1155 ac
1091 1126 1177 1162 alios,
1196 1133 1241 1153 m-

182 1164 224 1194 fra
247 1163 352 1193 Villam
374 1163 540 1200 praedic‘tam
561 1163 589 1190 in
614 1162 777 1192 Retinentia
801 1161 890 1192 vestra
907 1162 1053 1205 existentes
1071 1164 1116 1194 vel
1129 1163 1162 1207 ad
1176 1172 1241 1192 esn-

183 1203 251 1232 dem
274 1201 440 1232 accedentes
460 1202 493 1231 &
517 1200 621 1230 ibidem
643 1209 872 1236 commorantes,
910 1210 960 1230 uos
977 1201 1057 1230 vobis
1070 1203 1098 1231 in
1110 1202 1243 1244 hiis-quae

183 1241 219 1271 ad
238 1240 321 1270 Vsslae
341 1240 486 1277 praedic‘tae
508 1240 647 1276 pertinent
670 1238 861 1268 salvationem
883 1210 927 1268 stin
942 1238 1065 1283 debitam
1077 1239 1199 1278 Justiriae
1212 1249 1241 1268 in

168 1280 303 1309 «eandem
333 1277 616 1309 Administrationem
646 1276 813 1306 Contrarios
843 1276 875 1306 &
899 1275 1032 1306 Rebelles
1056 1279 1216 1308 inveneritis
1232 1299 1242 1314 ,

181 1318 259 1355 juxta
275 1326 374 1347 eorum
390 1315 551 1352 Demetita,
570 1324 654 1352 prout
667 1315 703 1344 de
712 1314 781 1352 Jure
797 1317 829 1345 &
850 1315 1006 1345 secundum
1018 1315 1109 1345 ianam
1130 1316 1243 1360 Discre-

183 1357 293 1386 tionem
315 1354 436 1384 vestram
461 1354 658 1384 rationabiliter
671 1354 761 1383 visum
773 1353 874 1390 suerit,
892 1352 1053 1391 Castigandi
1070 1355 1103 1384 ὃ(
1117 1353 1243 1384 Punien-

184 1395 230 1431 di,
251 1393 426 1429 Castigarive
446 1393 479 1423 &
495 1391 592 1422 Puniri
607 1391 743 1430 faciendi,
763 1391 889 1421 Crimina
905 1393 937 1422 ὃς
954 1392 1038 1435 Facta
1053 1402 1242 1436 quaecumque

184 1433 256 1462 infra
282 1431 385 1461 Villam
408 1430 526 1461 eandem
547 1431 592 1460 seu
611 1430 728 1460 Limites
743 1429 864 1465 ejusdem
882 1430 1033 1471 commissa
1046 1430 1091 1460 seu
1106 1440 1243 1461 commit-

182 1471 266 1501 tenda
282 1469 422 1499 Puniendi
443 1470 477 1499 &
492 1468 589 1498 debite
610 1467 790 1506 Castigandi,
809 1474 964 1509 orrneique
980 1467 1082 1511 Causas
1100 1468 1243 1512 Crimina-

182 1509 221 1539 les
238 1507 344 1538 Civiles
359 1509 392 1537 &
409 1506 513 1537 Mixtas
526 1507 596 1537 insta
609 1506 694 1543 ipsam
710 1505 813 1536 Villam
828 1508 918 1543 ejuiae
937 1506 1056 1537 Limites
1072 1506 1243 1538 Etamman-

183 1547 234 1583 di,
259 1545 433 1582 Corrigendi
449 1567 458 1581 ‚
483 1547 516 1576 &
541 1544 758 1574 Determinandi
774 1566 784 1582 ,
808 1554 964 1581 caeteraque
978 1546 1075 1574 omnia
1093 1547 1126 1576 δε
1141 1546 1242 1585 lingula

184 1584 328 1614 Officium
361 1582 507 1622 Capitanei
536 1582 618 1613 Villae
640 1581 784 1620 praedictae
805 1584 1006 1613 concernentia
1029 1583 1186 1615 Exercendi
1206 1586 1240 1616 &

183 1622 244 1652 Exe
267 1621 351 1652 uendi

220 1633 264 1691 Ectl
276 1660 344 1691 ideo
358 1646 444 1691 ’vobis
458 1659 631 1690 Mandamus
646 1658 726 1696 quod
739 1660 816 1689 circa
831 1658 974 1702 Pfaemisfiss
988 1659 1133 1700 dil'genter
1148 1662 1240 1694 inten-

183 1699 251 1730 datis
262 1709 297 1729 ac
311 1708 343 1728 ea
357 1699 462 1728 faciatis
475 1699 508 1728 δε
526 1698 703 1734 exequamini
716 1698 746 1727 in
761 1697 854 1727 forma
869 1697 1016 1734 praedicia:

222 1737 335 1766 Damus
357 1736 466 1774 insuper
484 1735 615 1766 univeriis
639 1737 673 1766 ὃς
699 1735 812 1772 smgulis
832 1735 998 1775 Officiariis,
1018 1737 1170 1777 Ministris,
1192 1739 1241 1770 Li-

181 1777 263 1814 geis,
279 1776 313 1805 &
329 1774 452 1805 Subditis
467 1774 569 1804 nostris
585 1784 618 1804 ac
631 1773 689 1803 aliis
702 1783 824 1812 quorum
837 1774 950 1805 interest
962 1777 991 1804 in
1007 1776 1060 1807 hac
1077 1786 1168 1816 parte,
1178 1778 1239 1809 Te-

179 1823 252 1843 nore
267 1813 470 1850 Praesentium,
489 1812 605 1842 firmiter
619 1813 647 1841 in
665 1811 806 1843 Mandatis
820 1812 900 1850 quod
916 1814 998 1844 vobis
1009 1836 1019 1852 ,
1039 1817 1067 1846 in
1085 1816 1239 1847 Executio-

179 1862 216 1881 ne
239 1851 451 1881 Praemifforum
464 1875 474 1888 ,
500 1850 676 1881 Intendentes
690 1850 759 1887 fint,
778 1850 980 1889 Consulenres,
998 1853 1176 1893 Affistentes,
1192 1856 1238 1886 O-

179 1889 322 1920 beiientes
333 1913 342 1926 ,
362 1890 395 1919 &
413 1889 582 1920 Auxiliantes
596 1890 626 1918 in
641 1889 796 1927 omnibus,
813 1898 896 1927 prout
911 1889 1002 1921 decet.

213 1927 247 1957 In
261 1929 340 1958 cu'us
376 1928 437 1958 &c.

214 1937 306 1996 TesteJ
319 1950 403 2005 R’ege
417 1965 490 2004 apud
508 1964 782 2006 Wstmonasterium,
801 1967 938 1999 vicesimo
954 1970 1050 2006 primo
1065 1969 1111 2001 die
1129 1970 1236 2002 Martii.

863 2047 916 2075 Per
932 2044 1015 2084 ipficm
1028 2048 1132 2085 Regem.

268 2183 295 2209 *ἓ
324 2187 372 2218 De
388 2184 621 2231 Appunfiuana'o
636 2196 706 2217 cum
726 2186 821 2217 Anna
836 2184 957 2230 Ductffiz
972 2187 1143 2222 Britanniae.

184 2269 311 2327 REX
336 2270 486 2308 omnibus,
503 2269 538 2300 ad
551 2279 642 2309 quos,
657 2270 718 2301 &c.
738 2268 873 2300 Salutem.

164 2336 171 2344 ,
275 2309 371 2339 Sciatis
387 2309 466 2346 quod
481 2309 563 2346 Nos,
907 2348 912 2353 ¹

220 2346 268 2376 De
295 2347 481 2377 Fideliratibus
501 2347 535 2377 &
558 2345 683 2385 providis
707 2345 1034 2386 Circumspeehonibus,
1053 2348 1237 2383 Dilestorum

182 2384 215 2414 &
232 2385 368 2414 Fidelium
383 2385 546 2415 nostrorum
556 2408 566 2422 ,
584 2385 680 2422 Egeda‘
701 2385 860 2422 d’Aubeney
879 2389 990 2416 Domini
1003 2387 1163 2428 d’Aubeney
1178 2391 1239 2421 Lo-

182 2425 371 2454 cumtenentis
390 2423 471 2453 Villae
487 2425 520 2454 δε
535 2423 627 2453 Castri
641 2422 805 2453 nostrorum
823 2423 942 2462 Cileni,
959 2426 1071 2456 Roberti
1084 2428 1222 2466 Willughb

180 2464 292 2491 Domini
312 2462 344 2491 de
364 2462 451 2491 Broke
466 2461 566 2492 Militis
578 2461 703 2499 Hospitii
720 2461 808 2491 nostri
823 2462 983 2501 Senescalli‚
1001 2464 1107 2495 Tkomae
1120 2468 1214 2497 Lovel
1227 2493 1236 2506 ,

181 2501 215 2530 ὃ(
237 2499 366 2529 Richardi
385 2498 536 2538 Guldejford
549 2523 558 2537 ,
581 2510 633 2536 pro
655 2499 787 2536 Corpore
811 2500 909 2531 nostro
928 2502 1074 2540 Militum,
1104 2505 1236 2544 Magistri

180 2538 296 2567 Henrici
306 2538 494 2578 Aynelssworth
507 2540 535 2567 in
551 2537 663 2568 Officio
679 2538 786 2568 Privati
798 2538 887 2575 Sigilli
900 2540 988 2570 nostri
1002 2541 1164 2574 secundarii
1173 2567 1183 2582 ,
1202 2547 1235 2576 &

180 2576 313 2614 Magistri
339 2577 478 2614 Johannis
508 2575 672 2615 Buldifwell
698 2576 805 2607 Clerici
827 2576 955 2608 Concilii
981 2579 1095 2618 nostri,
1120 2582 1235 2620 Legum

180 2614 368 2650 Doctorum,
387 2614 618 2645 Confiliartomm
637 2613 817 2653 nostrorum,
835 2616 944 2653 plenius
956 2617 1145 2658 confidentes,

221 2652 296 2690 Ipsos
314 2653 425 2683 nostros
446 2663 528 2683 veros
543 2654 576 2684 &
593 2653 763 2683 indubitatos
778 2652 1010 2694 Commiffarios,
1029 2656 1182 2698 Oratores,
1201 2661 1235 2690 δε

180 2690 342 2728 Βεροιαῖος
365 2691 494 2722 Fecimus
507 2714 517 2728 ,
541 2691 751 2722 Censtituimus
764 2714 773 2729 ‚
792 2692 1014 2736 Deputavirnus,
1033 2695 1067 2725 &
1082 2695 1235 2728 Ordinavi-

180 2739 263 2768 mus,
282 2740 316 2798 :gc
331 2730 455 2798 gesture
475 2729 656 2760 Praesentium
682 2730 832 2769 Facimus,
859 2730 1068 2764 Constltuimus
1081 2758 1091 2774 ,
1107 2735 1235 2774 Deputa-

183 2777 264 2804 muS,
306 2777 316 2785 ⁷
365 2779 375 2797 r
398 2778 505 2799 ruamus

218 2805 326 2836 Dantes
338 2808 372 2837 ὃ(
382 2791 583 2837 Concede'ntes
594 2806 696 2838 eisdem
707 2831 716 2845 ‚
737 2808 894 2847 Quinque,
911 2809 1062 2849 Qatuor,
1077 2812 1111 2842 &
1126 2811 1235 2844 Tribus

181 2854 282 2874 eorum
298 2844 408 2880 plenam
421 2844 595 2875 Potestatem
610 2846 643 2876 ὅ(
659 2846 863 2878 Auctoritatem
880 2857 913 2878 ac
932 2848 1102 2880 Mandatum
1122 2859 1235 2890 genera-

180 2882 209 2912 le
225 2883 258 2913 &
273 2882 391 2919 speciale
406 2893 475 2913 curn
490 2883 667 2914 Sereniffima
681 2883 775 2914 Princi
826 2884 1042 2925 Consanguinoe
1054 2888 1149 2919 nostra
1167 2894 1235 2920 An-

179 2931 217 2950 na
243 2923 400 2950 Britanniae
425 2921 559 2960 Ductffa,
581 2922 626 2951 seu
653 2922 709 2959 ejus
724 2923 781 2952 Am
821 2923 994 2963 timoribus,
1010 2925 1234 2967 Commiffiriis,

176 2958 430 2996 Procuratoribus,
447 2959 481 2990 &
494 2960 641 2997 Deputatis
654 2959 840 2991 sufficientem
860 2961 1031 2993 Potestatem
1053 2965 1086 2995 &
1101 2966 1235 2998 Auctori-

176 3004 266 3028 tatem
281 2998 317 3028 ab
330 3008 361 3028 m
377 2998 410 3027 ad
426 2998 484 3028 hoc
496 2998 678 3036 habentibus,
698 2997 957 3039 Communicandi‚
966 3002 1121 3034 Tra&andi
1130 3027 1140 3042 ,
1151 3004 1234 3036 Con-

177 3035 314 3066 cordandi
329 3059 339 3073 ‚
363 3035 584 3074 Conveniendi‚
608 3035 825 3074 Componiendi
838 3060 848 3076 ,
872 3039 906 3069 &
930 3039 1150 3078 Appuncmandi
1168 3065 1178 3080 ,
1198 3053 1234 3075 ac

175 3073 304 3110 plenarie
319 3075 352 3106 ὃς
365 3075 473 3113 integre
488 3074 704 3105 Determinandi
716 3077 750 3107 &
766 3075 967 3108 Concludendi
981 3079 1041 3109 fam
1055 3080 1090 3110 de
1106 3082 1139 3113 ὃ(
1154 3081 1233 3119 super

178 3121 245 3142 vera
261 3136 271 3149 ,
294 3112 376 3143 firma
391 3136 402 3151 ,
426 3115 460 3143 &
481 3123 613 3153 perpetua
635 3115 668 3144 ὃς
680 3114 745 3143 reali
759 3114 832 3145 Pace
847 3125 930 3154 atque
945 3116 1126 3157 Concordia,
1144 3121 1231 3157 quarn

179 3149 218 3180 de
237 3152 272 3182 &
292 3150 372 3189 super
396 3151 520 3190 Treugis
542 3153 575 3184 &
601 3150 776 3182 Guerrarum
792 3153 989 3192 Abstinentiis,
1008 3156 1102 3195 Ligis,
1122 3159 1232 3190 Amici-

176 3189 238 3257 ‘135³’
257 3189 582 3266 ssffssl‘ffisszsefflffssfi
598 3191 1234 3267 egiaa¹¹ffi32⁵affin0aoeffifflrs

176 3268 251 3295 inter
261 3268 323 3295 Nos
336 3276 369 3296 ac
387 3251 509 3304 Regna:
520 3267 641 3305 Terras,
660 3268 817 3306 Dominia,
835 3269 952 3309 Patrias,
971 3273 1004 3302 &
1023 3272 1102 3302 Loca
1117 3274 1228 3313 nostra,

176 3312 212 3334 ac
228 3303 330 3334 didam
349 3304 485 3343 Duciffixm
497 3327 508 3343 ,
531 3305 680 3336 Ducatum
694 3329 704 3344 ,
728 3307 850 3347 Terras,
878 3308 1031 3346 Dominia,
1051 3310 1172 3350 Patrias,
1194 3315 1227 3344 δε

175 3340 260 3372 Loca
282 3342 344 3380 sua,
370 3342 517 3380 Subditos,
532 3343 670 3382 Vasallos,
689 3345 842 3385 Alligatos‚
860 3345 1098 3387 Confoederat08‚
1117 3352 1149 3380 δε
1167 3352 1227 3381 Ad-

174 3378 314 3411 haerentes
326 3382 388 3411 suos
404 3383 438 3412 &
452 3381 565 3413 nostros
579 3383 774 3422 quoscumque
789 3385 934 3424 ineundis,
950 3387 1135 3425 celebrandis,
1145 3398 1228 3420 com-

174 3420 313 3454 ponendis
328 3442 338 3458 ,
369 3419 560 3460 inducendis,
581 3422 722 3460 capiendis
731 3446 745 3460 ¹,
771 3424 938 3454 innovandis
952 3449 962 3462 ,
989 3428 1173 3464 prorogandis
1193 3426 1227 3458 ad

174 3455 308 3495 Tempus
328 3458 373 3488 vel
395 3457 605 3497 lmperpetuum
628 3460 661 3491 &
679 3461 830 3500 habendis,
847 3461 981 3507 superque
996 3467 1098 3495 mutuis
1111 3465 1228 3497 Auxiliis

172 3495 210 3523 ab
232 3504 286 3525 una
304 3495 430 3526 Patrium
453 3498 530 3528 alteri
549 3497 710 3535 praestandis
731 3498 933 3533 Conveniendi
953 3503 986 3534 &
1002 3502 1227 3544 Componendi,

173 3531 299 3570 Nosque
311 3534 345 3564 ad
359 3535 515 3572 hujusmodi
530 3536 642 3567 Auxilia
654 3537 704 3568 fibi
719 3538 873 3576 praestanda
888 3539 1058 3579 Obligandi,

211 3569 256 3600 Ac
273 3572 382 3609 insuper
398 3574 433 3603 ab
451 3574 542 3604 eadem
554 3575 665 3615 Ductffiz
685 3575 854 3616 cautiones,
869 3578 1049 3618 Securstaroe,
1069 3579 1226 3620 Promiffi,

172 3609 207 3640 &
226 3608 422 3648 obligationes
439 3611 630 3652 quascumque
648 3624 703 3651 pro
718 3615 905 3647 Resolutione
920 3616 1107 3655 Expensarum
1123 3643 1132 3658 ,
1161 3629 1225 3651 ante

170 3647 225 3676 hac
249 3647 386 3677 factarum
403 3670 414 3685 ,
439 3659 489 3686 pet
511 3650 582 3681 Nos
595 3652 626 3680 in
643 3651 804 3691 hujusmodi
823 3654 941 3684 Auxiliis
956 3657 1141 3696 expositarum
1158 3681 1168 3696 ,
1189 3659 1222 3689 ὅ(

170 3684 237 3723 post
256 3685 308 3715 hac
327 3685 516 3728 faciendarum
537 3689 570 3718 &
587 3691 817 3726 exponendarum
828 3714 838 3729 ‚
851 3701 885 3721 ac
903 3691 1002 3731 villas,
1021 3694 1160 3734 Castella,
1178 3697 1221 3726 0-

169 3723 238 3761 pida
253 3746 263 3761 ,
286 3725 320 3756 δε
336 3724 387 3754 alia
409 3723 488 3754 Loca
506 3734 696 3765 quaecumque
712 3750 722 3766 ‚
743 3729 812 3760 loco
836 3729 966 3767 Pignoris
978 3733 1012 3762 &
1030 3733 1174 3771 Ipothecae
1193 3737 1222 3766 in

168 3771 204 3792 m
228 3771 306 3799 parte
328 3771 381 3805 per.
398 3761 498 3791 didam
518 3763 778 3811 Ductffam·Nob·is
800 3775 848 3797 aut
865 3768 893 3811 A
945 3771 1014 3813 natis
1030 3772 1130 3817 nostris
1148 3774 1223 3804 Tra-

169 3798 503 3876 {erezqgieztdilnberanda
518 3821 530 3838 ‚
554 3800 672 3833 Petendi
686 3826 697 3841 ,
719 3804 875 3843 Snpulandi
887 3829 898 3844 ,
943 3810 1052 3846 xigendi
1068 3821 1170 3848 pariter
1188 3813 1222 3842 δε

206 3874 246 3906 Et
260 3876 296 3907 de
311 3887 372 3907 non
388 3876 594 3908 Contrahendo
616 3877 838 3911 Matrimonium
860 3888 907 3913 aut·
930 3881 1070 3922 sponsalia
1088 3896 1156 3917 cum
1174 3887 1222 3918 ali-

169 3921 229 3949 quo
246 3912 332 3951 Rege
347 3915 393 3946 vel
410 3914 559 3953 Principe,
576 3925 624 3947 aut
639 3917 734 3954 aliquo
750 3918 804 3949 alio
825 3929 1009 3959 quocumque
1022 3945 1033 3960 ,
1055 3934 1109 3955 nec
1127 3925 1163 3955 de
1180 3927 1222 3955 in-

170 3950 266 3980 eundo
283 3952 328 3983 seu
345 3953 476 3985 faciendo
490 3953 597 3984 Pacem
612 3977 623 3993 ,
649 3955 774 3994 Treugas
785 3979 795 3993 ,
820 3956 917 3997 Ligas‚
938 3959 1220 4002 Confoederationes,

170 3989 217 4018 seu
241 3988 386 4024 Amicitias
410 4002 480 4023 cum
506 3991 600 4031 aliquo
625 3991 710 4031 Rege
734 3994 782 4024 vel
805 3993 940 4034 Principe
963 4007 1010 4029 aut
1035 3998 1220 4033 Comunitate

171 4025 275 4096 abzspmtsse
292 4028 393 4099 ¹¹13stssss
400 4030 553 4099 ICllsonsensu
567 4031 601 4064 &
620 4031 738 4064 Affensu
750 4056 760 4071 ,
783 4033 886 4065 didam
897 4035 1036 4076 Duciffm
1053 4040 1156 4072 virtute
1167 4040 1221 4080 μ.-

1284 305 1407 342 jusmodi
1426 309 1454 336 in
1470 319 1500 338 ea
1519 319 1595 346 parte
1614 311 1735 341 similiter
1752 313 1936 352 Recipiendi,

1326 342 1456 373 Necnon
1474 345 1542 388 Nos
1559 348 1596 377 de
1613 359 1674 379 non
1694 349 1896 382 Contrahendo
1916 353 2019 383 Pacem
2033 376 2044 390 ,
2075 353 2156 393 Ligas
2172 379 2181 392 ,
2196 356 2338 395 Treugas,
2355 381 2357 383 .

1288 379 1575 425 Confoederationes,
1589 386 1637 427 *seu
1655 388 1800 418 Amicitias
1817 400 1882 420 curn
1901 392 1994 429 aliquo
2013 391 2111 430 Rege,
2128 392 2279 432 Principe,
2294 397 2340 426 vel

1285 417 1522 485 l(ilomgnumtate,
1545 424 1646 461 abique
1664 425 1743 455 diciae
1764 428 1878 466 Duczffae
1896 428 2041 460 Coni'eni'u
2059 431 2092 460 &
2111 432 2228 462 Aslensu
2242 455 2253 470 ‚
2275 432 2340 464 Ob-

1327 466 1361 485 an
1383 466 1392 485 i

1286 465 1538 570 begin&
1554 499 2086 574 sarneiasszaas3142ffierffl02
2100 506 2339 578 &terrere

1286 572 1345 608 cis,
1372 572 1406 602 &
1423 572 1492 602 inibi
1507 556 1545 616 ,aii
1564 572 1845 607 Communicandum
1864 601 1873 616 ,
1895 580 2091 612 Tractandum
2104 605 2114 619 ,
2134 584 2339 621 AppunCtuam

1287 609 1356 639 dum
1366 632 1375 646 ,
1390 610 1423 640 ὅ(
1438 609 1555 641 finaliter
1571 611 1607 642 de
1623 612 1655 642 δε
1674 613 1752 650 super
1769 617 1901 646 omnibus
1919 619 1951 648 &
1966 619 2075 655 singulis
2089 620 2238 653 Praemiffis
2253 625 2285 654 &
2300 625 2337 654 ab

1287 648 1324 677 eis
1343 648 1584 687 qualitercumque
1598 650 1819 686 dependentibus
1837 654 2075 687 Concludendum
2092 681 2102 696 ,
2127 669 2210 697 prout
2236 664 2273 692 eis
2288 670 2355 694 exa.

1287 685 1402 723 pediens
1419 689 1508 718 visum
1528 688 1610 718 fuerit
1627 689 1660 719 ὅ(
1678 699 1874 728 oportunum,

1323 723 1522 764 Praemiffique
1538 728 1637 757 omnia
1651 728 1685 758 &
1700 727 1806 765 ringula
1819 728 1960 760 Firmandi
1974 754 1984 770 ,
2002 733 2236 775 AppunCtuandi‚
2257 738 2338 769 Αίίῑῑό

1287 763 1420 800 curandi,
1435 766 1469 795 &
1486 763 1703 803 Concludendi,

1323 801 1453 832 Necnon
1479 802 1514 833 de
1539 803 1573 834 &
1595 804 1674 840 super
1699 804 1858 842 hujusmodi
1883 805 2085 842 Appunctuatis
2110 811 2142 841 &
2168 812 2337 854 Conclusrs,

1287 841 1446 878 caeterisque
1468 842 1602 872 omnibus
1624 843 1657 873 &
1677 842 1786 881 fingulis
1804 842 1946 874 Conclusa
1964 846 2204 887 qualitercumque
2218 861 2339 883 concer-

1286 879 1418 909 nentibus
1442 889 1506 917 quae
1527 890 1595 911 curn
1621 880 1732 918 praefata
1753 880 1864 921 Ducffflz
1878 907 1887 921 ,
1913 883 1956 913 seu
1978 884 2035 921 ejus
2061 884 2310 921 Ambzffiatoribus
2329 914 2340 929 ‚

1287 915 1513 956 Commiffariis,
1531 917 1779 957 procuratoribus,
1797 922 1830 952 &
1842 921 1989 958 Deputatis
2004 922 2142 959 praedictis
2154 927 2338 963 Appunetua-

1287 962 1332 992 ta,
1351 955 1551 995 Concordata,
1566 958 1600 988 &
1618 956 1879 990 Conclusasuerint
1892 981 1901 997 ‚
1921 959 2026 990 Literas
2042 961 2144 992 validas
2160 964 2193 994 δε
2210 965 2340 997 efficaces

1286 1003 1340 1030 pro
1359 994 1440 1025 Parte
1453 994 1549 1025 nostra
1567 995 1710 1026 Tradendi
1729 997 1762 1027 ὅ(
1778 997 1944 1035 Libersndi,

1324 1031 1485 1070 Literasque
1511 1034 1574 1064 alias
1599 1035 1752 1065 confimilis
1776 1035 1898 1067 effectus
1922 1038 1957 1068 &
1983 1038 2090 1075 vigoris
2107 1048 2142 1069 ex
2160 1040 2242 1071 altera
2259 1041 2354 1074 Parte.

1286 1068 1420 1109 Petendi,
1440 1071 1593 1109 Exigendi,
1612 1073 1646 1104 &
1664 1072 1852 1112 Recipiendi,
2285 1096 2287 1100 ν
2342 1084 2345 1085 ’

1324 1107 1500 1140 Generaliter
1518 1113 1616 1141 omnia
1633 1111 1776 1142 Praemiffa
1795 1123 1881 1152 mque
1905 1113 2144 1153 qualitercumque
2162 1127 2341 1149 concernen-

1284 1148 1321 1177 tia
1346 1147 1500 1185 faciendi,
1522 1149 1681 1180 Exercendi
1697 1172 1708 1187 ‚
1733 1152 1767 1182 δε
1785 1150 1960 1193 Expediendi
1977 1174 1987 1189 ,
2011 1154 2048 1184 ita
2074 1154 2106 1184 ἅτ
2125 1158 2226 1186 eodem
2248 1158 2352 1189 modo,>

1284 1195 1368 1222 prout
1395 1186 1462 1216 Nos
1489 1188 1538 1224 ipli
1555 1188 1711 1219 faceremus
1729 1189 1763 1219 &
1781 1191 1875 1220 facere
1892 1192 2033 1227 pollemus
2053 1191 2072 1221 fi
2093 1194 2121 1222 in
2141 1197 2248 1232 propria
2267 1195 2351 1226 Peru

1284 1224 1351 1253 sona
1366 1223 1460 1254 nostra
1479 1225 1498 1243 *
1517 1226 1727 1265 intereffemus,
1746 1229 1832 1259 etiam
1849 1228 1869 1258 fi
1887 1228 1950 1259 talia
1968 1227 2019 1260 fint
2034 1239 2099 1267 quae
2116 1231 2153 1261 de
2169 1233 2196 1262 se
2213 1233 2348 1265 &landa-⁷

1285 1270 1346 1292 tum
1366 1263 1455 1298 magis
1473 1264 1583 1302 exigant
1601 1264 1734 1302 speciaie;
2304 1298 2308 1302 .
2326 1301 2350 1304 ,,

1321 1300 1522 1332 Promittentes
1537 1325 1547 1339 ‚
1574 1303 1651 1333 bona
1670 1303 1740 1334 Fide
1758 1304 1791 1334 &
1807 1305 1836 1334 in
1852 1303 1952 1336 Verbo
1971 1304 2068 1343 Regio
2082 1329 2093 1345 ,
2119 1310 2217 1339 omnia
2232 1310 2264 1340 δε
2284 1310 2350 1341 fin-'

1284 1339 1348 1376 gula
1366 1361 1376 1376 ,
1400 1349 1463 1377 quae
1483 1349 1530 1376 per
1549 1341 1680 1377 praefatos
1696 1342 1916 1373 Commissarios
1930 1366 1940 1380 ,
1958 1342 2110 1382 Oratores,
2126 1348 2159 1377 ὃ(
2178 1347 2339 1386 Deputatos

1284 1377 1396 1406 nostros
1404 1399 1425 1416 ,ἶ
1434 1378 1587 1416 Quinque,
1605 1379 1754 1417 Quatuor,
1765 1381 1809 1411 vel
1824 1381 1897 1412 Tres
1915 1391 2016 1412 eorum
2035 1385 2251 1424 Appunauata,
2267 1386 2347 1418 Pro-.

1286 1416 1382 1452 miffa,
1403 1416 1600 1452 Concordata,
1620 1420 1653 1449 ὃς
1672 1418 1814 1450 Conclusa
1833 1420 1934 1450 fuerint
1953 1421 1982 1450 in
2003 1422 2055 1452 hac
2072 1422 2153 1453 Parte
2165 1448 2174 1459 ,
2195 1424 2262 1455 Nos
2276 1426 2346 1457 Ra-

1285 1462 1331 1520 }a,
1349 1453 1499 1522 εξὶίὶεητῐῑὲ
1507 1454 1649 1523 Ιίἒέίῑιὲῐεοε
1668 1457 1932 1526 ῗζοιέὺίέῑνεῑὲηᾳε,
1951 1459 2148 1528 ἂΚέιιιὲἓτίηᾱε,
2161 1462 2268 1532 Liteggs
2276 1474 2336 1539 xg—

1297 1501 1352 1520 tras
1395 1502 1411 1522 a
1441 1502 1458 1521 n
1575 1504 1590 1522 v
1633 1504 1665 1525 au
1747 1506 1764 1524 n
1787 1506 1844 1526 rma
1857 1506 1930 1526 orias
2064 1509 2191 1531 caronas.
2322 1516 2343 1526 c

1285 1530 1459 1567 probatorias
1476 1531 1505 1559 in
1523 1531 1613 1561 forma
1630 1533 1723 1563 debita
1741 1535 1774 1565 ὃ(
1789 1536 1927 1565 autentica
1934 1520 1953 1573 ,⁷
1959 1545 2043 1573 prout
2055 1547 2126 1575 opus
2141 1523 2241 1578 suein,
2256 1539 2345 1571 datu⁴⁴

1285 1578 1340 1598 ros.
2340 1593 2346 1596 -

1322 1606 1357 1637 In
1375 1606 1471 1645 cujus,
1490 1608 1550 1638 &c-

1322 1645 1414 1676 Teste
1427 1645 1511 1686 Rege
1528 1646 1602 1685 apud
1622 1650 1755 1679 Cantuar.
1770 1647 1946 1681 duodecimo
1964 1649 2024 1682 Die
2040 1652 2152 1691 Aprilis.

1970 1730 2024 1758 Per
2034 1728 2117 1768 ipsimi
2130 1731 2235 1770 Regem.

1372 1850 1463 1894 Super
1481 1847 1617 1893 Custodia
1631 1853 1668 1888 ὠ
1689 1848 1859 1893 Dimtffione
1881 1853 2025 1884 Civitatis
2050 1854 2231 1899 Nanetensis.
2336 1868 2345 1877 Δ
2373 1850 2456 1892 {KZ-{13

2351 1927 2427 1958 Ann.
2440 1928 2481 1959 D.-

1282 1932 1338 1988 R
1352 1930 1419 1963 EX
1443 1932 1606 1973 Univerfis,
1625 1936 1685 1966 &c.
1703 1934 1738 1966 ad
1753 1945 1842 1974 quos,
1859 1935 1920 1967 &c.
1939 1935 2072 1969 Salutem.
2232 1974 2235 1977 Δ
2331 1964 2335 1965 ⁷

1379 1969 1459 2001 Cum
1479 1972 1598 2003 Nobilis
1616 1973 1764 2004 Britanniae
1784 1973 1912 2005 Ducatus
1924 1997 1934 2013 ‚
1956 1975 1990 2005 ad
2017 1978 2096 2015 cujus
2110 1977 2208 2016 Ope'ln
2227 1979 2337 2013 Excer-'A

1278 2006 1368 2037 citum
1382 2010 1442 2046 jam
1458 2011 1542 2047 paulo
1561 2020 1625 2042 ante
1640 2012 1706 2042 illuc
1721 2011 1828 2042 traduci
1846 2013 1981 2052 fecimus,
2000 2014 2151 2047 Gallorum
2169 2018 2275 2048 viribus
2286 2020 2332 2048 in-

1276 2049 1402 2077 numeris
1426 2047 1636 2080 Calamitatibus
1663 2051 1766 2080 crebro
1794 2050 1960 2090 lacescitur,
1989 2051 2124 2091 Cumque
2142 2065 2201 2086 non
2219 2057 2331 2087 medio-

1278 2092 1357 2114 crem
1383 2085 1602 2124 Expeditionem
1626 2088 1659 2118 ad
1679 2088 1845 2119 Nanctenfis
1860 2088 1988 2120 Civitatis
2007 2090 2140 2124 confinia
2162 2104 2212 2132 per
2231 2094 2331 2125 Gallo-

1273 2131 1339 2153 rum
1372 2123 1534 2163 Principem
1547 2149 1556 2164 ,
1580 2127 1664 2164 ipsam
1684 2127 1878 2166 Dominiaque
1903 2129 1996 2159 eidem
2015 2131 2166 2168 adjacentia
2183 2132 2332 2173 Captivam

1279 2161 1394 2200 suaeque
1414 2162 1528 2194 Ditioni
1546 2166 1673 2203 redigere
1691 2166 1735 2195 seu
1753 2165 1847 2196 saltem
1866 2167 2010 2197 crudeliter
2026 2167 2158 2200 Infestare
2175 2173 2259 2207 omni
2277 2172 2331 2203 Ar-

1278 2208 1307 2230 te
1322 2223 1332 2238 ,
1355 2200 1488 2233 Hastutia
1503 2225 1512 2241 ,
1528 2203 1647 2242 totisque
1665 2203 1777 2235 Viribus
1795 2206 1948 2244 nitentem,
1965 2207 2115 2239 noviffirne
2130 2209 2332 2241 Transmiffim

1279 2238 1361 2268 fuisse
1380 2241 1610 2281 intellexerimus,

1316 2277 1412 2308 Sciatis
1432 2279 1512 2317 quod
1539 2280 1607 2310 Nos
1621 2303 1631 2318 ‚
1656 2281 1779 2318 ipsorum
1798 2280 1950 2312 Gallorum
1970 2282 2175 2316 Calliditatibus
2192 2286 2307 2319 obviare
2319 2308 2331 2327 ,

1278 2314 1540 2355 Serenisfimamque
1563 2317 1726 2357 Principem
1746 2319 1990 2360 consanguineam
2007 2322 2133 2353 nostram
2152 2323 2331 2357 Cariffimarn

1278 2356 1433 2384 Britanniae
1458 2356 1595 2395 DuciJJam
1621 2358 1730 2395 ejusque
1752 2358 1854 2389 Patrias
1877 2360 1911 2390 &
1936 2358 2068 2391 Subditos
2082 2360 2196 2401 suosque
2212 2364 2332 2396 Amicos

1279 2402 1366 2422 tutare
1385 2395 1418 2424 &
1437 2394 1584 2425 defendere
1600 2418 1609 2433 ,
1634 2397 1667 2426 &
1686 2397 1808 2426 maxime
1826 2396 1925 2427 talibus
1945 2397 2044 2428 Modis
2059 2400 2094 2430 &
2110 2402 2141 2430 in
2161 2401 2247 2432 Locis
2268 2406 2330 2441 qtn'-

1278 2431 1329 2462 bus
1357 2432 1419 2468 ipsis
1443 2432 1531 2464 Gallis
1550 2434 1637 2473 magis
1655 2444 1760 2465 nocere
1777 2434 1908 2474 eidemque
1924 2437 2039 2476 Duciffae
2057 2447 2139 2476 atque
2155 2439 2207 2470 suis
2224 2441 2329 2472 Subdi-

1277 2470 1310 2499 tis
1329 2470 1428 2500 melius
1446 2472 1574 2508 prodcffe
1593 2473 1748 2510 valeamus,
1774 2475 1855 2503 omni
1873 2472 1988 2504 Conatu
2007 2477 2167 2515 cupientes,
2193 2479 2328 2518 quodque

1276 2508 1306 2537 in
1326 2509 1380 2545 ipsa
1399 2508 1554 2540 Nanetensi
1573 2509 1716 2549 Ciuitate,
1735 2521 1798 2549 quae
1815 2513 1886 2542 inter
1903 2514 2000 2543 omnia
2018 2514 2100 2551 ipsius
2120 2515 2268 2548 Britanniae
2282 2518 2330 2548 O·

1275 2546 1340 2583 pida
1358 2557 1408 2584 pro
1427 2546 1589 2579 Infestandis
1609 2548 1733 2580 Inimicis
1759 2551 1793 2580 &
1817 2560 1871 2587 pro
1890 2550 1944 2588 ipsa
1964 2551 2055 2583 Patria
2074 2552 2221 2585 Britanniae
2242 2555 2328 2587 Con-

1274 2585 1421 2623 servanda,
1446 2586 1527 2617 sicuti
1547 2586 1644 2617 Nobis
1663 2588 1777 2626 intelligi
1796 2588 1890 2626 datur,
1908 2590 2031 2620 maxime
2050 2591 2091 2620 est
2109 2594 2248 2633 propitia,
2265 2604 2328 2625 cer-

1274 2632 1336 2654 tum
1353 2624 1517 2656 nostrorum
1535 2625 1719 2656 Subditorum
1739 2626 1906 2657 Numerum
1933 2630 2100 2666 propediem
2120 2632 2230 2668 imponi
2254 2642 2327 2662 con-

1274 2661 1442 2699 cupiscimus
1459 2686 1468 2701 ,
1494 2663 1635 2702 ipsamque
1653 2664 1898 2701 Consanguineam
1917 2666 2041 2696 nostram
2058 2667 2094 2698 de
2112 2667 2214 2700 Mente
2233 2671 2327 2703 nostra

1273 2701 1304 2730 in
1326 2702 1377 2731 hac
1396 2711 1474 2739 parte
1491 2704 1643 2733 certiorem
1662 2703 1743 2740 plane
1763 2703 1876 2734 reddere
1891 2704 2032 2743 volentes,

1311 2737 1512 2771 Promittimus
1529 2763 1538 2778 ‚
1563 2742 1612 2771 sub
1635 2741 1760 2772 Honore
1775 2742 1874 2771 nostro
1889 2743 1922 2772 &
1940 2744 1969 2772 in
1990 2744 2086 2774 Verbo
2101 2744 2195 2784 Regio
2211 2769 2220 2784 ‚
2244 2754 2328 2785 atque

1273 2786 1323 2815 per
1341 2777 1492 2809 praesentes
1510 2778 1604 2810 Manu
1622 2779 1716 2810 nostra
1732 2779 1842 2817 propria
1859 2780 1974 2818 fignatas
1991 2782 2024 2812 δε
2043 2782 2154 2821 Magno
2172 2784 2269 2815 nostro
2282 2785 2323 2816 Si-

1273 2816 1342 2854 gillo
1360 2817 1504 2855 figillms,
1521 2819 1604 2848 eriam
1620 2816 1789 2855 Juramento
1803 2818 1882 2854 super
1897 2818 2078 2850 Sacrosancta
2096 2822 2152 2852 Dei
2171 2822 2323 2862 Evangelia

1275 2854 1366 2885 Manu
1392 2855 1489 2886 nostra
1504 2856 1574 2886 taeta
1593 2856 1661 2886 Nos
1681 2855 1796 2887 firmiter
1813 2856 1983 2893 Obligamus
1999 2859 2077 2896 quod
2089 2882 2098 2896 ,
2124 2861 2321 2897 quandocum-

1272 2903 1328 2932 que
1354 2894 1409 2931 ipse
1425 2917 1434 2931 ,
1459 2894 1506 2933 qui
1533 2893 1703 2924 Custodiam
1727 2894 1813 2924 dietae
1830 2893 1959 2925 Civitatis
1974 2896 2007 2926 &
2025 2895 2119 2927 Castri
2134 2898 2255 2935 ejusdem
2274 2899 2322 2930 baa

1272 2933 1366 2963 buerit
1378 2954 1388 2970 ,
1409 2931 1478 2962 Nos
1493 2941 1539 2963 aut
1557 2932 1631 2969 ipsos
1648 2931 1780 2963 Subditos
1797 2931 1909 2963 nostros
1923 2955 1933 2970 ,
1949 2933 1987 2963 fic
2005 2935 2036 2964 in
2053 2935 2098 2965 illa
2116 2934 2240 2967 Civitate
2255 2937 2322 2969 Na-·

1273 2970 1378 3000 netensi
1401 2971 1501 3008 quovis
1519 2971 1604 3008 pac'to
1622 2969 1767 3001 existentes
1782 2992 1791 3007 ‚
1815 2970 1966 3013 requisierit
1979 2996 1990 3009 ,
2017 2981 2048 3003 ut
2064 2973 2149 3010 ipfim
2165 2970 2320 3007 Civitatem

1271 3018 1385 3046 exeant,
1402 3009 1545 3046 ipsamque
1561 3007 1715 3039 Civitatem
1733 3011 1761 3038 in
1782 3010 1862 3046 lpllus
1872 3009 2006 3040 Manibus
2024 3011 2125 3042 habere
2140 3015 2321 3053 permittant,

1271 3048 1350 3086 quod
1376 3057 1476 3077 ornnes
1494 3048 1578 3076 iidem
1596 3046 1707 3077 Subditi
1725 3046 1812 3076 nostri
1828 3069 1838 3088 ,
1863 3049 1893 3077 in
1918 3048 1973 3085 ipsa
1998 3048 2120 3081 Civitate
2145 3051 2292 3082 existentes
2309 3073 2319 3091 ,

1270 3086 1340 3117 infra
1366 3086 1420 3116 Sex
1448 3085 1517 3115 Dies
1540 3085 1698 3122 hujusmodi
1720 3085 1946 3122 Requilitionem
1972 3087 2134 3119 immediate
2160 3089 2317 3129 sequenteS,

1270 3126 1356 3163 ipsam
1373 3123 1526 3154 Civitatem
1536 3146 1545 3161 ,
1559 3124 1639 3152 omni
1658 3123 1759 3162 absque
1773 3124 1920 3160 dilatione,
1935 3124 2050 3164 colore,
2067 3126 2230 3158 difficultate
2244 3151 2253 3165 ,
2270 3138 2317 3160 aut

1268 3162 1490 3194 contradictione
1513 3171 1694 3199 quacumque
1709 3184 1718 3199 ,
1742 3162 1848 3192 realiter
1871 3163 1985 3193 exibunt
1999 3186 2009 3201 ,
2039 3174 2157 3203 eamque
2180 3166 2208 3195 in
2235 3167 2316 3204 ipsius

1270 3201 1403 3232 Custodis
1428 3201 1555 3230 manibus
1577 3200 1665 3229 libere
1693 3201 1726 3231 ὃς
1748 3200 1867 3238 pacifice
1891 3201 1985 3232 haberi
2003 3204 2185 3241 permittent,
2210 3205 2243 3235 &
2261 3213 2316 3243 pro

1270 3249 1370 3271 eorum
1387 3241 1491 3269 viribus
1505 3238 1650 3277 juvabunt.

1302 3277 1337 3308 In
1354 3287 1478 3315 quorum
1495 3277 1644 3314 omnium,
1662 3276 1722 3307 δίε.

1301 3315 1399 3347 Teste.

1334 3392 1398 3423 EX
1423 3393 1569 3430 universis,
1589 3392 1647 3427 &a
1666 3392 1745 3432 afflue
1761 3391 1810 3429 ibi,
1828 3391 2026 3422 promittimus
2038 3417 2047 3431 ,
2064 3394 2102 3430 (ᾖν
2119 3395 2245 3435 tanesia,
2261 3395 2315 3426 sub

1345 3431 1469 3463 Honore
1493 3431 1592 3461 nostro
1617 3434 1650 3463 δε
1673 3433 1700 3460 in
1728 3430 1823 3460 Verbo
1851 3430 1943 3468 Regio
1957 3453 1966 3467 ‚
1989 3440 2071 3469 atque
2115 3443 2144 3463 er
2163 3433 2313 3465 Praesentae

1266 3470 1356 3500 Manu
1381 3470 1476 3501 nostra
1495 3470 1606 3509 propria
1629 3471 1740 3508 {ignaras
1756 3470 1789 3500 δε
1810 3467 1922 3505 Magno
1937 3469 2035 3507 Sigillo
2051 3480 2089 3500 no
2116 3481 2149 3501 ro
2167 3472 2185 3502 fi
2208 3472 2312 3511 illatas,

1264 3509 1332 3539 Nos
1351 3508 1466 3539 firmiter
1490 3508 1661 3545 Obligarnus
1682 3507 1761 3545 quod
1777 3508 2031 3545 quandocumque,
2049 3508 2109 3544 ὡς.
2125 3517 2156 3538 ut
2181 3519 2248 3548 upra
2263 3522 2307 3539 us·

1263 3557 1312 3587 que
1325 3547 1379 3584 ibi,
1398 3547 1499 3577 habere
1522 3548 1683 3583 permittant
1695 3568 1704 3582 ,
1730 3543 1768 3578 ὠ
1786 3551 1848 3573 tunc
1856 3543 1915 3587 fic,
1928 3547 2006 3585 quod
2019 3555 2120 3578 omnes
2137 3549 2223 3578 iidem
2235 3548 2311 3590 3³¹²*

1262 3587 1312 3616 diti
1335 3585 1422 3615 nostri
1435 3609 1444 3622 ,
1472 3587 1499 3614 in
1516 3584 1570 3622 ipfit
1589 3584 1712 3613 Civitate
1727 3582 1890 3624 existentes,
1910 3590 1978 3612 intra
1992 3583 2066 3615 Tres
2083 3585 2194 3616 Menses
2210 3587 2307 3624 huius⁴

1263 3623 1342 3654 modi
1354 3622 1579 3661 Requisitionem
1594 3621 1757 3651 immediate
1768 3624 1927 3657 sequentes,
1944 3619 2004 3655 &a
2022 3630 2054 3652 ut
2075 3635 2093 3653 u
2125 3635 2152 3652 a,

1300 3661 1458 3692 Coniimile
1474 3660 1771 3698 Appunetuamentum
1786 3668 1854 3688 cum
1871 3658 2034 3698 Marefiallo
2094 3666 2190 3692 Rieux.

1295 3737 1384 3769 Teste
1398 3737 1480 3776 Rege
1495 3735 1568 3773 apud
1584 3733 1855 3774 westmonasterium,
1871 3733 2045 3768 duodecimo
2061 3737 2120 3768 Die
2128 3733 2216 3776 junii,

2320 3782 2388 3829 453,-

2358 319 2423 349 Ia'en.
2443 326 2468 351 7.

2371 1223 2386 1238 t
2403 1223 2471 1251 ΧΠ.>

2354 1270 2420 1297 452-

2339 1977 2342 1980 ’
2370 1977 2455 2006 1490.

2348 2010 2400 2033 Aa.
2416 2016 2444 2041 5.

2351 2049 2384 2071 H.
2406 2054 2431 2079 7.

2348 2086 2433 2110 Franc.
2453 2093 2480 2118 ς,

2349 2125 2382 2149 H.
2396 2130 2421 2155 7·
2435 2131 2472 2158 m!

2348 2168 2392 2195 34-

2340 3736 2357 3755 ·
2372 3734 2442 3769 xit.

2342 3815 2435 3856 aa&

2323 3855 2400 3885 Ann.
2417 3856 2460 3887 De

1320 3882 1341 3902 ‘¹‘
1364 3881 1412 3913 De
1426 3876 1596 3912 Traffando
1610 3880 1647 3915 cfr
1665 3877 1916 3910 communicando
1931 3890 1999 3911 cum
2017 3882 2092 3926 Rege
2106 3882 2248 3915 Francia.

2346 3902 2430 3932 1490.

2324 3937 2378 3961 An.
2394 3942 2421 3967 5.

1364 3963 1395 3995 X
1419 3962 1570 3998 omnibus,
1585 3960 1620 3991 ad
1637 3967 1727 4000 quos,
1744 3963 1805 3994 ὅτε.
1823 3961 1958 3993 Salutem.

1262 3962 1354 4020 RE

1359 4001 1440 4032 Cum
1453 4000 1540 4037 Nos,
1557 4009 1617 4029 non
1639 4001 1732 4031 minus
1753 4001 1846 4030 Luctu
1866 4000 1952 4038 quarn
1973 3999 2107 4033 Moerore
2120 4025 2130 4042 ,
2148 4009 2206 4042 prae
2218 4005 2308 4037 oculis
2323 3975 2410 4036 garis.
2427 3983 2459 4044 ἰ(
2488 3986 2503 4002 ⁰

1259 4039 1391 4072 habentes
1411 4047 1469 4078 quo
1491 4040 1521 4069 in
1541 4037 1715 4070 Discrirnine
1733 4038 1864 4071 Barbaras
1879 4049 1929 4079 per
1943 4038 2083 4072 Nationes
2089 4063 2100 4081 ,
2117 4041 2306 4075 orthodoxo⁸
2325 4051 2358 4073 H.
2377 4054 2403 4081 7.
2420 4053 2459 4075 m.-

1778 4075 1803 4107 Ε
2245 4090 2337 4120 ΝΠ),

2345 4090 2370 4112 11
