2555 4266
744 184 856 228 ET
938 187 1206 230 ACTA

37 267 168 301 Ann.D.
184 277 235 302 sut
247 268 395 311 nostrisfl‘u
409 269 538 299 differunt
551 270 698 300 Heredum
718 271 864 312 nostrorum
884 277 1022 312 Deputato
1047 273 1097 304 vel
1117 277 1242 312 Deputa-

56 307 151 345 1498..
183 315 238 349 tis,
256 313 326 340 Loco
339 308 377 343 ό·
391 311 520 338 Ὶένηιίηῐς
537 310 693 348 antedidlis,
713 311 791 340 donec
805 311 843 347 &⁶
858 312 987 352 quoufique
1001 314 1018 332 *⁶
1033 313 1106 342 dicia
1130 315 1239 341 Summa

34 349 98 372 Hen.
118 355 144 380 7.
182 349 428 384 Septingentarum
444 347 635 385 Qiadraginta
649 349 682 378 &
693 351 818 387 quinque
832 350 960 380 Millium
974 350 1157 380 Coronarum
1168 351 1239 380 Auri

35 382 55 401 *¹
76 385 131 411 XII
137 404 144 411 .
174 395 226 424 per
239 386 321 424 ipsum
335 392 417 422 nuper
432 384 542 423 Regem
560 386 704 417 Karolum
719 389 850 417 Haeredes
862 387 901 423 ό
912 391 989 418 Sum
1011 398 1067 417 ores
1083 386 1162 426 suos,
1177 385 1239 416 No-

36 423 102 455 65²9.
178 426 221 498 lg,
234 423 272 459 ὄν
285 423 447 499 Ηενειΐῐῶισ
460 423 571 464 nostris,
589 425 786 463 utpraedift‘um
801 425 856 465 est,
868 425 950 464 plene
981 442 987 448 =
1016 427 1119 463 integre
1143 424 1238 455 Soluta

199 479 204 485 -
236 466 370 491 Contenta
401 469 459 491 oret

219 499 310 530 Prout
332 501 359 528 in
388 485 487 531 Literis
509 500 777 532 Commissariorum
800 501 869 531 dieti
894 500 1071 531 Illustriffimi
1102 500 1242 539 Principis

183 541 260 575 Regis
285 537 377 568 Caroli
391 562 399 575 ,
426 539 538 575 plenam
561 541 590 569 in
615 548 648 568 ea
662 549 737 576 parte
755 540 792 570 ab
809 549 845 569 eo
861 539 1034 569 Potestatem
1053 539 1215 569 habentium
1230 562 1240 575 ,

185 576 268 607 Datis
285 577 359 615 apud
378 577 504 615 stapulas
517 576 603 616 ficpra
627 579 709 606 Mare
722 601 732 614 ‚
762 576 863 607 Tertia
887 576 947 606 Die
967 576 1072 607 Mensis
1101 576 1241 607 Novem-

184 615 262 653 bris,
275 615 306 646 ὅτ
325 625 374 653 per
391 616 515 646 eundem
535 615 783 653 Confiinguineurn
798 613 926 644 nostrum
941 617 1035 653 Regem
1047 615 1173 644 Carolum
1192 615 1241 645 sub

185 652 300 692 Magno
326 652 375 683 suo
398 654 498 693 Sigillo
523 655 597 692 apud
618 652 759 682 Mountilz
777 652 974 683 Sexiadecimii
992 653 1051 684 Die
1071 654 1243 684 Decembris

183 700 287 722 extunc
303 693 436 730 proximo
450 692 580 729 sequente
596 690 794 728 Confirmatis,
812 701 927 722 necnon
940 692 992 722 suis
1008 692 1106 722 Literis
1119 693 1243 730 superin—

184 730 220 760 de
243 730 442 768 obligatoriis,
472 730 552 760 Datis
572 728 646 766 apud
662 728 783 766 Amboys
806 729 1015 761 Tertiadecima
1041 730 1098 760 Die
1120 731 1241 768 ejusdem

185 767 295 799 Mensis
311 769 493 806 Decembris,
513 768 600 798 Anno
614 766 735 797 Domini
752 767 926 807 Millefimo,
943 767 1242 808 Qadringentefimo,

184 807 388 844 Nonagesimo
402 805 544 849 secundo,
563 804 835 849 pleniffimeliquet‚
1090 846 1096 852 .
1159 847 1164 852 1

186 844 1129 923 iiiffissiffifflssieffissgffgffijiffiffissss²ssffat55¹÷÷ss¹³cfissfiz⁶giingsss
1140 845 1244 914 ἳέἷῗῑῗὲἒ

186 926 247 953 Rex
269 922 429 952 Ludo-‚zicus
453 923 591 958 Franciae,
618 930 670 956 pro
693 920 748 956 Se,
777 923 811 952 ὃς
831 921 1015 960 Haeredibus,
1035 924 1068 954 δε
1095 922 1244 960 Affignatis

186 960 255 998 suis,
272 959 465 997 Approbavit,
483 958 663 997 Ratificavit,
680 960 713 990 ὃς
730 958 938 998 Conflrmavit,

226 998 322 1036 Atque
334 996 369 1027 ad
385 997 495 1028 fidelem
511 998 544 1028 &
558 997 682 1028 debitam
705 997 883 1028 Solutionem
897 1000 930 1029 ὅ(
947 999 1060 1030 Residui
1082 999 1115 1031 δε
1139 999 1244 1030 Restiti

187 1036 273 1067 dietae
295 1035 424 1066 Summae
443 1039 675 1074 Septingentarum
697 1036 894 1076 Qadraginta
916 1037 954 1072 ό»
973 1039 1103 1078 ‘Quinque
1122 1038 1245 1068 Millium

189 1081 357 1104 Coronarum
377 1078 453 1104 Auri
467 1098 476 1113 ‚
508 1074 591 1104 Loco
615 1075 648 1104 &
672 1075 816 1105 Terminis
832 1077 860 1105 in
881 1075 983 1106 Literis
1001 1077 1070 1107 dieti
1086 1087 1173 1114 nuper
1192 1080 1245 1106 Re-

183 1116 228 1150 gis
245 1113 337 1143 Caroli
355 1112 568 1143 Praedecefforis
582 1112 621 1143 sui
635 1112 813 1151 specificans,
840 1123 888 1150 per
906 1114 1011 1144 Literas
1026 1117 1083 1146 suas
1098 1115 1246 1152 Parentes,

187 1151 302 1189 Migno
317 1152 416 1191 Sigillo
431 1151 480 1181 suo
497 1152 633 1188 munitas,
652 1152 684 1182 &
702 1151 793 1181 Manu
807 1151 852 1182 sua
874 1151 1053 1190 subscriptas,
1070 1157 1165 1183 Datas
1191 1155 1247 1182 Pa-

188 1194 214 1220 ri
225 1201 264 1220 1us
290 1189 497 1226 quartadecima
518 1189 577 1219 Die
601 1188 710 1220 Mensis
720 1189 802 1228 julii,
825 1191 911 1220 Anno
929 1189 1050 1221 Domini
1071 1191 1244 1229 Millesimo,

226 1228 492 1266 uadringentefimo,
508 1228 706 1267 Nonagefimo
726 1229 850 1265 ottavo,
866 1228 903 1258 Se
923 1228 959 1258 de
979 1229 1076 1261 Novo
1097 1229 1247 1260 Haeredes-

210 1278 244 1297 ue
269 1268 301 1298 ὃς
324 1267 504 1298 Successores
522 1267 582 1297 suos
604 1266 740 1296 Astrinxit
761 1267 793 1297 ὃ(
813 1266 975 1306 obligavit,
994 1270 1120 1307 proutin
1145 1268 1247 1300 Literis

185 1278 243 1337 suis
260 1305 375 1343 destper
390 1303 529 1336 confeetis
545 1305 653 1343 plenius
666 1306 837 1335 continetur.

228 1343 264 1374 Et
285 1346 348 1382 quia
367 1343 463 1373 Prima
481 1342 552 1373 Dies
573 1343 680 1373 Mensis
704 1343 904 1381 Novembris,
919 1353 983 1382 quae
1004 1345 1056 1375 erit
1071 1345 1246 1374 Duodecimus

186 1386 325 1413 Tem-inus
341 1382 478 1412 <dationis
489 1381 634 1411 antedic‘lae
645 1405 654 1419 ,
672 1382 700 1410 in
716 1392 769 1419 qua
795 1381 911 1412 Summa
933 1385 1039 1420 Viginti
1057 1381 1094 1416 &-
1117 1384 1248 1422 Quinque

187 1421 311 1451 Millium
323 1424 486 1450 Francorum
498 1424 527 1450 in
540 1424 646 1449 Coronis
659 1423 735 1449 Auri·
744 1443 754 1457 ,
772 1421 801 1450 in
816 1421 950 1457 praedict-ci
964 1420 1036 1451 Villa
1052 1421 1146 1451 nostra
1164 1421 1247 1452 Cale-

186 1460 236 1497 fii,
257 1469 287 1490 ut
300 1460 494 1497 praemittitur,
511 1458 581 1488 solvi
595 1459 694 1488 debeat
708 1458 860 1495 (videlicet)
878 1460 965 1489 Anno
983 1459 1105 1489 Domini
1127 1458 1246 1489 Millesi-

189 1498 282 1536 fimo,
309 1496 612 1536 Qiadringentesimo,
641 1497 842 1534 Nonagefimo
862 1498 969 1529 octavo
985 1521 995 1536 ,
1019 1497 1184 1537 propediem
1206 1498 1246 1529 est

189 1545 323 1574 ventura,

223 1575 307 1605 Hinc
326 1573 366 1604 est
379 1575 459 1612 quod
476 1573 562 1612 Nos,

226 1613 276 1643 De
293 1613 482 1643 Fideliiatibus
499 1635 509 1650 ,
534 1612 694 1650 Industriis,
721 1612 754 1643 &
772 1613 898 1650 providis
915 1612 1247 1652 circumspectionibus,

188 1650 374 1682 Dilectorum
389 1652 421 1681 δε
437 1651 460 1681 F
462 1651 574 1681 idelium
592 1651 826 1681 Consiliariorum
842 1651 1004 1682 nostrorum
1041 1653 1150 1682 Rt'cardi
1164 1655 1247 1681 Nan-

179 1689 240 1730 fan
256 1689 356 1720 Militis
373 1689 507 1729 Deputati
525 1690 758 1719 Locumtenentis
770 1690 853 1720 Villae
874 1690 977 1720 nostrae
998 1674 1116 1728 (fialesii,
1133 1690 1246 1729 Johan-

187 1732 232 1759 nis
251 1726 420 1758 virberville
445 1726 482 1757 M
494 1728 546 1757 litis
566 1728 741 1758 Thefimrarii
764 1728 884 1765 ejusdem
899 1728 999 1766 Villae,
1018 1732 1139 1759 Antonii
1153 1732 1246 1759 Broun

187 1766 292 1798 Militis
305 1765 510 1796 Constabularii
522 1764 612 1796 Castri
629 1765 718 1796 nostri
731 1766 854 1804 ibidem,
869 1769 994 1796 Aariani
1007 1770 1049 1797 W
1048 1766 1150 1797 hetehil
1161 1766 1246 1797 Con-

188 1804 388 1836 trarotulatoris
401 1803 487 1834 dit‘tae
503 1801 602 1841 Villie,
618 1804 755 1843 Radulphi
769 1804 948 1844 Lathom,&
963 1805 1098 1846 Francisci
1113 1808 1248 1845 Marzen,

188 1843 437 1882 quamplurimum
452 1841 628 1873 confidentes
635 1867 644 1877 ,

228 1881 305 1918 Ipsos
319 1880 431 1911 nostros
449 1890 530 1911 vero<
546 1881 578 1911 &
599 1880 768 1911 indubitatos
783 1880 1016 1921 Commiffarios,
1033 1883 1248 1921 Procuratores,

189 1919 339 1958 Fa&ores,
359 1918 558 1955 Negotiorum
578 1918 733 1956 Gestores,
754 1919 946 1959 Receptores,
965 1921 997 1951 &
1019 1920 1177 1959 Deputatos
1196 1922 1249 1951 Fa-

191 1959 284 1989 cimus
299 1982 309 1995 ,
336 1956 565 1995 Constituimus‚
588 1956 780 1997 ordinamus,
806 1959 839 1990 &
859 1958 1038 1997 Deputamus
1053 1969 1102 1997 per
1124 1959 1248 1992 Praesen-

190 2004 244 2032 tes,

227 2035 338 2066 Dantee
355 2034 458 2066 eisdem
478 2034 634 2074 Qinque,
651 2035 802 2074 Quatuor,
819 2043 866 2066 aut
882 2035 988 2067 Tribus
1003 2037 1171 2068 eorumdem
1186 2036 1244 2074 ple-

187 2084 274 2113 nam,
292 2074 411 2105 Tenore
426 2073 626 2111 Praesentium,
640 2073 813 2105 Potestatem
825 2075 858 2104 δε
874 2074 1079 2106 Αυᾶὶοῐίῑαιειτ]
1089 2098 1098 2113 ,
1111 2085 1144 2106 ac
1161 2075 1247 2105 Man-

187 2112 286 2150 datum
313 2112 428 2150 speciale
453 2121 520 2143 cum
540 2111 746 2142 Commiffariis
759 2135 768 2150 ,
792 2111 1022 2144 Procuratoribus
1035 2137 1044 2150 ,
1072 2113 1220 2151 Deputatis
1234 2137 1244 2152 ,

187 2151 245 2182 five
269 2152 302 2181 N
306 2152 396 2181 unciis
422 2151 490 2181 dieti
507 2149 684 2180 Illustriffitni
703 2149 841 2188 Principis
860 2151 961 2181 Fratris
979 2153 1011 2183 &
1032 2151 1245 2189 Consanguinei

186 2190 276 2219 nostri
296 2192 373 2228 Regis
391 2189 531 2218 Lodowiii
547 2191 686 2226 Franciae,
707 2189 780 2226 apud
798 2190 902 2219 dietam
922 2189 1025 2220 Villam
1042 2190 1166 2220 nostram
1186 2190 1246 2222 Ca-

186 2228 261 2265 lesii,
281 2228 418 2258 Nomine
436 2227 551 2265 nostro,
571 2226 724 2258 Tractandi
744 2228 776 2258 δε
796 2227 1061 2266 Communicandi,
1079 2230 1112 2258 &
1131 2230 1166 2259 ab
1185 2230 1246 2266 iplis

187 2265 297 2296 dietam
320 2266 472 2297 Summam
498 2269 604 2303 Viginti
622 2265 660 2301 ὠ·
682 2267 810 2306 ¹Quinque
828 2265 950 2295 Millium
967 2269 1129 2296 Francorum
1151 2270 1180 2297 in
1197 2271 1247 2298 Co-

188 2309 262 2336 ronis
284 2308 360 2335 Auri
390 2306 581 2344 (unoquoque
600 2304 711 2335 Franco
731 2304 842 2340 Viginti
862 2304 974 2335 Solidos
992 2304 1171 2336 Turoneiises
1183 2328 1192 2344 ,
1216 2315 1248 2337 ut

187 2344 388 2382 praemittitur,
407 2343 526 2380 valente)
547 2343 646 2374 Nobis
662 2342 742 2372 dicto
757 2341 859 2373 Primo
877 2342 936 2372 Die
952 2343 1129 2374 Novembris
1144 2354 1192 2382 pei·
1205 2345 1247 2383 ip-

187 2382 252 2412 sum
271 2381 524 2419 Consanguineum
542 2381 671 2412 nostrum
691 2381 864 2411 Lodowicum
879 2384 973 2419 Regem
988 2382 1109 2412 Franciae
1122 2382 1246 2413 debitam

187 2421 221 2452 &
237 2419 418 2455 solvendam,
438 2419 625 2458 Recipiendi‚
644 2420 678 2450 δε
696 2429 796 2450 eorum
816 2420 975 2450 Solutiones
993 2421 1166 2458 Acceptandi
1177 2446 1186 2459 ‚
1201 2423 1244 2459 ip-

188 2459 307 2496 sumque
322 2457 535 2489 Sereniffimum
555 2457 717 2495 Principem
731 2458 904 2488 Lodowicum
922 2458 1018 2489 Consa
1041 2461 1175 2490 vuineum
1192 2470 1246 2490 no-

189 2496 281 2527 strum
300 2497 332 2527 &
347 2496 454 2527 dictam
474 2497 624 2527 Summam
642 2497 790 2527 Solventes
807 2497 842 2526 de
860 2496 1019 2534 hujusmodi
1069 2498 1172 2535 eceptis
1188 2498 1246 2529 Ac-

189 2535 334 2573 quietandi
355 2536 388 2565 &
406 2535 601 2571 Exonerandi,
620 2544 703 2572 atque
722 2534 829 2565 Literas
848 2535 904 2565 suas
923 2535 1127 2572 Acquietantiae
1142 2539 1175 2566 &
1189 2536 1247 2566 Ex-

187 2574 359 2604 onerationis
371 2573 540 2604 eorumdem
555 2573 754 2609 conficiendi,
773 2572 895 2610 ipsasque
914 2573 1018 2603 Literas
1035 2582 1117 2612 atque
1138 2575 1246 2606 nostras

187 2612 395 2649 Aequietantiae
415 2612 448 2642 &
474 2611 690 2642 Exonerationis
708 2611 882 2648 hujusmodi,
902 2611 1016 2648 Magno
1032 2612 1133 2648 Sigillo
1146 2613 1245 2644 nostro

187 2650 325 2687 sigillatas,
347 2651 466 2687 praefitis
487 2648 714 2686 Commiffariis,
742 2649 989 2688 procuratoribus,
1018 2649 1166 2686 Deputatis
1189 2652 1246 2682 sive

186 2686 315 2718 Nunciis
327 2688 454 2725 praedidti
469 2687 571 2718 Fratris
584 2690 616 2719 &
641 2687 850 2727 Consanguinei
868 2688 975 2726 nostri,
992 2687 1127 2719 Nomine
1147 2690 1246 2721 nostro

185 2734 270 2765 atque
283 2726 334 2756 suo
345 2749 354 2764 ,
373 2725 518 2756 Tradendi
532 2727 566 2758 &
581 2725 783 2765 Deliberandi‚

223 2764 392 2803 Caeteraque
407 2763 560 2804 Faciendi,
576 2765 640 2796 &a

222 2802 427 2834 Promittentes
436 2826 446 2841 ,
461 2804 522 2834 &c.

185 2877 511 2986 erLIr‘les‘ttle'uifeg‘gcapud
535 2913 808 2958 Wstmonasterium‚
829 2918 966 2951 vicefimo
990 2920 1067 2952 sexto
1080 2921 1138 2953 Die
1153 2921 1248 2953 Οέὶο-

819 3035 872 3064 Per
887 3034 969 3074 ipfian
985 3038 1088 3074 Regem.

41 3190 62 3211 t
83 3191 153 3218 XII·
401 3170 424 3194 ’ἕ
449 3174 508 3205 Pro
529 3170 605 3204 ditio
627 3171 782 3206 Ludovico
805 3175 1033 3221 Aequietantiae.

41 3239 119 3299 lienosi.
134 3266 173 3297 Dr
190 3262 311 3320 REX
326 3265 459 3296 universis
471 3267 504 3298 ὅτ
521 3265 650 3306 singulis,
667 3263 701 3297 ad
717 3276 802 3304 quos,
820 3268 879 3299 &e
897 3264 1032 3299 Salutem

63 3306 151 3344 1498.
297 3303 396 3334 Sciatis
414 3303 482 3333 Nos
502 3305 628 3344 Recepiffi
647 3306 679 3336 &
698 3305 843 3345 Habuiffi,
871 3305 928 3336 Die
947 3306 1148 3336 Confec'tionis
1166 3306 1243 3337 Prae-

39 3347 94 3372 An.
116 3355 157 3381 ¹4·
186 3339 329 3379 sentium,
353 3342 389 3372 ab
414 3341 602 3373 Illustriffimo
629 3342 838 3382 Cariffimoque
858 3344 952 3375 Fratre
970 3346 1002 3375 &
1019 3344 1242 3383 consanguineo

42 3387 78 3410 H.
95 3392 122 3417 7.
185 3377 286 3409 nostro
303 3383 373 3418 Rege
391 3380 535 3410 Lodowico
555 3381 696 3412 Gallorum
714 3385 849 3421 Principe,
869 3393 915 3420 per
934 3382 1040 3413 Manus

39 3424 177 3456 franensi..
592 3421 666 3457 apud
683 3419 788 3451 Villam
805 3420 927 3451 nostram
946 3420 1062 3458 Calesii,
1080 3424 1186 3459 Viginti
1205 3421 1243 3457 &-

39 3462 76 3485 H.
97 3469 122 3494 7.
202 3458 298 3495 uirique
326 3456 425 3486 Millia
447 3460 610 3487 Francorum
635 3461 664 3488 in
688 3462 797 3489 Coronis
824 3462 900 3489 Auri
920 3460 1114 3498 (unoquoque
1133 3460 1244 3490 Franco

39 3506 77 3526 m.
102 3499 146 3526 26.
218 3495 297 3532 iginti
323 3495 435 3525 Solidos
457 3496 637 3527 Turonenses
661 3497 790 3534 valente)
818 3498 916 3528 Nobis
942 3498 1041 3528 Prima
1060 3498 1117 3528 Die
1136 3498 1245 3529 Mensis

186 3531 369 3563 Novembris
385 3533 473 3564 Anno
489 3534 614 3565 Domini
633 3534 790 3566 Millesimo
806 3559 816 3574 ,
843 3536 1127 3576 Quadringentesimo
1141 3560 1150 3574 ,
1174 3537 1243 3566 No-

183 3570 333 3606 nagesimo
349 3571 456 3602 octavo
472 3572 544 3604 solvi
561 3573 737 3612 debitorum,
760 3585 823 3612 quse
840 3584 896 3606 erat
914 3575 1093 3613 Duodecimus.
1106 3578 1242 3605 Terminus

181 3618 236 3646 pro
256 3609 338 3639 Parte
356 3609 510 3640 Solutionis
525 3615 754 3649 Septingentarum
771 3613 970 3653 ,Quadraginta
990 3613 1027 3648 (ἐν
1045 3617 1158 3654 quinque
1170 3613 1242 3643 Mil-

179 3647 247 3690 lium
265 3650 430 3676 Coronarum
448 3650 524 3678 Auri
541 3658 608 3686 per,
627 3649 782 3681 Perhennis
802 3650 977 3688 Memoriae,
1002 3654 1098 3689 Regem
1115 3651 1241 3681 carolum

177 3684 332 3716 noviffime
358 3684 536 3716 Defunctum
564 3686 663 3717 Nobis
681 3687 840 3719 debitarum
860 3688 892 3718 ὃ(
911 3688 1106 3721 solvendarum
1121 3712 1130 3728 ,
1156 3699 1239 3727 prout

177 3724 208 3754 in
234 3723 332 3754 Literis
356 3722 628 3755 Commissariorum
654 3724 779 3761 eiusdem
804 3724 977 3756 Illustriffimi
1006 3727 1146 3766 Principis
1163 3731 1239 3765 Regis

177 3761 271 3791 Caroli
295 3761 410 3799 plenam
433 3762 462 3791 in
488 3771 520 3791 ea
541 3770 617 3798 parte
635 3763 670 3793 ab
689 3774 724 3794 eo
745 3763 917 3794 Potestatem
941 3764 1106 3797 habentium
1123 3790 1132 3805 ,
1158 3766 1240 3797 Datis

177 3800 252 3838 apud
264 3798 388 3838 stapulas
398 3798 483 3837 fiipra
508 3803 590 3829 Mare
608 3801 710 3832 Tertia
728 3801 787 3831 Die
808 3801 916 3832 Mensis
929 3802 1121 3842 Novembris,
1137 3805 1170 3834 &
1187 3815 1237 3842 per

180 3838 303 3869 eundern
318 3837 570 3876 Consanguineum
584 3838 714 3869 nostrum
727 3842 823 3876 Regem
840 3840 962 3869 Carolum
979 3840 1029 3871 sub
1056 3841 1167 3881 Magno
1190 3843 1239 3873 suo

181 3875 281 3914 Sigillo
298 3876 372 3914 apud
391 3875 534 3906 Mountilz
549 3876 745 3907 Sexradecimi
759 3878 816 3907 Die
832 3877 1004 3908 Decembris
1019 3888 1122 3910 extunc
1147 3883 1239 3919 proxi-

182 3915 237 3943 mo
252 3915 384 3952 sequente
398 3914 581 3945 Confirmatis
591 3937 601 3952 ,
619 3923 735 3945 necnon
752 3915 852 3946 Litetis
865 3915 915 3946 suis
931 3916 1076 3953 superinde
1091 3919 1239 3953 obligato-

181 3951 244 3988 riis,
260 3952 342 3983 Datis
354 3953 427 3992 apud
437 3952 569 3991 Amboffe
592 3952 806 3984 Tertiadecima
828 3953 885 3983 Die
908 3954 1031 3990 ejusdem
1054 3952 1240 3988 Menfis‘De-

179 3990 320 4027 cembris,
337 3991 425 4021 Anno
447 3991 570 4021 Domini
584 3990 758 4030 Millesimo‚
777 3990 1064 4031 Quadringentesimo
1070 4017 1081 4033 ,
1098 3995 1238 4034 Nonagea

178 4027 251 4058 fimo
266 4026 389 4058 secundo
406 4028 566 4067 plenissime
584 4029 691 4067 liquet,

217 4065 305 4133 (ἒξ.
314 4066 554 4135 ςὲίἀὲηῶίῑεῐεε
567 4077 599 4099 ac
612 4069 709 4098 omnia
725 4067 758 4099 &
771 4067 874 4107 singula
887 4076 1020 4102 contenta
1032 4069 1062 4102 in
1076 4070 1181 4104 eisdem
1204 4071 1242 4102 11-

1289 187 1321 228 P
1359 190 1404 232 U
1443 191 1476 233 B
1514 193 1547 234 L
1584 194 1604 236 I
1641 195 1679 237 C
1718 197 1767 239 A:
2266 220 2284 249 ι
2291 220 2341 263 31

1285 272 1457 307 lustriffimus
1474 278 1609 318 Princeps
1624 284 1684 311 Rex
1697 283 1856 314 Lodowicus
1871 283 2102 324 Confineuineiis
2117 287 2211 322 noster
2229 293 2334 324 antedi·
2356 291 2428 322 Ann.
2438 289 2482 325 D:

1283 311 1432 382 ξὶςιὲἱῖῑρὲιζ)
1445 316 1712 383 ἓξῆᾗῌεςτεᾴὶὺυε,
1730 323 1763 353 &
1787 322 1937 361 Affignaiis
1953 325 2022 366 suis,
2041 328 2234 368 Approbavit,
2255 330 2332 362 Rati·
2380 331 2465 368 1498·

1535 366 1658 397 rmawt,
2354 373 2416 397 Hm.
2437 378 2465 405 7e

1318 385 1357 417 At
1379 398 1413 418 ue
1437 391 1469 420 ad
1496 392 1606 424 fidelem
1751 399 1755 403 ’
1927 402 1933 407 ”
2233 406 2238 411 “

1283 397 1399 470 Βςῇἓω
1418 427 1450 456 &
1470 428 1570 461 Restm
1586 398 1670 464 (1ίᾶὃὲ
1691 396 1817 430 debitam
1841 399 2021 446 Solutionem
2046 404 2080 435 &
2104 404 2330 472 subactionem

1282 474 1395 515 quicnque
1413 465 1537 512 Millium
1550 473 1710 502 Coronarum
1728 478 1805 503 Auri
1820 498 1829 512 ,
1858 477 1942 507 Loco
1960 480 1993 509 &
2016 479 2154 511 I'ermiiiis
2172 482 2200 510 in
2228 482 2330 513 Literis

1283 503 1353 531 dicti
1372 511 1461 539 nuper
1476 506 1551 540 Regis
1566 508 1654 537 Caroli
1674 510 1882 544 Praedecessoris
1900 515 1938 544 sui
1962 516 2122 552 specificans
2139 541 2148 557 ,
2176 529 2223 557 per
2251 520 2329 551 Lite·

1284 540 1400 582 ras-suas
1419 539 1567 578 Patentes,
1594 544 1703 589 Magno
1719 549 1816 588 Sigillo
1834 551 1883 582 suo
1903 556 2022 585 munitas
2040 557 2072 585 &
2092 555 2183 587 Manu
2203 558 2249 588 sua
2267 559 2330 589 sub-

1285 576 1394 622 scriptas
1407 601 1419 622 ‚³
1448 578 1534 622 Data}
1552 582 1668 621 Parifius
1688 586 1906 628 Quartadecimfi
1924 590 1983 621 Die
2001 591 2105 623 Mentis
2126 595 2195 633 Julii
2210 619 2219 634 ,
2246 596 2333 628 Anno

1287 615 1413 646 Domini
1431 616 1603 656 Millehmo,
1622 621 1918 667 Quadringentesimo,
1936 629 2131 668 Nonagesimo
2149 635 2253 664 octavo
2295 636 2332 666 Se

1286 654 1328 723 det
1344 664 1426 685 novo
1452 655 1644 695 l-laeredesque
1669 659 1702 690 &
1723 660 1899 695 Succeffores
1923 667 1985 697 suos
2011 669 2144 701 Astrinxit
2163 674 2195 703 ὃ(
2215 658 2334 713 Obliga-

1287 703 1315 724 vi
1333 715 1342 730 ,
2332 705 2335 709 ’

1323 731 1453 776 Ρτουῑᾴῃ
1474 732 1573 777 Literis
1588 733 1639 764 suis
1653 734 1768 773 desuper
1784 738 1918 770 confestis
1929 742 2037 778 plenius
2053 749 2211 778 continetur

1326 769 1374 816 De
1391 771 1491 816 quibus
1504 771 1618 808 quidem
1635 775 1663 801 V
1663 776 1742 818 iginti
1756 774 1794 809 ὁ·
1806 780 1917 816 quinque
1930 781 2051 812 Millibus
2063 773 2229 816 Francorum,
2237 791 2265 818 in
2282 791 2335 818 Coss

1287 816 1357 838 roms
1375 812 1449 838 Aura
1464 809 1595 840 Fatemur
1611 810 1710 842 Nobis
1725 812 1839 843 fideliter
1852 816 1909 844 eise
1922 815 2050 849 Solutum
2062 844 2070 858 ‚
2088 823 2121 852 &
2137 825 2255 855 eundem
2269 826 2335 857 Fra-

1287 854 1364 877 trem
1386 849 1420 878 &
1443 847 1697 891 Conlanguineum
1720 851 1847 882 nostrum
1871 856 1966 890 Regem
1981 858 2149 889 Lodawicum
2163 862 2335 903 Haeredesq··

1289 887 1352 954 suos
1365 885 1517 954 superine-gek
1525 887 1586 917 fore
1601 887 1724 926 Qietos
1734 913 1744 926 ,
1763 891 1796 921 &
1809 890 1908 921 exinde
1923 892 2005 929 plene
2020 893 2199 930 Exoneratos.
2322 889 2333 901 ⁷

1341 934 1360 953 n
1373 933 1466 962 cujus,
1509 933 1545 955 ἐ.

1326 962 1415 993 Teste
1428 962 1509 1002 Rege
1527 964 1600 1003 apud
1615 964 1890 1007 Wllmonasterium,
1907 969 2015 1001 octavo
2028 969 2088 1002 Die
2103 971 2293 1013 Novembrisi'

1945 1047 1998 1076 Per
2012 1044 2095 1085 ipftm
2109 1051 2214 1087 Regem.

1418 1171 1467 1201 De
1490 1168 1671 1213 Concordia,
1696 1182 1764 1203 cum
1791 1174 1923 1205 Civitate
1947 1175 2046 1219 Riga,
2069 1175 2206 1213 ineunda.

1291 1254 1405 1310 REX
1422 1255 1587 1300 OmnibuS,
1605 1259 1639 1289 ad
1655 1269 1741 1299 qum,
1760 1260 1821 1292 &c.
1839 1262 1971 1293 Salutem.
2360 1269 2436 1300 Ann.
2448 1267 2491 1299 D:

1322 1329 1327 1334 .
1382 1298 1479 1339 &cratis
1491 1297 1572 1333 qubd
1588 1297 1672 1335 Nos,
1687 1307 1739 1334 pro
1759 1299 1924 1331 Concordia
1939 1303 1972 1332 &
1986 1300 2062 1332 Pace
2075 1302 2187 1335 decenti
2201 1304 2235 1336 &
2252 1306 2342 1340 hone-
2381 1309 2467 1347 1498.

1291 1327 1332 1359 sta
1345 1335 1547 1371 conc1p1enda,
1567 1336 1775 1374 pertraetanda,
1793 1340 1825 1369 ὃ(
1841 1339 1962 1370 ineunda
1974 1363 1983 1376 ,
2360 1351 2411 1374 Aa.
2431 1358 2473 1383 ¹4·

1328 1368 1377 1400 De
1395 1373 1427 1402 δε
1442 1372 1521 1409 super
1540 1372 1733 1413 Differentiis,
1752 1376 1882 1415 Litibus,
1899 1379 1931 1408 δε
1953 1377 2196 1420 Disceni'ionibus,
2213 1384 2340 1415 occasio·
2361 1391 2395 1413 Η.
2413 1394 2439 1420 7.

1289 1416 1325 1436 ne
1342 1414 1526 1454 quarumdam
1544 1413 1739 1449 praetensarum
1759 1414 1944 1446 Ablationum
1962 1416 1995 1446 &
2014 1416 2266 1457 Depraedationum
2283 1433 2341 1453 cer·
2360 1424 2424 1450 Ibid-

1291 1454 1381 1475 tarum
1407 1448 1539 1479 Navmm
1566 1460 1678 1481 necnon
1704 1451 1814 1482 Rerum
1839 1455 1871 1484 ὃς
1900 1454 2083 1486 Personarum
2107 1457 2339 1498 diversorumque
2357 1472 2392 1490 m.
2408 1469 2453 1496 ις.

1290 1481 1436 1529 Bonorum
1455 1487 1488 1530 ad
1509 1486 1664 1530 Civitatem
1684 1488 1841 1525 Rigenl'em
1860 1492 1996 1522 Nationis
2018 1494 2210 1527 Theotonieae
2236 1500 2270 1530 &
2295 1501 2338 1538 ip-

1289 1521 1347 1591 tsiffe
1363 1522 1493 1567 Civitatis
1510 1524 1613 1564 Cives,
1629 1526 1822 1568 Mercatores,
1839 1531 1872 1561 ὅ(
1887 1531 2004 1570 Socios,
2021 1542 2054 1563 ut
2067 1535 2267 1575 praetenditur,
2279 1548 2342 1577 per-

1348 1571 1461 1599 ntium,

1327 1598 1402 1644 Inter
1416 1600 1542 1645 Nobiles
1558 1600 1756 1646 Progenitores
1778 1604 1904 1644 nostros,
1928 1607 2032 1646 Ligeos
2051 1609 2085 1640 <Sc
2107 1610 2239 1642 Subditos
2259 1613 2341 1653 hujus

1291 1636 1492 1683 Regni-nostri
1511 1640 1638 1678 Angliae,
1658 1643 1689 1672 &
1707 1644 1927 1680 circumspeCmS
1944 1648 2183 1678 commendabiles
2198 1652 2230 1680 ὃ(
2245 1655 2341 1688 provi-

1291 1676 1342 1706 dos
1362 1676 1445 1708 Viros
1459 1677 1575 1716 ejusdem
1596 1683 1729 1710 Civitatis
1747 1681 2005 1722 Archipraefec‘ffum,
2020 1685 2334 1726 Proconfiaeles,Con]iales

1290 1718 1422 1754 Seniores,
1442 1717 1474 1747 &
1491 1720 1698 1748 communitates
1712 1721 1797 1758 onge
1811 1730 1876 1751 ante
1889 1722 1952 1753 haec
1968 1731 2096 1760 tempora
2118 1727 2218 1756 exortis
2239 1728 2271 1758 ὃ(
2292 1715 2345 1759 aid-¹

1292 1754 1348 1784 huc
1364 1755 1550 1792 pendentibus
1566 1755 1711 1794 Indecifis,

1330 1791 1379 1837 De
1392 1793 1597 1832 Fidelitatibus‚
1616 1796 1794 1833 providisque
1807 1796 2118 1835 Circumspectionibus
2133 1802 2165 1832 &
2181 1801 2346 1843 Industriis‚'

1290 1830 1522 1862 Praediletstorum
1536 1833 1570 1863 &
1588 1833 1724 1863 Fidelium
1743 1834 1971 1867 Consiliariorum
1987 1837 2147 1868 nostrorum
2184 1840 2345 1875 Reverendi

1292 1870 1321 1898 in
1344 1869 1460 1900 Christo
1478 1870 1565 1901 Patris
1586 1871 1693 1901 ηοω»
1709 1873 1900 1903 Lanuuinus
1913 1875 2051 1914 Episcopi,
2072 1878 2103 1906 sc
2121 1863 2249 1913 Μῗψῑῑὶῑῑ
2267 1882 2343 1910 Wil-

1290 1907 1372 1937 lielmi
1388 1908 1520 1939 Warham
1540 1912 1642 1946 Legum
1662 1911 1788 1940 Dacians
1811 1911 1839 1942 C
1885 1913 1945 1944 odis
1965 1914 2140 1945 Rotulorum
2164 1916 2345 1951 Cancellariae

1292 1946 1394 1977 nostrae
1411 1947 1518 1984 plenius
1535 1948 1724 1986 confidentes,
2344 1959 2347 1961 ’

1328 1984 1403 2023 Ipsos
1424 1986 1537 2016 nostros
1560 1997 1642 2017 veros
1665 1988 1699 2018 &
1727 1987 1896 2021 indubitatos
1913 1989 2047 2022 Oratores
2061 2016 2070 2028 ,
2099 1991 2344 2036 Commiffirios‚'

1292 2023 1515 2068 Procuratores,
1543 2024 1762 2057 Ambaffi.it0res
1777 2051 1786 2063 ,
1813 2028 1847 2058 ὃς
1875 2028 2011 2059 Nuncios
2036 2030 2161 2067 speciales
2187 2033 2342 2073 Facimus,

1291 2061 1515 2100 Constituimus,
1534 2062 1731 2104 Deputamus,
1749 2064 1887 2097 Creamus
1895 2089 1905 2105 ,
1919 2067 1951 2098 ὃ(
1967 2067 2140 2099 Ordinamus
2155 2080 2203 2108 per
2221 2070 2344 2103 Praelen·

1289 2108 1331 2131 tes

1330 2124 1438 2170 bantes
1455 2141 1489 2172 ὃς
1507 2139 1706 2173 Concedentes
1724 2143 1762 2173 eis
1780 2143 1909 2182 plenam,
1929 2144 2047 2175 Tenore
2063 2146 2261 2186 Praesentium,
2284 2148 2346 2181 Ρο-

1291 2178 1419 2208 testatem
1439 2180 1471 2210 &
1494 2179 1719 2218 Auctoritatem,
1737 2191 1769 2211 ac
1789 2181 1958 2213 Mandatum
1976 2185 2102 2222 generale
2121 2187 2153 2217 δε
2173 2187 2191 2204 *
2213 2187 2343 2226 speciale²
2361 2183 2381 2203 *
2400 2185 2470 2214 XIL'

1291 2226 1342 2254 pro
1363 2216 1462 2247 Nobis
1480 2219 1514 2249 ὃς
1532 2218 1667 2250 Nomine
1684 2219 1800 2256 nostro,
1817 2230 1887 2250 curn
1905 2222 2022 2258 praefatis
2034 2223 2263 2263 Arclnpraeftc‘lo,
2275 2228 2343 2256 Pro·
2360 2232 2425 2259 70¹·

1291 2254 1454 2295 consulibus,
1481 2256 1631 2299 Consulibus
1645 2280 1655 2296 ,
1682 2258 1716 2288 δε
1734 2258 1882 2288 Senioribus
1900 2261 1980 2289 dic'ffae
1997 2264 2128 2291 Civitatis
2143 2263 2259 2303 Rigenfis
2271 2287 2280 2301 ,
2307 2275 2342 2296 ac

1289 2297 1485 2324 Communitate
1504 2298 1626 2331 ejusdem
1643 2319 1653 2334 ,
1674 2306 1813 2327 eorumve
1828 2297 2013 2329 Procuratore
2030 2300 2076 2329 vel
2094 2300 2343 2341 procuratoribus,

1291 2332 1448 2371 Αξὶοῐυιῃ,
1467 2333 1638 2372 Factorum,
1663 2334 1697 2364 &
1713 2334 1915 2371 Negotiorum
1934 2336 2044 2366 suorum
2063 2337 2187 2368 Gestore
2208 2349 2255 2370 aut
2279 2341 2343 2371 Ge-

1292 2369 1412 2401 storibus
1425 2393 1435 2407 ,
1459 2372 1492 2402 &
1519 2371 1642 2402 Nuncio
1662 2372 1718 2402 five
1737 2372 1864 2403 Nunciis
1877 2397 1886 2411 ,
1915 2374 2099 2406 sufficientem
2118 2377 2288 2408 Potestatem
2309 2380 2344 2411 &

1291 2408 1499 2440 Au6toritatem
1517 2410 1552 2440 ab
1571 2411 1673 2440 eisdem
1689 2410 1918 2451 Archipraeftc‘lo,
1937 2414 2151 2453 Proconsulibus,
2173 2416 2342 2455 Consulibus,

1289 2447 1450 2485 Senioribus,
1470 2448 1501 2478 δε
1519 2452 1713 2478 Communitate
1726 2450 1760 2479 ad
1774 2450 1830 2479 hoc
1845 2451 1965 2480 habente
1981 2452 2025 2481 vel
2048 2454 2211 2484 habentibus
2223 2477 2232 2491 ,
2249 2455 2284 2485 de
2307 2457 2341 2487 δε

1289 2485 1367 2523 super
1383 2485 1597 2517 Praemifforum
1615 2487 1747 2518 Navium
1765 2488 1876 2518 Rerum
1892 2489 1924 2519 δε
1938 2488 2083 2520 Bonorum
2100 2493 2239 2528 praetenlis
2255 2494 2343 2525 Abla-

1290 2525 1412 2555 tionibus-
1427 2524 1459 2554 &
1478 2524 1760 2563 Depraedationibus‚
1778 2535 1892 2556 necnon
1908 2526 1944 2556 de
1959 2528 1991 2558 ὅ(
2007 2527 2086 2566 super
2104 2530 2281 2568 Excessibus,
2292 2532 2343 2562 Li-

1289 2563 1380 2600 tibus,
1399 2562 1619 2602 Controversiis,
1638 2564 1883 2602 Discensionibus,
1902 2564 2029 2604 injuriis,
2047 2567 2079 2597 &
2094 2567 2250 2607 Dariipnis²
2264 2569 2341 2600 Prae-

1289 2601 1438 2631 mistorum
1455 2602 1664 2641 occalionibuS,
1681 2602 1940 2641 Communicandi,
1956 2603 2128 2644 Tractandi,
2150 2606 2341 2639 concordan-

1288 2639 1334 2677 di,
1352 2639 1532 2679 Paciscendi,
1550 2642 1582 2671 ὅ(
1602 2640 1807 2679 Transigendi,

1325 2677 1537 2716 Concordiam,
1555 2679 1694 2715 Paestum,
1712 2679 1767 2710 live
1784 2678 2022 2711 Trmsaetionem
2039 2680 2166 2711 Vallandi
2180 2683 2212 2713 &
2236 2683 2342 2716 Robo-

1288 2716 1384 2753 randi,
1400 2717 1433 2747 &
1449 2727 1482 2746 ex
1497 2717 1613 2748 adverso
1630 2717 1771 2747 Roborari
1785 2718 1917 2756 videndi,
1934 2719 1966 2749 &
1987 2718 2021 2748 ad
2044 2719 2182 2750 effectum
2207 2721 2342 2753 Concor..

1288 2754 1342 2785 diae
1361 2755 1394 2784 &
1416 2754 1495 2786 Pacis
1517 2755 1737 2793 interveniendi,
1755 2756 1787 2786 ὃ(
1802 2766 1862 2786 non
1876 2756 1953 2787 aliter
1967 2755 2109 2795 Dicendi,
2126 2758 2269 2799 Gerendi,
2285 2761 2341 2793 Ei<-

1291 2793 1440 2832 cercendi,
1457 2795 1489 2824 &
1507 2793 1692 2831 Procurandi,

1331 2831 1377 2862 Ac
1392 2834 1479 2863 etiam
1492 2833 1527 2862 ab
1545 2832 1648 2862 eisdem
1668 2831 1881 2871 Archspriefeflo
1896 2856 1906 2871 ,
1931 2832 2131 2872 Procorfilibus
2170 2836 2345 2877 Confidibusg

1291 2870 1457 2908 Senioribus,
1476 2872 1508 2901 ὃς
1527 2873 1739 2907 Communitate,
1767 2880 1904 2901 eorumve
1919 2871 2108 2902 procuratore
2138 2883 2183 2902 ive
2200 2874 2341 2906 Procura-

1290 2910 1411 2946 toribus,
1440 2909 1600 2945 Auorum,
1627 2908 1800 2945 Factorum,
1817 2910 1851 2940 &
1869 2908 2065 2947 Negotiorum
2084 2911 2196 2940 suorum
2216 2911 2341 2944 Gestore

1290 2947 1336 2978 seu
1358 2946 1526 2977 Gestoribus
1542 2970 1551 2985 ,
1577 2956 1611 2976 ac
1630 2945 1752 2976 Nuncio
1772 2946 1818 2976 vel
1837 2946 1958 2977 Nunciis
1975 2947 2112 2984 praedielis
2127 2970 2135 2985 ,
2163 2949 2264 2980 Literas
2280 2953 2340 2983 Ac-

1290 2987 1448 3024 quietantiae
1473 2985 1529 3015 sive
1555 2984 1771 3021 Aequietatorias
1794 2994 1827 3014 ac
1852 2984 1914 3015 alias
1935 2985 2126 3016 Liberationes
2148 2987 2339 3027 quiscumque

1290 3033 1512 3061 quarumcumo,
1538 3021 1725 3052 pecuniarum
1744 3021 1927 3053 Summarum
1945 3045 1954 3060 ,
1980 3023 2110 3065 Magistro
2127 3026 2254 3056 Generali
2270 3030 2341 3057 Pru-

1282 3062 1351 3104 fiae,
1376 3072 1408 3093 ac
1430 3059 1659 3100 Arcffipraeftzfr’o,
1686 3060 1899 3099 Proconfidibus,
1921 3061 2091 3100 Consulibus,
2117 3064 2276 3103 Senioribus,
2304 3068 2338 3098 δε

1289 3104 1482 3132 Communitati
1489 3101 1626 3139 praea'iciae
1644 3102 1775 3128 Civitatis
1790 3099 1906 3139 Rigenſss
1919 3123 1928 3137 ,
1956 3100 2111 3130 Civibusve
2129 3110 2175 3131 aur
2194 3102 2340 3135 Mei-caio-

1290 3141 1366 3170 ribus
1384 3140 1501 3178 ejusdem
1512 3161 1522 3177 ,
1546 3146 1591 3168 aut
1609 3146 1711 3168 eorum
1728 3138 1830 3175 alicui,
1857 3147 1906 3175 per
1927 3137 1994 3168 Nos
2009 3147 2056 3168 aut
2072 3138 2268 3177 progenitores
2286 3153 2340 3172 no-

1289 3179 1358 3209 stros
1379 3178 1527 3216 praedictos
1546 3175 1743 3214 praetenfarum
1763 3176 1864 3214 quovis
1888 3175 1979 3206 modo
2000 3175 2155 3206 debitarum
2169 3199 2179 3214 ,
2212 3177 2311 3209 Nobis
2324 3204 2335 3218 ,

1288 3216 1473 3254 Haeredi'ous,
1489 3216 1521 3246 &
1539 3214 1751 3245 Successoribus
1767 3213 1866 3245 nostris
1881 3214 1983 3245 fiendas
1997 3216 2030 3245 δε
2044 3214 2245 3255 deliberandas,
2265 3217 2298 3247 N
2301 3228 2335 3248 o-

1288 3256 1366 3287 mine
1378 3255 1491 3292 nostro,
1509 3253 1643 3290 Petendi,
1658 3252 1813 3291 Stipulandi
1846 3253 1878 3282 &
1894 3252 2078 3289 Recipiendi,

1325 3292 1493 3332 Caeteraque
1513 3293 1608 3322 omnia
1628 3293 1661 3323 &
1681 3291 1783 3328 singula
1809 3276 1958 3328 Faciendi,
1982 3290 2169 3327 Excercendi,
2187 3291 2220 3321 &
2240 3292 2337 3331 Expe-‘

1287 3332 1381 3363 diendi
1400 3342 1464 3370 quae
1487 3333 1515 3362 in
1542 3329 1690 3360 Praemiffis
1716 3329 1760 3360 vel
1780 3338 1880 3360 eorum
1898 3328 1992 3366 aliquo
2008 3328 2153 3358 necessaria
2167 3329 2266 3361 fuerint
2286 3333 2335 3364 seu

1285 3371 1503 3411 quomodolibet
1517 3377 1669 3406 oportuna,
1685 3369 1769 3398 etiam
1785 3368 1805 3398 fi
1816 3367 1877 3397 talia
1890 3365 1992 3397 fuerint
2006 3375 2069 3403 quae
2082 3366 2117 3397 de
2129 3366 2155 3396 se
2166 3366 2337 3401 Mandatum

1286 3411 1396 3448 exigant
1410 3409 1500 3446 magis
1513 3407 1643 3445 speciale,
1659 3408 1693 3438 δε
1717 3416 1779 3445 qua:
1801 3404 1974 3446 Nosmetipsi
1998 3404 2154 3435 faceremus
2175 3406 2221 3438 vel
2242 3408 2334 3439 facere

1285 3449 1427 3489 possemus
1442 3447 1460 3477 si
1473 3446 1616 3484 praesentes
1631 3444 1809 3487 personaliter
1819 3442 2008 3473 iutereliemus
2018 3465 2037 3486 ,¹

1324 3487 1522 3517 Promittentes
1534 3507 1544 3520 ,
1566 3485 1643 3514 bona
1668 3483 1736 3513 Fide
1751 3483 1784 3513 ὅ(
1803 3491 1832 3511 in
1849 3480 1947 3511 Verbo
1964 3480 2058 3518 Regio
2075 3503 2084 3517 ,
2110 3481 2179 3511 Nos
2197 3482 2305 3515 Rarum
2319 3488 2334 3523 ,⁹

1285 3527 1434 3563 Gratum,
1458 3524 1491 3554 &
1519 3523 1648 3553 Firmum
1673 3522 1812 3551 habituros
1838 3527 1931 3550 totum
1957 3519 1990 3548 &
2016 3520 2152 3556 quicquid
2170 3530 2219 3558 per
2237 3523 2331 3553 <fletos

1284 3565 1435 3600 Oratores,
1453 3561 1687 3597 Commiffarios,
1705 3559 1918 3594 Procuratores,
1937 3556 2169 3595 Ambaisiatores,
2193 3560 2225 3589 δε
2243 3561 2275 3590 N
2280 3571 2332 3590 un-

1284 3606 1343 3634 cios
1361 3601 1469 3632 nostros
1493 3599 1747 3629 Communicatutn
1761 3619 1771 3634 ,
1795 3595 1960 3637 TraClaturn
1974 3617 1983 3631 ,
2009 3593 2224 3626 concordatum
2240 3620 2249 3634 ,
2277 3597 2329 3626 Pa-

1283 3643 1383 3677 ctum,
1402 3637 1607 3674 Transaftum,
1624 3637 1657 3667 ὃς
1682 3635 1866 3666 Procuratum
1881 3633 1962 3663 fuerit
1980 3633 2011 3663 in
2030 3632 2194 3671 Praemissis,
2218 3635 2264 3665 seu
2281 3635 2330 3672 alif

1282 3689 1342 3719 quo
1361 3676 1582 3708 Praemifforum.

1318 3717 1352 3747 In
1366 3716 1458 3754 cujuS,
1477 3714 1536 3744 &c-
1932 3748 1938 3755 ι
2210 3749 2215 3754 ,

1317 3754 1407 3786 Teste
1429 3752 1510 3791 Rege
1531 3749 1603 3789 apud
1623 3747 1894 3789 westmonasterium,
1909 3747 2046 3780 vicesimo
2070 3755 2167 3786 quarto
2187 3747 2234 3779 die
2256 3748 2328 3784 Noe*

1281 3794 1414 3827 vembiis.

1900 3865 1956 3894 Per
1967 3861 2049 3901 ipsum
2065 3861 2171 3898 Regem.
