2555 4266
649 133 1462 185 CONVENTIONES,
1517 132 1898 181 LITERAE,

1308 222 1389 253 suerit
1402 220 1514 251 dietum
1533 219 1559 250 le
1575 218 1749 263 Fyschgarrh
1763 227 1809 249 aut
1825 227 1938 256 rumpat
1951 227 1999 251 aut
2015 219 2154 259 destruat,
2172 229 2227 258 pro
2251 228 2311 249 non
2333 227 2375 250 at·
2393 217 2469 249 Ann.
2483 219 2527 251 D.

1306 269 1444 298 temptato
1457 259 1646 297 reputabitur,
1657 258 1704 305 xEt
1721 257 1923 301 nichilominus
1937 259 1989 288 alia
2005 259 2180 297 Attemptata
2196 267 2374 297 quaecunque
2413 267 2501 298 1493.

1304 299 1540 337 Reparabuntur,
1557 297 1595 327 sic
1613 296 1693 334 quod
1711 295 1865 333 Reparatio
1878 297 1922 326 seu
1938 295 2107 328 Destru&io
2128 297 2197 328 dit-sti
2217 298 2244 328 le
2269 297 2376 336 Fysch-
2393 298 2463 326 Hm(
2478 307 2507 333 7.

201 156 256 194 66

52 238 131 270 Arin.
147 236 189 267 D.
204 236 339 275 quamdiu
365 231 523 272 hujusmodi
548 229 783 261 prosecutionem
804 227 880 258 suam
905 227 1021 264 fecerit,
1039 225 1136 256 secum
1159 234 1220 263 eat,
1239 232 1270 254 ut

77 285 162 315 1493.
202 277 282 314 super
298 275 390 306 FacZiis
404 273 453 304 suis
469 280 599 308 ternpore
611 269 697 299 distae
712 267 922 298 Prosecutionis
942 264 1043 302 possit,
1062 265 1132 295 cum
1155 263 1270 303 requisi-

53 319 117 344 Hm.
137 324 166 350 7.
198 325 242 347 tus
259 315 359 352 fuerit,
376 311 456 348 super
471 310 529 339 hoc
546 307 762 338 Testimonium
777 305 923 345 perhibere
937 303 1064 335 Veritati.

62 2492 81 2511 ¹³
97 2492 166 2519 XII.

60 2534 126 2570 536.

237 354 346 389 Irim,
369 349 558 379 Convenrum
575 347 608 378 &
626 344 804 376 Conclusum
821 343 863 373 est
875 341 956 381 quod
977 352 1076 373 neuter
1099 341 1269 378 Principum

221 392 406 423 rzedistorum
426 387 602 417 auxiliabitur
628 393 675 414 aut
698 384 797 421 Opem
820 382 890 413 fetet
912 383 1013 420 quovis
1036 380 1128 410 modo
1152 379 1270 410 notoriis

199 403 387 465 fiebeiiibus,
402 425 563 463 Hostibus,
582 423 627 454 vel
642 423 769 453 Inimicis
782 421 908 458 alterius,
926 421 960 450 ad
986 419 1168 450 Nocendum
1192 417 1271 448 alteri

201 467 369 500 eorumdem
380 487 390 502 ,
406 464 450 495 vel
463 463 588 502 ipsorum
605 462 718 499 Regnis
752 460 918 497 Dominiis,
934 459 1053 496 Terris,
1070 466 1118 488 aut
1136 456 1270 493 Subditis‚

201 510 235 540 ὃς
250 507 266 536 li
284 506 318 536 de
335 505 410 534 sacnto
426 502 524 540 aliquis
543 501 669 532 Rebellis
687 484 736 530 vei
753 498 888 529 Inimicus
903 499 983 528 unius
998 497 1042 527 vel
1057 497 1167 526 alterius
1188 493 1271 523 Prin-

200 547 269 583 cipis
283 543 401 575 existens
418 541 463 572 vel
478 541 501 571 F
503 542 624 578 ugitivus
638 540 667 569 in
681 538 806 578 Regn0,
825 538 922 568 Terris
938 536 984 567 vel
998 535 1147 565 Dominiis
1163 533 1272 563 alterius

200 583 368 615 eorumdem
385 589 516 617 ternpore
529 589 588 616 quo
603 578 710 608 ibidem
725 577 861 615 extiterit,
879 575 985 612 aliquid
1004 574 1100 604 fecerit
1122 582 1171 609 per
1195 571 1272 600 Ter-

201 633 278 659 ram,
305 620 408 659 Mare,
437 619 483 649 vel
506 618 603 656 Aquas
621 617 737 654 dulces,
763 615 796 645 ad
822 614 995 651 Dampnum
1019 612 1132 645 alicujus
1155 618 1272 640 eorum-

199 662 285 698 dem,
303 660 347 691 vel
362 658 553 697 Regnorum,
571 656 747 693 Terrarum,
767 653 992 689 Dominiorum,
1010 649 1054 680 vel
1069 649 1185 685 alicujus
1197 647 1272 678 Sub—

200 701 328 731 ditorum
351 697 482 734 suorum,
501 705 569 726 tunc
595 693 642 724 ille
668 696 793 730 Princeps
806 693 834 721 in
849 700 929 728 cujus
948 688 1073 731 Regno,
1090 687 1206 729 Terris,
1225 685 1270 715 vel

203 738 353 769 Dominiis
374 735 434 766 talis
455 735 598 771 Rebellis,
624 732 742 771 Hostis,
768 731 813 761 vel
837 728 974 759 Inimicus
995 731 1032 757 lic
1054 727 1216 762 cor-similit,
1235 724 1269 754 &

202 777 310 808 ibidem
325 774 418 813 postea
433 778 561 811 receptus
579 773 678 808 fuerit,
696 770 870 806 Darnpnum
885 766 953 797 illud
969 765 1106 806 Reparati
1121 765 1154 795 &
1171 762 1271 793 Resar-

201 816 253 847 ciri
273 815 374 851 faciet,
393 823 427 844 ac
453 813 472 843 si
495 813 623 849 proprius
646 809 748 846 Ligeus
770 809 803 838 &
827 806 959 836 Subditus
972 804 1093 843 ejuldem
1110 802 1270 840 hujusmodi

203 854 378 892 Dampnum
390 851 577 883 commisisset
591 857 638 879 aut
654 845 847 884 perpetrasset.

242 893 315 924 ΙτΕ
326 901 372 929 Μ,
390 891 578 922 Conventum
600 888 632 918 &
655 885 832 916 Conclusum
848 881 890 913 est
903 880 1000 920 quod,
1016 880 1181 911 durantibus
1197 888 1270 917 prae-

202 933 325 963 sentibus
346 931 485 968 Treugis,
504 938 535 958 ut
556 925 729 964 praemissum
750 923 809 963 est,
827 921 961 953 Castrum
977 922 1010 952 δε
1025 919 1098 949 Villa
1112 918 1267 955 Berewici,

202 981 273 1001 cum
293 970 414 1007 antiquis
437 967 591 998 Limitibus
614 965 646 995 &
670 963 892 993 Inbabitanribus
914 970 947 991 ac
970 958 1076 989 Incolis
1099 956 1269 988 eorumdem

202 1010 252 1040 sub
269 1009 373 1039 eisdem
387 1007 501 1044 Treuga
517 1006 551 1036 &
568 1004 744 1033 Guerrarum
762 1001 957 1035 Abstinentia,
976 1007 1009 1028 ac
1025 996 1166 1027 Bellorum
1182 995 1263 1026 Indu-

202 1049 253 1079 ciis
269 1048 379 1077 stabunt
393 1045 426 1075 δε
440 1043 644 1083 permanebunt
660 1050 724 1071 toto
741 1049 871 1078 tempore
889 1037 1029 1076 praedic‘io
1041 1059 1050 1074 ‚
1069 1037 1104 1066 ita
1118 1034 1199 1074 quod
1220 1044 1272 1064 ne-

201 1097 257 1125 que
274 1083 469 1116 Serenissimus
484 1086 545 1112 Rex
558 1084 650 1111 Scotiae
667 1090 716 1117 per
729 1079 765 1109 Se
800 1089 847 1110 aur
864 1078 972 1114 aliquos
991 1074 1197 1111 Subditorum,
1221 1073 1272 1103 Li-

203 1134 339 1164 georum,
357 1131 404 1153 aut
421 1121 606 1152 Vassallorum
623 1119 737 1149 suorum
753 1102 896 1148 dumam
912 1115 1050 1146 Insultum
1069 1123 1117 1144 aut
1136 1112 1273 1143 Obsidio-

203 1173 272 1194 nem
294 1163 356 1199 ipfis
383 1160 471 1191 Locis
492 1169 538 1190 aut
558 1157 662 1189 Incolis
685 1156 871 1192 eorumdem,
896 1164 988 1192 neque
1012 1151 1271 1183 Excellentiffimus

202 1205 263 1232 Rex
280 1199 393 1238 Angliae
407 1209 458 1237 per
472 1198 509 1229 Se
524 1207 571 1228 aut
582 1199 644 1227 suos
659 1195 846 1226 Inhabitantes
860 1193 966 1224 Villam
989 1191 1035 1222 seu
1059 1190 1195 1222 Castrum
1218 1191 1271 1221 hu-

197 1240 322 1280 jusmodi
345 1239 507 1274 Guerram,
534 1235 690 1271 Insultum,
707 1242 753 1265 aut
775 1233 966 1264 Obsidionem
986 1229 1066 1261 dido
1089 1228 1272 1260 Sereniffimo

201 1282 267 1317 Regi
280 1281 373 1310 Scotiae
386 1276 472 1307 suisve
488 1275 582 1314 Ligeis
596 1283 642 1305 aut
659 1272 785 1304 Vaffallis
802 1273 887 1304 faciet
902 1270 1004 1310 quovis
1020 1268 1112 1300 modo
1129 1268 1270 1309 pendente

201 1327 332 1355 tempore
349 1317 529 1354 Treugarum
549 1312 756 1352 praedictarum.

239 1356 287 1387 Ιτ
297 1366 314 1387 ε
327 1364 352 1386 ,xi
362 1378 371 1393 ,
390 1352 579 1384 Conventum
602 1354 636 1384 &
660 1350 840 1382 Conclusam
864 1347 906 1379 est
921 1346 1002 1386 quod
1023 1346 1043 1377 si
1059 1346 1207 1384 contingat
1223 1345 1273 1375 ali-

202 1405 275 1434 quos
291 1394 410 1430 piratas,
430 1391 593 1430 Fugitivos,
608 1391 654 1421 seu
678 1390 812 1421 Bannitos
837 1387 1013 1425 Regnorum
1036 1386 1118 1415 unius
1140 1385 1185 1416 vel
1206 1384 1274 1415 alte-

201 1437 257 1465 rius
284 1432 450 1468 Principum
478 1430 682 1468 praedictorum
705 1428 894 1467 Spoliationes
912 1425 959 1456 seu
980 1423 1216 1462 Depraedationes
1242 1424 1271 1452 in

205 1472 294 1503 Bonis
310 1472 425 1509 alicujus
440 1469 626 1501 Subditorum
640 1468 810 1499 eorumdem
826 1466 1028 1501 committere,
1045 1463 1079 1494 &
1103 1462 1201 1501 postea
1225 1461 1274 1491 Pi-

204 1520 288 1546 ratae,
308 1509 448 1547 Fugitivi,
467 1508 511 1539 seu
529 1507 641 1538 Banniti
653 1506 783 1545 praedicti
797 1504 832 1536 ad
846 1505 968 1542 aliquem
981 1501 1102 1532 Portum
1119 1500 1272 1539 9ιέεάἰέἶο-

201 1559 264 1580 rum
280 1549 447 1586 Principum
462 1546 665 1585 applicuerint,
686 1554 755 1575 tunc
768 1545 814 1575 ille
828 1542 979 1580 Princeps,
997 1542 1027 1571 in
1048 1541 1126 1578 cujus
1148 1540 1271 1570 Portum

202 1588 407 1626 applicuerint,
423 1586 506 1616 faciet
522 1595 571 1623 per
583 1584 749 1615 officiarios
762 1584 825 1614 suos
842 1581 994 1619 praedictos
1010 1578 1108 1610 secure
1124 1576 1271 1614 custodiri,

203 1635 251 1658 aut
265 1626 388 1658 Eosdem
401 1625 433 1655 &
450 1623 626 1662 Receptores
641 1622 809 1653 eorumdem
834 1620 981 1652 deliberari
1003 1615 1080 1648 Parti
1104 1616 1210 1655 Laesae,
1226 1617 1272 1646 vel

204 1665 328 1703 Spoliata
342 1666 375 1696 &
390 1662 560 1701 Depraedata
574 1673 623 1701 per
641 1661 766 1692 Eosdem
781 1660 888 1698 integre
904 1656 1028 1689 Restitui
1048 1656 1133 1687 faciet
1154 1657 1188 1687 δε
1211 1654 1273 1685 Re-

204 1704 314 1742 iarciri,
333 1704 377 1735 vel
387 1702 495 1741 justum
512 1701 646 1733 Valorem
660 1700 840 1731 eorumdem.

242 1742 257 1773 I
266 1752 289 1773 T
303 1752 320 1773 ε
331 1751 379 1781 M,
395 1740 586 1772 Conventum
610 1741 644 1771 &
664 1738 844 1770 Conclusum
865 1735 905 1768 est
926 1733 1007 1774 quod
1025 1733 1148 1772 Fugitivi
1164 1731 1271 1763 Scotiae

207 1783 258 1819 qui
271 1781 447 1812 devenerunt
463 1779 544 1818 Ligei
557 1782 635 1816 Regis
651 1777 764 1816 Angliae
777 1777 884 1808 debent
898 1775 975 1814 ligari
987 1782 1022 1804 ex
1036 1781 1114 1812 parte
1132 1771 1272 1810 Anglico-

206 1829 269 1850 rum
287 1820 320 1850 ad
337 1818 556 1850 Observandum
575 1817 722 1848 Articulos
735 1815 918 1847 Praesentium
932 1813 1114 1851 Treugarum
1124 1811 1176 1849 ,&
1190 1809 1271 1848 qued

206 1859 381 1898 Attemptata
399 1866 448 1894 per
459 1866 507 1887 eos
519 1856 599 1895 super
609 1855 746 1886 Subditos
759 1855 827 1886 dieti
843 1856 922 1891 Regis
936 1854 1030 1882 Scotiae
1042 1850 1149 1881 debent
1165 1849 1271 1880 eodem

206 1897 298 1927 modo
322 1895 486 1933 reformari,
526 1904 564 1925 uo
585 1894 815 1926 reformabuntur
836 1893 1011 1931 Attemptata
1033 1899 1083 1927 per
1097 1888 1274 1927 Originarios

207 1935 341 1966 Subditos
354 1937 481 1978 Regis-A
505 1904 576 1971 (θέε,
591 1932 668 1964 idem
682 1942 732 1970 per
747 1934 848 1964 omnia
866 1927 1046 1962 observando
1059 1937 1093 1958 ex
1107 1937 1184 1966 parte
1196 1929 1274 1964 Regis

207 1979 342 2004 Scotorum
358 1974 377 2004 si
393 1983 442 2011 qui
459 1973 573 2011 Anglici
587 1981 652 2002 ante
667 1972 729 2003 haec
747 1979 877 2010 tempora
893 1979 942 2008 per
959 1968 1005 1998 sua
1017 1967 1200 1998 Sacramenta
1222 1965 1275 1996 Li-

207 2015 251 2054 gei
264 2015 340 2050 Regis
354 2015 489 2042 Scotorum
502 2012 676 2042 devenerunt
693 2011 738 2041 vel
755 2011 832 2041 aliter
847 2009 950 2049 quovis
963 2005 1072 2045 modo,

244 2051 380 2089 ITEM,
404 2050 593 2081 Conventum
613 2050 645 2080 &
669 2048 847 2080 Conclusum
870 2046 911 2078 est
933 2044 1014 2084 quod
1040 2046 1069 2074 iri
1093 2043 1274 2082 praesentibus

208 2090 288 2120 Treu
310 2092 332 2120 is
362 2092 394 2121 ὃς
423 2088 598 2119 Guerrarum
628 2087 813 2118 Abstinentiis
843 2083 1122 2124 comprehendantur
1150 2082 1247 2113 Amici
1265 2107 1275 2122 ,

209 2127 278 2159 Cori
291 2129 425 2166 oederati,
442 2129 474 2159 &
491 2128 619 2166 Alligati,
640 2126 758 2165 Regna,
774 2126 934 2163 Dominia,
951 2125 986 2156 &
1002 2121 1116 2153 Subditi
1136 2122 1275 2160 utriusque

206 2167 368 2205 Principis,
388 2168 406 2197 ii
432 2166 636 2204 comprehendi
657 2167 816 2204 voluerint,
832 2167 865 2197 &
884 2164 964 2202 super
984 2162 1043 2192 hoc
1069 2160 1193 2191 Animos
1213 2160 1276 2191 suos

206 2206 409 2237 declaraverint
426 2206 458 2236 &
475 2205 552 2235 idem
566 2204 777 2235 desideraverint
793 2204 864 2235 infra
880 2203 935 2234 Sex
944 2200 1060 2232 Menses
1073 2200 1211 2237 proximo
1229 2207 1278 2229 ex-

206 2255 284 2276 nunc
303 2246 462 2283 sequentes,

241 2284 280 2315 Er
295 2284 447 2322 specialiter
460 2293 512 2319 pro
533 2281 614 2312 Parte
629 2284 706 2318 Regis
720 2285 820 2311 Srotiae
831 2305 841 2321 ,

242 2322 360 2353 Karalus
372 2325 433 2352 Rex
446 2325 587 2358 Franciae,
605 2320 751 2360 Johanncs
769 2324 829 2350 Rex
845 2322 941 2350 Dariae
950 2342 960 2357 ,
974 2319 1033 2347 Rex
1047 2314 1190 2356 Hispaniae
1199 2318 1277 2354 ,Rex

209 2361 342 2429 quffulis,
362 2364 421 2391 Rex
444 2363 642 2398 Romanorum,
661 2359 813 2390 Archidux.
831 2359 954 2398 Austriae
974 2355 1012 2392 &¹
1029 2355 1214 2394 Burgundiae,
1238 2353 1277 2390 &-

210 2405 233 2430 Iv
246 2404 359 2430 edi-arani
376 2403 444 2430 Dux
456 2410 462 2416 ·

246 2438 304 2469 Pro
320 2439 400 2469 Parte
411 2423 488 2476 Re}ir
501 2435 633 2474 Angliae,

212 2478 267 2547 λ*
294 2481 444 2545 {is-‚perator
457 2501 467 2515 ,
494 2477 554 2504 Rex
576 2479 758 2506 Romanorum
771 2498 782 2514 ,
808 2477 890 2513 Reges
909 2472 1051 2513 Hispania
1064 2493 1075 2510 ,
1099 2468 1281 2509 Portugaliae,

234 2519 295 2546 'acu
309 2528 329 2546 ⁴i·

248 2540 386 2596 Austriae,
405 2552 586 2591 Burgundiae,
605 2555 742 2590 Ferrarii,
762 2552 795 2583 &
813 2551 949 2582 Sabaldiae
964 2553 1070 2588 Duces,

250 2597 296 2623 Ac
314 2597 480 2623 illercatores
496 2590 533 2626 ὠ
550 2593 760 2620 communitates
772 2593 885 2620 Hanzae
897 2589 1065 2619 Theutonicae
1075 2609 1085 2625 ,

250 2633 365 2670 Quibus
379 2629 527 2661 Mens-‚bus
540 2628 632 2666 lapsis,
649 2629 667 2659 si
685 2629 758 2659 nulla
773 2628 947 2659 Notificatio
958 2624 1121 2666 hujusmodi
1135 2623 1207 2655 faeta
1222 2623 1284 2654 fue-

212 2672 247 2701 rit
272 2671 398 2710 Regibus
423 2667 578 2706 praedietis,
596 2666 666 2697 dieti
692 2666 892 2697 Confoederati
910 2665 1080 2697 eorumdem
1103 2673 1165 2694 non
1183 2663 1283 2693 intelli-

213 2719 317 2748 gentur
335 2712 363 2739 in
377 2708 460 2739 dietis
476 2705 538 2736 Tre
577 2706 598 2735 is
611 2705 831 2742 comprehensi,

249 2748 287 2779 Et
297 2772 306 2787 ,
326 2748 344 2778 si
361 2747 430 2777 dic‘ti
446 2745 541 2784 Reges
577 2743 648 2774 ictos
665 2743 886 2774 Confoederatos
902 2742 952 2772 sub
967 2741 1049 2772 dietis
1063 2739 1185 2778 Treugis
1200 2748 1286 2769 com-

213 2787 389 2826 prehendere
401 2784 559 2820 noluerint,
579 2792 684 2814 exmnc
702 2783 789 2813 dic'iae
802 2782 928 2821 Treugae
939 2780 1041 2811 nullius
1064 2779 1192 2820 Roboris
1215 2787 1284 2808 cen-

215 2827 323 2857 seantur
337 2825 381 2856 vel
399 2822 558 2854 Momenti.

254 2865 340 2895 ITEM
351 2888 360 2903 ,
376 2861 554 2894 Conclusum
567 2858 609 2890 est
622 2858 721 2898 quod,
740 2859 758 2889 fi
768 2882 777 2897 ,
793 2858 895 2889 eisdem
910 2857 1088 2888 Guerrarum
1099 2853 1285 2887 Abstinentiis

216 2904 398 2941 durantibus,
415 2900 519 2938 aliquid
535 2908 634 2929 contra
650 2898 759 2929 easdem
775 2898 819 2928 vel
842 2897 963 2935 aliquam
984 2895 1099 2926 Partem
1122 2893 1286 2924 earumdem

216 2953 265 2981 per
274 2943 417 2977 Terram,
437 2939 540 2976 Mare,
558 2938 603 2967 vel
619 2937 713 2975 Aquas
727 2937 840 2975 dulces,
859 2935 916 2966 sieri
933 2935 978 2966 vel
992 2934 1150 2971 attemptari
1173 2933 1287 2963 contin-

219 2992 281 3023 gat,
303 2990 351 3019 per
366 2981 425 3010 hoc
441 2987 537 3008 tamen
554 2975 698 3014 praesentes
714 2975 890 3006 Guerrarum
915 2973 1103 3004 Abstinentiae
1123 2982 1184 3002 nori
1207 2978 1287 3001 erunt

220 3032 275 3052 nec
292 3017 478 3051 censebuntur
490 3015 598 3053 Ruptae
609 3039 618 3052 ,
638 3013 791 3045 Infirmatae
802 3037 811 3052 ,
831 3014 876 3045 vel
899 3012 1080 3050 Annullatae,
1097 3010 1142 3041 sed
1166 3008 1289 3040 nichilo-

223 3062 316 3090 minus
329 3058 358 3087 in
375 3058 424 3089 suo
441 3055 563 3085 Robore
576 3054 782 3091 permanebunt
804 3053 837 3084 &
864 3052 1040 3090 Attemptata
1060 3048 1220 3088 hujusmodi
1238 3047 1289 3079 de-

221 3100 279 3130 bite
293 3096 531 3128 reformabuntur.

259 3138 347 3168 ITEM
358 3159 368 3170 ,
383 3133 571 3164 Conventum
586 3130 619 3161 &
637 3129 818 3161 Conclusum
833 3129 874 3160 est
891 3127 972 3167 quod
985 3150 994 3166 ,
1011 3127 1030 3157 fi
1045 3126 1141 3163 aliquis
1156 3124 1291 3157 Subditus

224 3177 338 3210 alicuius
360 3172 525 3209 Principum
546 3168 768 3208 predictorum,
793 3169 841 3206 qui
862 3167 950 3208 passus
970 3166 1055 3197 fuerit
1079 3164 1224 3202 Rapinam
1243 3164 1290 3194 vel

226 3215 356 3251 Spolium
377 3222 392 3241 a
413 3209 535 3242 Subdito
558 3208 666 3238 alterius
688 3209 857 3237 eorumdem
872 3229 882 3243 ,
915 3204 1026 3244 propria
1052 3204 1217 3234 auetoritate
1244 3202 1291 3233 sua

228 3262 341 3291 propter
358 3251 416 3280 hoc
439 3247 708 3286 Depraedationem,
735 3245 962 3282 Spoliationem,
985 3241 1071 3273 Prisas
1086 3265 1096 3281 ,
1118 3242 1164 3272 vel
1184 3240 1291 3271 Distri-

230 3292 338 3321 &iones
356 3289 543 3319 Personarum
564 3286 609 3316 seu
632 3284 781 3314 Bonorum
807 3284 922 3321 fecerit,
939 3292 975 3312 eo
997 3281 1056 3318 ipso
1071 3280 1153 3311 cadat
1169 3290 1185 3310 a
1199 3279 1291 3311 Causa

228 3330 271 3360 sua
282 3352 292 3367 ,
309 3330 341 3359 ὃ(
355 3327 555 3357 nichilominus
568 3323 725 3354 secundum
743 3321 850 3352 Delicti
866 3321 1035 3359 exigentiam
1053 3320 1192 3357 puniatur.

268 3366 374 3404 ITEM,
391 3364 567 3395 Conclusum
582 3363 615 3393 δε
632 3360 851 3392 Concordatum
871 3359 913 3390 est
935 3358 1015 3397 quod
1038 3366 1209 3396 quamquam
1223 3365 1296 3394 prae-

230 3406 318 3437 sentes
333 3404 508 3434 Guerrarum
524 3401 712 3432 Abstinentiae
727 3408 818 3436 captae
831 3400 863 3430 ὃ(
878 3399 957 3428 initae
973 3397 1025 3427 sint
1039 3397 1133 3426 modis
1147 3396 1179 3426 ὃτ-
1195 3395 1295 3425 formis

233 3453 264 3474 ut
278 3442 374 3481 supra,
387 3450 508 3472 attamen
524 3450 583 3469 non
599 3440 730 3469 dicentur
745 3447 799 3467 nec
817 3437 1019 3475 reputabuntur
1043 3435 1168 3464 omnino
1196 3433 1297 3463 Gene-

234 3481 316 3518 rales,
333 3490 388 3510 nec
401 3481 427 3510 se
442 3479 592 3509 extendent
607 3477 640 3508 ad
659 3477 835 3507 Dominium
850 3475 886 3505 de
902 3475 1000 3504 Lorne
1013 3473 1042 3502 in
1057 3472 1164 3511 Regno
1179 3471 1297 3508 Scotiae,

235 3529 290 3551 nec
305 3519 339 3549 ad
355 3517 474 3548 Insulam
490 3517 525 3546 de
540 3516 660 3556 Lundey
674 3516 702 3545 in
718 3515 824 3554 Regno
846 3513 974 3552 Angliae,
993 3511 1039 3542 sed
1064 3511 1238 3541 Dominium
1263 3510 1296 3540 &

237 3558 327 3590 Insula
338 3555 470 3598 praedista
481 3555 665 3594 intelligentur
679 3554 759 3584 nullo
773 3552 864 3584 modo
881 3548 1086 3590 comprehensa
1100 3551 1129 3580 in
1144 3548 1195 3579 biis
1203 3548 1300 3579 Guer-

234 3607 329 3628 rarum
343 3594 536 3626 Abstinentiis.

275 3635 386 3672 ITEM,
403 3631 560 3670 Expediens
573 3631 662 3661 visum
678 3632 712 3663 &
727 3629 905 3661 Conclusam
919 3628 960 3659 est
1004 3627 1062 3658 uod
1088 3629 1194 3665 utrique
1215 3626 1300 3654 Prin-

238 3678 301 3712 cipes
323 3671 469 3710 supradicti
491 3670 664 3705 deputabunt
686 3678 778 3700 certos
800 3668 913 3699 Probos
938 3667 971 3697 &
1021 3666 1135 3696 iscretos
1157 3663 1241 3694 Viros
1264 3663 1299 3693 ad

238 3713 408 3743 Numerum
421 3709 526 3739 Trium
540 3707 727 3738 Personarum
744 3717 778 3737 ex
791 3708 919 3738 alterutra
935 3705 1018 3736 Parte
1032 3703 1198 3734 eorumdem
1209 3724 1218 3739 ,
1236 3702 1299 3740 qui-

238 3752 289 3781 bus
304 3750 488 3780 committent
502 3745 674 3775 Potestatem
689 3746 799 3783 plenam
815 3746 848 3775 ad
863 3743 1070 3782 Inspiciendum
1086 3742 1113 3771 le
1128 3741 1153 3771 F
1171 3740 1300 3778 schgarth

241 3789 276 3819 de
290 3788 347 3819 Esk
362 3789 395 3820 ὃς
405 3786 510 3816 Terras
529 3783 711 3814 Debatabiles
726 3784 830 3813 ibidem
844 3783 999 3821 adjacentes
1014 3783 1043 3812 in
1065 3780 1142 3811 Occi
1163 3778 1300 3809 entalibus

241 3827 368 3857 Partibus
393 3823 586 3855 Marchiarum
602 3844 612 3859 ,
638 3822 687 3859 qui
707 3824 880 3852 convenient
902 3821 976 3858 apud
1001 3817 1303 3856 Lochmabanestane,

244 3864 361 3894 octavo
378 3864 437 3894 Die
451 3861 560 3892 Mensis
575 3858 710 3898 Augusti,
728 3860 757 3888 in
771 3860 859 3890 Anno
877 3859 999 3890 Domini
1024 3857 1199 3893 Msslefimo,
1220 3856 1303 3898 Qa-

244 3902 479 3939 dringentesimo,
497 3898 698 3936 Nonagesimo
716 3907 831 3935 quarm,
850 3899 883 3929 &
896 3900 973 3935 quta
997 3905 1100 3927 eorum
1121 3894 1300 3925 discretiones

246 3939 345 3968 Finem
365 3940 493 3969 debitum
515 3938 550 3968 de
569 3937 706 3967 omnibus
722 3935 930 3966 Controversiis
942 3936 1022 3974 super
1036 3934 1139 3965 eisdem
1159 3934 1300 3971 perpetuis

247 3978 342 4008 futuris
356 3978 532 4014 temporibus
549 3975 618 4006 Deo
638 3974 721 4005 Duce
733 3975 898 4011 imponent:

265 4013 317 4058 *Et
332 4013 404 4044 Casu
419 4025 476 4052 quo
490 4014 587 4051 aliquis
598 4013 756 4055 Ligeorum
770 4013 852 4042 unius
867 4013 911 4042 vel
926 4012 1036 4042 alterius
1046 4009 1212 4046 Principum
1227 4017 1300 4046 prae-

243 4052 388 4085 diCtorum
401 4054 579 4091 reparaverit,
595 4051 794 4090 aediiicaverit,
811 4052 855 4082 seu
869 4059 899 4081 ut
917 4051 1066 4090 vulgariter
1079 4048 1182 4079 dicitur
1202 4049 1299 4086 impe-

1303 339 1384 377 garth
1397 347 1457 368 non
1473 336 1607 374 impediet
1623 334 1877 366 Reformationem
1889 335 2010 366 aliorum
2036 335 2297 377 Attemptatorum,
2318 346 2375 368 nec

1304 379 1468 408 introducet
1481 375 1665 412 Ruptionem
1681 373 1861 412 praesentium
1876 372 2068 410 Treugarum.

1344 415 1419 446 ΙΤΕ
1430 423 1475 452 M,
1491 416 1574 452 quia,
1592 413 1655 451 post
1674 413 1763 451 plures
1783 412 1882 443 Dietas
1901 413 1934 443 &
1953 412 2048 451 longas
2066 412 2270 445 Altercationes
2288 413 2324 444 de
2340 414 2374 445 &

1305 455 1386 493 super
1405 453 1626 484 Reformatione
1644 452 1678 484 &
1693 452 1884 490 Reparatione
1902 450 2087 489 injuriarum,
2106 451 2377 490 Depraedationum,

1306 495 1339 524 &
1359 494 1478 524 aliorum
1498 502 1547 529 per
1568 490 1651 523 Mare
1666 491 1700 522 &
1717 491 1811 529 Aquas
1825 490 1922 521 dulces
1937 490 2198 529 Attemptatorum,
2213 492 2286 522 inter
2301 492 2377 522 Sub-

1304 531 1377 561 ditos
1397 531 1537 575 utriusque
1555 530 1725 568 Principum
1742 529 1966 567 praedictorum,
1982 528 2096 559 tandem
2111 529 2184 559 inter
2200 529 2269 560 Nos
2279 530 2376 561 Com-

1305 569 1441 600 miilarios
1459 569 1618 599 antediuos
1637 569 1830 600 veresiniiliter
1847 577 2030 605 compertum
2049 566 2090 598 est
2105 589 2116 605 ,
2142 567 2223 606 quod
2242 569 2376 608 Attemp-

1305 618 1359 639 tata
1385 618 1435 645 per
1466 607 1548 637 Mare
1566 607 1601 638 &
1619 607 1714 646 Aquas
1731 607 1827 638 dulces
1845 617 1895 647 per
1913 607 2049 637 Subditos
2066 608 2144 643 Regis
2163 604 2276 643 Angliae
2292 609 2321 638 in
2339 609 2374 640 &

1307 655 1408 677 contra
1423 645 1558 677 Subditos
1575 649 1653 683 Regis
1671 649 1784 685 Scotiae,
1811 648 1841 676 in
1858 655 1961 685 magna
1981 645 2172 676 Pecuniarum
2188 644 2308 676 Summa
2327 656 2377 677 ex-

1307 684 1605 728 cedunt-Attemptata
1623 694 1672 722 per
1693 684 1777 714 Mare
1795 686 1829 716 &
1849 686 1944 723 Aquas
1962 683 2060 715 dulces
2078 693 2127 722 per
2145 682 2281 714 Subditos
2297 687 2376 722 Regis

1303 727 1398 767 Scofiae
1417 733 1444 753 in
1455 723 1498 768 ¹&
1517 733 1617 754 contra
1636 722 1772 753 Subditos
1789 726 1868 761 Regis
1888 723 2001 761 Angliae
2018 746 2028 762 ,
2050 724 2123 754 inter
2138 721 2208 752 Nos
2226 721 2376 754 Commis-

1306 762 1387 792 sarios
1406 762 1547 800 utriusque
1563 762 1652 793 Partis
1672 761 1832 792 antedictos
1859 762 2048 794 Conventum
2073 762 2107 793 &
2131 759 2312 792 Conclusam
2334 762 2376 794 est

1305 800 1404 844 quod,
1425 810 1476 838 pro
1495 802 1630 843 omnibus
1649 801 1681 832 &
1701 800 1810 839 singulis
1828 800 1980 839 hincinde,
1998 810 2029 832 ut
2048 800 2128 837 supra
2146 799 2224 837 prius
2243 800 2379 839 Attemp-

1306 848 1384 882 tans,
1409 838 1456 869 fiat
1474 840 1508 870 &
1528 842 1560 870 lit
1579 839 1712 870 hincinde
1727 840 1860 879 generalis
1878 840 2009 871 Abolitio
2027 840 2061 871 &
2079 838 2224 870 Remiffio
2241 840 2379 870 omnium

1306 878 1339 921 St
1360 878 1552 922 singulorum,
1569 888 1618 915 per
1637 877 1721 908 Mare
1741 879 1774 909 &
1795 878 1888 915 Aquas
1907 878 2022 916 dulces,
2039 879 2112 909 inter
2132 877 2274 916 utriusque
2291 878 2376 909 Prin-

1306 926 1405 954 cipum
1422 916 1628 961 praedic‘lorum
1647 916 1780 947 Subditos
1804 917 1893 947 taliter
1920 917 2164 955 Attemptatorum
2179 941 2188 954 ,
2215 927 2279 955 quae
2307 917 2378 948 Nos

1305 955 1500 1000 Commissarii
1517 955 1660 1000 utriusque
1680 954 1848 993 Principum
1867 956 2072 994 praedic‘torum
2091 954 2243 994 antedicti,
2261 956 2379 987 Aucto-

1307 1003 1385 1025 ritate
1403 994 1503 1024 Nobis
1519 1004 1546 1024 in
1564 1003 1596 1024 ea
1611 1002 1688 1031 parte
1703 995 1855 1032 attributa,
1872 994 2052 1024 Nominibus
2068 994 2236 1032 Principum
2261 994 2375 1025 nostro-

1308 1043 1389 1071 rum,
1407 1033 1573 1072 generaliter
1586 1033 1620 1064 &
1636 1033 1790 1070 specialiter
1807 1043 1861 1070 pro
1879 1032 1962 1063 Bono
1976 1032 2057 1063 Pacis
2075 1031 2222 1064 abolemus
2239 1034 2273 1065 &
2294 1033 2379 1064 hinc-

1307 1072 1373 1103 inde
1390 1073 1578 1110 remittimus,
1594 1072 1626 1102 &
1661 1081 1694 1102 ro
1708 1081 1768 1102 non
1785 1071 1966 1109 Attemptatis
1979 1079 2148 1109 reputamus.

1342 1110 1382 1154 Er
1402 1112 1431 1140 in
1451 1110 1625 1155 Recompen
1638 1120 1684 1140 am
1704 1110 1737 1142 &
1757 1109 2014 1141 Contentationem
2033 1119 2066 1140 ac
2091 1109 2244 1148 plenariam
2265 1110 2379 1142 Satisfi-

1308 1149 1437 1181 &ionem
1454 1149 1637 1188 injuriarum,
1656 1148 1909 1187 Depraedationum
1919 1172 1930 1187 ,
1943 1159 1976 1179 ac
1994 1148 2128 1179 omnium
2143 1149 2176 1179 &
2193 1149 2378 1190 singulorum,

1308 1199 1358 1227 per
1380 1188 1464 1219 Mare
1483 1189 1516 1219 δε
1536 1188 1632 1226 Aquas
1650 1188 1746 1219 dulces
1766 1198 1814 1226 per
1833 1187 1969 1219 Subditos
1983 1189 2063 1224 Regis
2090 1185 2204 1225 Angliae
2229 1196 2379 1227 attempta-

1306 1236 1403 1271 torum
1413 1250 1422 1264 ,
1443 1228 1514 1257 inter
1530 1227 1598 1257 Nos
1613 1226 1831 1257 Commissarios
1846 1227 2003 1257 antedidffis
2018 1225 2207 1256 Conventum
2231 1225 2273 1257 est
2295 1227 2378 1266 quod

1309 1266 1400 1310 dicius
1415 1265 1615 1296 Illustriffimus
1628 1268 1689 1295 Rex
1702 1265 1818 1303 Angliae
1838 1264 1998 1302 supradicto
2023 1264 2247 1303 Conianguineo
2269 1265 2319 1296 suo
2340 1265 2379 1297 n-

1308 1304 1470 1349 lustrissimo
1486 1308 1554 1341 Regi
1564 1308 1675 1342 Scotia,
1695 1305 1740 1335 vel
1759 1304 1809 1334 suis
1829 1303 1956 1335 Nunciis
1973 1303 2062 1334 solvet
2076 1303 2123 1334 seu
2135 1303 2205 1334 solvi
2218 1302 2322 1343 faciet,
2340 1307 2382 1336 ci-

1309 1352 1351 1374 tra
1372 1344 1505 1374 ultimum
1524 1343 1612 1373 Diem
1631 1343 1741 1374 Mensis
1755 1343 1823 1380 Julii
1848 1345 1982 1380 proximo
2002 1342 2145 1379 futurum,
2162 1342 2238 1380 apud
2261 1342 2383 1374 Turrim

1310 1384 1343 1414 ὃ(
1360 1382 1476 1413 Locum
1494 1382 1529 1412 de
1543 1381 1737 1413 Wethirburn
1752 1383 1781 1412 in
1795 1383 1822 1413 le
1838 1381 1927 1412 Mers.
1944 1383 1973 1412 in
1990 1380 2103 1419 Scotia,
2122 1380 2276 1412 Summam
2299 1381 2383 1413 Mille

1310 1424 1473 1466 (marcarum
1491 1424 1611 1450 filonetae
1626 1420 1792 1458 Anglicanae
1806 1424 1835 1451 in
1851 1424 1932 1452 Auro
1944 1419 1982 1456 ῤ’
2002 1418 2092 1458 groffis
2114 1419 2279 1459 Anglicam‘s
2301 1430 2381 1452 nunc

1312 1471 1342 1490 m
1357 1459 1404 1490 Re
1426 1470 1464 1490 no
1479 1459 1589 1498 Angliie
1606 1460 1791 1491 currentibus.

1347 1498 1385 1543 Et
1434 1498 1523 1529 'uncii
1549 1499 1619 1529 dieti
1643 1502 1721 1535 Regis
1738 1497 1853 1536 Angliae
1866 1521 1877 1537 ,
1904 1507 1958 1535 pro
1974 1496 2125 1528 Solutione
2143 1496 2231 1528 dietae
2249 1497 2383 1529 Summae

1309 1537 1464 1568 Venientes
1483 1538 1516 1569 &
1536 1537 1654 1568 eandem
1674 1536 1819 1568 Portantes
1838 1559 1848 1574 ,
1875 1537 1951 1567 salvo
1971 1537 2003 1568 &
2024 1535 2122 1567 secure
2141 1537 2257 1568 venient
2280 1537 2316 1567 ad
2339 1536 2384 1567 di-

1308 1576 1389 1606 &um
1410 1575 1526 1607 Locum
1545 1576 1581 1606 de
1599 1576 1809 1614 Wethirburn,
1828 1577 1862 1606 &
1882 1574 2008 1606 Redient
2025 1575 2129 1606 virtute
2145 1574 2227 1605 Treu
2248 1585 2329 1606 arum
2345 1576 2381 1606 &

1309 1614 1668 1653 Appunetuamentorum,
1686 1624 1751 1652 quae
1769 1624 1822 1653 pro
1841 1613 1916 1644 salvo
1933 1614 1966 1644 &
1984 1613 2135 1644 sufficienti
2150 1612 2220 1644 Con
2242 1613 2309 1645 ιιᾶυ
2325 1614 2382 1645 suf-

1309 1653 1427 1692 ficient,
1448 1656 1463 1670 ‘⁵
1481 1654 1583 1692 quibus
1601 1653 1743 1692 Nunciis,
1762 1652 1870 1683 dietam
1889 1652 2040 1683 Summam
2059 1652 2237 1689 portantibus
2257 1653 2291 1684 &
2313 1662 2380 1684 mn-
2401 1656 2418 1673 ⁶
2438 1659 2508 1688 XII.
2552 1671 2555 1676 ⁴

1308 1692 1375 1724 dem
1390 1692 1560 1723 solventibus
1574 1691 1769 1722 Serenissimus
1780 1694 1841 1722 Rex
1856 1693 1950 1721 Scotiae
1962 1690 2040 1722 dabit
2055 1690 2243 1722 sufficientem
2252 1692 2380 1731 Acquie-
2397 1706 2464 1735 537.

1309 1732 1426 1763 tantiam
1445 1731 1482 1761 de
1497 1731 1634 1768 Recepta.

1344 1768 1434 1800 Irini
1444 1794 1454 1806 ,
1474 1768 1664 1800 Conventum
1679 1767 1713 1799 &
1730 1766 1910 1799 Conclusum
1925 1765 1967 1797 est
1982 1765 2064 1805 quod
2081 1766 2206 1798 fimiliter
2219 1768 2383 1808 Attempta-

1308 1818 1335 1840 ta
1356 1819 1405 1846 per
1426 1809 1550 1839 Terram
1577 1807 1629 1838 sint
1652 1807 1756 1838 abolita
1779 1807 1813 1836 ὃ(
1836 1804 1966 1843 remiffa,
1984 1814 2019 1834 ex
2043 1813 2163 1843 utraque
2177 1805 2277 1842 Parte,
2295 1809 2384 1844 usque

1309 1847 1489 1878 Vicesimum
1511 1855 1643 1884 quartum
1667 1845 1756 1876 Diem
1781 1843 1890 1874 Mensis
1912 1843 2116 1882 Novembris,
2142 1843 2232 1874 Anno
2255 1843 2384 1877 Domini

1310 1886 1468 1917 Millesimo
1476 1910 1486 1926 ,
1506 1884 1799 1924 Quadringentesimo
1809 1907 1819 1920 ,
1835 1881 2038 1920 Nonagefimo
2049 1882 2183 1913 secundo.

1349 1924 1458 1963 ITEM,
1477 1924 1699 1956 Concordatum
1719 1923 1752 1954 ὃς
1771 1921 1949 1952 Conclusum
1967 1920 2010 1951 est
2044 1920 2105 1951 uod
2123 1930 2242 1959 utraque
2257 1921 2386 1954 Partiutn

1310 1963 1510 2008 praediitarum
1536 1961 1678 2007 Publicari
1696 1962 1728 1993 δε
1748 1959 1903 2005 Notisicari
1919 1961 2003 1991 faciet
2021 1930 2108 1990 distas
2125 1958 2304 1991 Guerrarum
2321 1962 2385 1992 Ab-

1311 2003 1454 2034 stinentias
1470 2001 1596 2034 Subditis
1614 2001 1682 2039 suis,
1697 2002 1726 2031 in
1744 2000 1881 2030 omnibus
1898 1999 1932 2030 &
1951 1998 2065 2035 singulis
2078 1997 2279 2037 infignioribus
2294 1999 2385 2031 Locis

1313 2041 1508 2073 Marchiarum
1526 2041 1652 2079 suarum,
1680 2041 1740 2071 tam
1759 2040 1789 2069 in
1808 2037 1919 2075 Regno
1936 2037 2047 2068 Scotiae
2065 2038 2153 2075 quam
2173 2037 2285 2076 Angliae
2333 2049 2387 2077 pu-

1311 2081 1388 2159 ξξεζῖ
1405 2062 2309 2155 aas”eitiusifflnzspuinfffffabizgugz⁸525
2333 2077 2385 2148 ,ἔ

1874 2139 1884 2154 ,
2372 2133 2385 2139 -

1312 2159 1472 2234 setini-liius«,
1489 2194 1712 2240 Concordatum
1735 2195 1769 2226 &
1785 2192 1965 2225 conclusum
1982 2191 2023 2224 est
2039 2190 2121 2230 quod
2134 2191 2281 2236 praesentes
2297 2190 2383 2223 Con-

1312 2235 1448 2267 clusiones
1464 2236 1495 2267 &
1511 2234 1730 2266 Conventiones
1742 2234 1925 2270 Truigarum
1943 2232 1978 2263 &
1993 2231 2171 2262 Guerrarum
2194 2230 2385 2263 Abstinentiae

1314 2274 1573 2305 Confirmabuntur
1591 2274 1624 2305 &
1642 2271 1870 2303 Ratificabuntur
1885 2281 1934 2308 per
1958 2270 2090 2300 Parentes
2113 2268 2220 2300 Literas
2242 2270 2385 2308 utriusque

1315 2313 1435 2351 Regum
1451 2313 1671 2351 praedic'torum,
1691 2311 1806 2349 Magnis
1823 2309 1928 2346 Sigillis
1941 2308 1993 2340 suis
2014 2308 2156 2347 sigillatas,
2172 2318 2286 2338 necnon
2308 2307 2387 2340 Sub·-

1313 2353 1465 2390 scriptione
1486 2351 1675 2388 eorumdem,
1702 2349 1782 2389 Qae
1805 2349 1928 2387 Literae,
1952 2348 1990 2379 sic
2012 2347 2135 2384 figinatae
2155 2347 2188 2378 δε
2207 2347 2385 2387 subscriptae,

1314 2391 1557 2422 Deliberabuntur
1573 2391 1605 2421 ἃ
1620 2388 1782 2420 Tradentur
1798 2387 1933 2418 hincinde
1947 2387 2019 2417 citra
2035 2386 2169 2417 ultimum
2186 2384 2276 2415 Diem
2296 2384 2386 2416 Men-

1315 2430 1347 2460 sis
1357 2430 1423 2469 Julii
1437 2430 1572 2468 proximo
1587 2427 1716 2459 futurum
1727 2451 1737 2465 ,
1762 2437 1815 2465 pro
1829 2426 1912 2456 Parte
1927 2428 2006 2462 Regis
2018 2428 2112 2454 Scotiae
2135 2423 2285 2455 Wllielmo
2305 2423 2387 2464 Tyler

1316 2468 1526 2539 hihliQVapffdb
1532 2467 1728 2505 Berewicum,
1744 2475 1797 2506 pro
1814 2464 1895 2496 Parte
1905 2467 1982 2503 Regis
1996 2462 2110 2502 Angliae
2123 2464 2237 2501 Georgia
2251 2464 2341 2493 Home
2355 2473 2385 2494 a-

1314 2518 1354 2547 pu
1433 2517 1460 2538 et
1483 2517 1504 2537 ir
1527 2516 1589 2537 urn.

1354 2588 1446 2626 QAE
1465 2596 1580 2618 oMNtA
1600 2594 1645 2618 Ετ
1666 2592 1813 2617 §mcum
1824 2605 1834 2621 ,
1850 2582 1887 2613 ita
1903 2582 1976 2612 inter
1991 2580 2061 2612 Nos
2075 2580 2293 2613 Commiffiirios
2306 2590 2387 2614 ante·

1316 2627 1410 2658 dffitos
1427 2626 1669 2663 Communicata,
1688 2623 1858 2659 Conventa,
1877 2621 1910 2651 &
1927 2619 2088 2658 Conclusa,
2106 2619 2176 2650 Nos
2190 2618 2388 2652 Comrniffarii

1316 2670 1394 2703 Regis
1419 2669 1514 2696 Scotiae
1537 2664 1670 2695 antedi&
1694 2662 1894 2693 Promittimus
1916 2669 1964 2696 per
1992 2658 2084 2696 ipsum
2112 2657 2385 2690 Metuendiffirnum

1318 2704 1486 2734 Dominum
1504 2703 1633 2734 nostrum
1647 2700 1763 2739 suosque
1778 2698 1977 2735 Successores,
1997 2697 2091 2735 quoad
2104 2696 2195 2735 ipsum
2211 2698 2244 2729 &
2258 2697 2329 2736 ipsos
2343 2706 2387 2730 at-

1319 2742 1520 2813 grietgsdebitse
1537 2743 1568 2772 in
1582 2741 1716 2772 omnibus
1731 2739 1764 2770 &
1778 2748 1827 2776 per
1843 2737 1943 2768 omnia
1956 2737 2044 2767 teneri
2061 2735 2259 2767 inviolabiliter
2283 2737 2387 2775 paritet

1342 2791 1353 2798 ⁷
1367 2791 1386 2810 Ο
1418 2791 1516 2811 ervarl.

1356 2818 1390 2849 In
1406 2829 1530 2857 quorum
1543 2819 1675 2849 omnium
1691 2817 1723 2848 &
1739 2815 1912 2854 singulorum
1928 2812 2030 2844 Fidem
2044 2813 2078 2844 δε
2087 2812 2306 2844 Testimonium
2318 2813 2387 2845 huic

1320 2857 1396 2888 Parti
1410 2858 1586 2895 Indenturae,
1604 2865 1689 2895 penes
1704 2853 1925 2885 Commiffarios
1939 2855 2018 2890 Regis
2029 2850 2143 2889 Angliae
2157 2851 2305 2889 supradiffl
2331 2855 2386 2882 Re-

1321 2896 1410 2934 liae,
1428 2896 1496 2927 Nos
1512 2894 1707 2927 Commiffarii
1722 2896 1800 2930 Regis
1813 2895 1906 2922 Scotiae
1922 2891 2056 2922 Nomina
2073 2890 2166 2920 nostra
2185 2891 2299 2929 propria
2321 2889 2386 2920 sub-

1321 2934 1654 3005 ἓήρῦῗωεᾞᾷὲὶὸἰςίὶια
1667 2932 1762 2970 nostra
1783 2931 1981 2969 apposuimus,
1998 2929 2105 2968 Anno,
2122 2927 2198 2966 Die,
2217 2927 2335 2967 Mense,
2352 2929 2388 2961 δε

1351 2984 1408 3005 oco
1430 2984 1497 3012 upra
1518 2985 1525 3004 ι
1559 2984 1588 3004 is.

1364 3058 1461 3092 Tenor
1476 3052 1547 3089 verb
1567 3052 1777 3099 Commiffionis
1791 3049 1887 3095 nostrae
1897 3078 1907 3094 ,
1932 3049 1968 3084 de
1987 3060 2049 3097 qua
2056 3047 2155 3095 fiepra
2162 3045 2206 3092 fit
2219 3051 2331 3083 mentio
2341 3075 2354 3094 ‚

1689 3104 1832 3150 ftquitur
1849 3103 1886 3139 &⁶
1901 3097 1940 3144 est
1952 3100 2038 3133 talis.

1358 3194 1483 3233 Ambus,
1495 3192 1554 3224 Dei
1569 3193 1672 3231 gratia,
1687 3195 1747 3222 Rex
1759 3195 1913 3227 Scotorum,
1925 3185 2061 3231 universis
2074 3186 2109 3218 &
2123 3186 2234 3227 fingulis
2243 3210 2253 3226 ,
2265 3186 2300 3218 ad
2315 3196 2391 3227 quo-

1377 3244 1440 3265 rum
1456 3233 1584 3263 Notitias
1598 3233 1746 3270 praesentes
1761 3231 1863 3261 Literae
1878 3234 2058 3266 pervenerint
2094 3225 2229 3257 Salutem.

1367 3273 1448 3304 Cum
1473 3270 1584 3301 dudum
1607 3274 1679 3300 inter
1700 3272 1759 3299 Nos
1778 3269 1811 3300 &
1830 3264 2048 3297 Illustriffimum
2066 3248 2229 3303 Principem
2244 3267 2392 3295 Henri'cum

1329 3311 1442 3350 Angliae
1459 3313 1555 3346 Regem
1571 3307 1824 3347 Confinguineum
1841 3303 1974 3334 nostrum
1991 3302 2183 3342 cariffimum,
2200 3313 2253 3342 pro
2270 3303 2392 3342 Nobis,

1330 3351 1459 3390 Regno,
1474 3349 1588 3384 Terris,
1606 3346 1773 3382 Dominiis,
1789 3346 1822 3376 &
1841 3343 1956 3382 Paaiis,
1978 3352 2012 3373 ac
2029 3341 2155 3372 Subditis
2170 3341 2273 3372 nostris
2290 3343 2324 3374 &
2341 3342 2394 3373 suis

1330 3389 1484 3424 hincinde,
1502 3395 1588 3417 certae
1606 3385 1733 3422 Treugae
1751 3384 1785 3415 &
1800 3383 1979 3414 Guerrarum
1998 3378 2206 3419 Abstinentiae,
2229 3381 2307 3410 initae
2325 3389 2392 3420 cap-

1330 3436 1368 3458 tae
1393 3427 1508 3457 fuerunt
1533 3424 1567 3454 &
1591 3422 1732 3454 conclusae
1748 3445 1758 3460 ,
1784 3421 1835 3452 sub
1858 3421 1941 3451 certis
1963 3418 2057 3449 modis
2072 3419 2106 3450 &
2124 3418 2218 3449 forma
2236 3419 2266 3448 in
2291 3419 2394 3450 Liten's

1331 3465 1447 3503 desuper
1465 3461 1604 3494 confectis
1622 3460 1797 3499 expreffatis,
1814 3459 1894 3490 ficuti
1909 3459 1939 3488 in
1957 3456 2060 3488 eisdem
2079 3456 2179 3488 Liter'is
2193 3457 2303 3496 plenius
2321 3467 2394 3489 coii-

1330 3506 1450 3573 tingat,

1405 3552 1452 3577 os,

1371 3580 1418 3611 Ad
1442 3578 1501 3609 Dei
1519 3577 1738 3616 omnipotentis
1759 3573 1893 3606 Gloriam
1918 3571 2075 3604 Honorem
2103 3573 2139 3604 δε
2167 3571 2398 3611 Κενσωῑίεως

1333 3619 1475 3656 Dampnis
1487 3617 1520 3648 &
1534 3617 1667 3647 Periculis
1681 3614 1826 3652 maximis,
1840 3623 1904 3651 quae
1919 3621 1979 3643 non
1994 3611 2050 3642 fine
2063 3611 2152 3642 multa
2167 3610 2258 3642 Caede
2278 3610 2312 3641 Sa
2373 3611 2397 3640 i-

1333 3658 1430 3701 nisque
1451 3655 1606 3699 Christiani
1626 3653 1765 3698 effiifione
1781 3675 1792 3691 ,
1819 3651 1970 3696 occasione
1988 3650 2182 3694 Guerrarum,
2208 3658 2274 3681 vere
2328 3649 2396 3680 '‘ter

1335 3691 2146 3777 ΕνῧῖἷὲηῗοξῗῶῃζπῗιῖἲέιζῗΈιῗῖιῗιδέἶῗὲἷξῖῗξζῖᾚίἡε
2156 3725 2302 3764 Sanguinis
2314 3724 2397 3758 vici-

1333 3775 1419 3806 nitate
1441 3771 1602 3809 coni-inens
1623 3769 1849 3806 christianaeque
1871 3767 1950 3798 Fidei
1973 3765 2162 3802 Cultoribus,
2196 3772 2334 3801 quantum
2364 3766 2396 3795 in

1334 3812 1434 3843 Nobis
1453 3809 1513 3848 est,
1535 3811 1621 3847 inire,
1643 3808 1809 3844 observare,
1828 3805 1991 3844 custodire,
2009 3802 2175 3841 nostrosque
2194 3801 2330 3833 Subditos
2345 3802 2396 3834 sub

1331 3851 1443 3892 Justitia
1458 3858 1564 3886 ponere
1579 3849 1611 3878 ὅ(
1630 3856 1763 3885 perpetua
1779 3846 1887 3883 Qiiete
1902 3845 2000 3874 fovere
2009 3850 2168 3877 conamur,

1373 3886 1688 3925 HujusmodiTreugas
1705 3887 1738 3917 ὃς
1755 3883 1932 3915 Guerrarum
1952 3880 2142 3913 Abstinentias
2165 3877 2278 3910 ulterius
2294 3887 2398 3918 proro-

1336 3928 1395 3968 gari
1413 3927 1447 3957 &
1465 3926 1500 3956 ad
1515 3925 1642 3962 longiora
1657 3924 1806 3961 Tempora
1820 3921 1932 3952 exiendi
1945 3920 2072 3950 volentes

1372 3965 1421 3996 De
1446 3963 1634 3994 Fidelitatibus
1648 3987 1657 3999 ,
1683 3961 1827 3993 Industriis
1851 3961 1886 3990 &
1910 3957 2035 3997 providis
2060 3940 2399 3998 &ircumspeiiionibiisg

1335 4003 1521 4035 Dilectorum
1540 4002 1574 4032 &
1592 4001 1730 4032 Fidelium
1744 3999 1977 4030 Consiliariorum
1993 3993 2173 4032 nostrorum,
2194 3993 2355 4024 Reverendi
2367 4003 2397 4023 in

1336 4040 1456 4075 Christo
1482 4040 1570 4073 Patris
1595 4038 1736 4071 Willielm
1758 4036 1878 4077 Epistops
1901 4032 2096 4074 Abirdoneufis
2116 4032 2206 4065 nostri
2228 4032 2335 4065 secreti
2341 4029 2400 4108 ἐξ,
