2555 4266
683 135 1259 186 CONVENTIO

33 238 110 269 Ann.
124 237 162 268 D-

34 284 151 351 &1:59ss-

608 318 656 350 De
678 319 831 351 Licentia.

197 408 322 465 REX
338 408 494 443 omnibus,
512 403 546 434 ad
560 413 646 442 quos,
664 404 725 435 δίε.
741 401 878 432 Salutem.
1192 436 1197 442 .

311 447 408 477 Sciatis
429 443 508 483 quod
520 467 529 482 ,
554 442 589 473 de
607 441 704 472 Gratia
720 440 816 471 nostra
833 438 959 479 speciali,
983 439 1013 469 in
1035 437 1257 470 consideratione

193 485 265 516 boni
287 487 321 516 &
334 482 510 521 acceptabilis
525 481 636 513 Servitii
649 480 727 519 quod
744 479 858 510 Dilecti
872 478 1030 509 Servientes
1043 477 1130 507 nostri
1144 474 1258 513 Johan-

193 535 240 554 nes
253 527 373 554 Meautis
387 522 554 553 Secretarius
569 519 663 550 noster
678 530 731 557 pro
746 518 853 557 Lingua
867 516 976 548 Gallica
986 541 995 554 ,
1012 518 1045 548 &
1061 519 1175 552 Rogerus
1190 515 1258 556 Ma?

195 562 278 592 chado
300 563 363 593 alias
375 561 466 592 dictus
481 558 637 590 Richemont
651 561 711 588 Rex
728 560 877 587 Armorum
892 556 923 586 de
938 555 1137 596 Clarenceaux,
1158 551 1258 581 Nobis

193 601 391 640 impenderunt
412 600 446 631 &
469 596 658 636 imposterum
677 596 840 634 impendere
863 594 1010 625 intendunt
1028 615 1037 630 ,
1062 591 1203 621 Dedimus
1223 590 1258 619 δε

193 637 397 670 Conceffimus
421 639 460 669 eis
479 636 558 676 quod
580 636 646 674 ipfi,
669 645 716 673 per
744 634 801 672 Se,
827 634 979 667 Facstores,
1002 631 1185 665 Attornatoe,
1210 626 1257 657 seu

191 677 354 713 Deputatos
375 678 454 714 suos,
473 676 640 706 Numerum
661 674 718 704 slve
738 673 935 712 Qantitatem
951 669 1079 700 Centum
1097 667 1256 697 Doliorum

191 716 228 746 de
244 716 326 746 Vinis
343 716 494 747 Gasconiae
508 715 536 744 in
555 714 646 752 aliqua
660 712 738 743 Navi
754 714 809 742 sive
823 710 957 740 Navibus
969 708 1004 739 de
1021 706 1150 750 Partibus
1170 704 1256 734 Fran-

191 756 263 793 ciae,
281 755 434 793 Ispanniae‚
460 753 626 789 Britanniae,
649 759 695 782 aut
717 750 837 780 aliorum
857 747 1022 791 nostrorum
1047 745 1255 783 Alligatorum,

187 803 242 830 pro
260 795 342 825 unica
355 795 420 824 vice
434 800 557 826 tantum,
574 792 602 821 in
616 789 744 820 Partibus
759 786 965 817 Transmarinrs
981 783 1101 827 Carcare
1117 780 1257 825 &quu-

187 832 259 863 stare
284 833 330 863 seu
354 832 469 862 Carcari
492 832 524 861 &s
548 827 683 860 Onustari
708 827 809 862 facere,
827 835 860 854 ac
882 824 982 854 eadem
999 822 1072 852 Vina
1086 832 1113 851 in
1129 820 1253 856 aliquem

185 869 308 901 Portum
323 871 394 901 infra
408 869 544 908 Regnum
567 866 697 897 nostrum
721 865 850 900 Angliae,
869 864 902 893 &
925 862 983 904 hoc
998 860 1071 904 infra
1087 859 1253 896 praesentem

185 909 308 940 Annum
332 909 448 940 Ducere
462 910 495 939 ὃς
512 905 675 943 Asportare,
692 913 738 933 aut
762 903 841 933 Duci
858 901 902 931 seu
921 901 1062 937 Alportari
1081 898 1172 928 facere
1187 906 1253 941 pos·

185 949 239 978 fint
254 950 287 979 &
300 947 426 985 valeant,
445 946 550 976 ibidem
565 943 674 978 Vendi,
693 941 824 981 Exponi,
843 942 876 971 ὃ(
899 939 1008 969 onerari
1022 937 1056 982 ad
1073 937 1118 981 sua
1131 944 1253 966 maxima

186 985 316 1017 Proficua
333 987 365 1017 &
382 984 570 1021 Avauntagia,
587 982 683 1019 aliquo
697 981 822 1016 Statuto,
843 979 937 1016 Actu,
957 976 1162 1013 Ordinatione,
1180 974 1254 1005 Pro-

191 1025 355 1063 vifioneve,
381 1022 573 1053 Restrien'one
586 1022 614 1050 in
630 1020 804 1050 contrarium
820 1017 898 1047 saeris
908 1039 916 1054 ,
934 1025 994 1046 non
1007 1013 1190 1045 obstantibus.

221 1062 520 1138 I'ri‘ecs’gjeusl’kgcgfz'apud
543 1095 818 1137 Wstmonasterium,
836 1094 952 1124 decimo
968 1091 1087 1132 septimo
1106 1091 1165 1124 Die
1180 1091 1252 1123 No-

179 1141 312 1172 vembris.

33 440 89 465 An.
108 446 150 467 ιο,

30 480 66 502 H.
92 484 117 510 7.

30 517 169 542 Fratrem·

27 559 67 583 Η.
85 560 111 584 7.

31 599 67 616 m.
83 591 110 617 8.

657 1175 711 1203 Per
731 1175 824 1203 Breve
839 1172 871 1202 de
893 1173 1014 1201 Privato
1034 1168 1133 1208 sigillo.

451 1318 500 1350 De
532 1313 722 1359 Restitutione
738 1313 974 1360 Temporalium.

153 1442 159 1448 .
184 1401 548 1460 ΚΕΧἈΕΓεεεῑοήιΐυο
570 1402 599 1431 in
623 1400 815 1445 Comitatibus
829 1398 979 1436 Eborum,
998 1395 1131 1442 Salutem.
1194 1435 1199 1440 ι

293 1442 372 1473 Cum
398 1442 545 1472 Dominus
567 1444 688 1470 Summus
701 1437 851 1478 Pont1fex,
869 1437 1066 1467 Venerabilem
1082 1445 1110 1465 in
1128 1431 1246 1465 Christo

129 1485 134 1490 ’
181 1477 294 1511 Patrem
309 1481 474 1518 Ricardum,
489 1489 571 1518 nuper
587 1477 796 1516 Bathonienfi’m
810 1476 848 1511 ὠ·
866 1475 1025 1514 ΨεΙΙεηῘὲνη
1038 1475 1213 1514 Eptfiopum,
1231 1483 1246 1502 a

127 1521 133 1527 '
181 1519 314 1558 vinculo,
334 1527 392 1558 quo
414 1517 592 1550 Bathoniensi
617 1518 649 1548 &
668 1516 805 1548 &vellensi
820 1514 951 1545 Ecclesris
968 1514 1094 1544 invicem
1109 1513 1246 1556 canonice

141 1597 147 1603 ·
179 1558 413 1627 initiit'ffibbu?
424 1567 503 1626 ιωης
522 1565 677 1624 Ρηῗῗιῗῑέἀ
689 1555 851 1624 [ἓὲἰῗέῗ-,ἓὲζ
866 1551 1248 1622 ἒξὲἑῖἳὲέῗῇἒεὲἶξέὲῗὲ

179 1605 424 1673 ῐεῗεῑεΑἷέίὶοΗεΞ
435 1606 654 1671 ν’ῗῗέᾏέξυῗεήῑ,
672 1609 817 1670 ipsumque
836 1632 863 1660 in
879 1630 1052 1668 Episcopum
1081 1629 1156 1659 Loci
1178 1628 1249 1671 illius

176 1673 333 1711 praefecerit
352 1674 385 1704 ὃ(
406 1673 572 1712 Pastorem,
596 1672 666 1702 ficut
689 1681 739 1709 per
762 1671 869 1700 Literas
886 1668 1003 1700 Bullatas
1025 1668 1106 1707 ipsius
1121 1667 1246 1698 Domini

177 1713 280 1742 Summi
292 1711 446 1753 Pontificis,
462 1709 560 1742 Nobis
576 1711 642 1741 inde
656 1709 791 1748 diretstas,
807 1708 906 1739 Nobis
920 1707 1048 1747 constat,

215 1750 330 1820 PJrgs’eo
353 1789 430 1828 quod
454 1787 593 1828 Praefatus
616 1786 779 1818 Venerabilis
802 1788 887 1816 Pater
909 1786 1046 1815 omnibus
1075 1785 1109 1816 ὃ(
1135 1783 1245 1823 singulis

177 1825 299 1864 Verbis,
318 1827 416 1858 Nobis
430 1828 463 1859 &
479 1827 608 1858 Coronae
625 1825 728 1856 nostrae
749 1825 1005 1864 Praejudicialibus,
1023 1825 1050 1853 in
1067 1823 1149 1853 dic-”tis
1167 1823 1245 1853 Lite-

177 1866 212 1895 ris
232 1865 342 1896 Bullatis
364 1868 520 1906 contentis,
538 1875 636 1897 coram
661 1864 760 1895 Nobis
780 1864 870 1901 palam
889 1865 921 1894 &
935 1863 1063 1902 expresse
1078 1861 1244 1893 Renuncia-

177 1904 235 1943 vit,
251 1905 284 1935 &
307 1904 415 1935 Gratiae
435 1904 540 1949 nostrae
563 1904 702 1935 humiliter
718 1903 745 1934 se
766 1903 900 1934 Submisrt
912 1925 920 1941 ,
939 1903 1067 1934 volentes
1084 1910 1152 1932 cum
1166 1911 1201 1931 eo
1215 1901 1244 1931 in

176 1942 229 1973 hac
242 1951 316 1980 parte
327 1953 407 1983 agere
421 1946 560 1982 gratiose,

216 1981 353 2026 Cepimus
375 1983 548 2013 Fidelitatem
562 1981 639 2021 spfius
656 1980 821 2024 Venerabilis
834 1982 945 2018 Patris,
964 1979 1060 2011 Nobis
1082 1988 1134 2016 pto
1149 1977 1244 2009 Tem-

177 2021 323 2090 ξῖῗῐαιὶὲϋιὲ
340 2021 407 2065 όῂἂί
419 2021 603 2059 Episcopatus
612 2020 817 2051 Dunolmenlis
827 2020 1009 2057 debitam2&
1024 2018 1245 2056 eiTemporalia

209 2072 222 2091 a
275 2071 290 2090 e
318 2069 444 2091 1turmus·

214 2098 251 2129 Et
274 2099 339 2129 ideo
365 2100 414 2129 ribi
439 2099 623 2136 Praecipimus
643 2097 722 2135 quod
737 2101 820 2127 eidem
838 2095 990 2126 Venerabili
1006 2098 1087 2125 Patri
1109 2095 1243 2132 Tempo-

177 2071 186 2090 ¹
437 2084 446 2097 Ἰ

175 2137 239 2168 ralia
255 2138 405 2181 praedicta,
423 2148 489 2168 cum
510 2137 704 2180 Pernnenriis,
723 2137 752 2166 in
767 2135 870 2166 Balliva
887 2135 952 2173 tua,
972 2135 1089 2165 Liberes
1103 2135 1131 2164 in
1148 2133 1244 2165 forma

152 2176 325 2215 §praedici-a·
348 2176 497 2215 salvoJure
512 2175 666 2213 cujussibet.

135 2210 143 2222 ⁵
209 2214 296 2246 Teste
312 2200 395 2255 kege
406 2216 478 2253 apud
492 2213 764 2254 Westmonasterium,
782 2213 888 2244 octavo
906 2213 952 2244 die
971 2211 1149 2244 Decembris.

653 2293 707 2321 Per
724 2293 816 2321 Breve
831 2291 863 2320 de
879 2292 999 2320 Privato
1016 2290 1117 2328 Sigillo-

176 2370 343 2401 Consimilia
357 2369 453 2400 Brevia
470 2369 626 2408 diriguntur
640 2368 833 2399 Escaetoribus
846 2368 1019 2405 subscriptis,
1036 2369 1066 2398 in
1084 2367 1241 2399 Comitati—

348 2410 399 2439 bus
414 2408 584 2447 subscriptis,
600 2408 650 2438 sub
672 2408 770 2439 eadem
793 2407 888 2446 Data,
912 2407 1060 2446 videlicet,

214 2486 353 2525 Efiaetori
369 2489 445 2523 Regis
458 2490 486 2515 in
506 2488 578 2514 Com.
595 2484 776 2514 Northumbr.

215 2525 354 2565 Efiaetori
371 2528 447 2562 Regis
465 2528 494 2554 in
513 2527 584 2554 Com.
602 2524 694 2553 Midd.

212 2601 252 2633 Et
269 2601 437 2632 Mandatum
456 2600 496 2631 est
512 2599 672 2639 Militibus,
687 2601 750 2632 διε.

329 2733 355 2759 ³&
383 2735 432 2767 De
454 2729 625 2765 Traflando
647 2743 716 2764 cum
742 2728 926 2775 Desmondiae
948 2733 1070 2764 Comite.

22 2771 117 2800 vm.

24 2809 91 2845 5⁶⁷⁴
113 2846 155 2878 D.
181 2819 265 2877 RE

21 2848 90 2878 ΑΠΠ
275 2820 306 2852 Χ
323 2819 475 2856 omnibus,
492 2817 526 2849 ad
543 2827 632 2857 quos,
651 2818 710 2850 &e
732 2816 865 2847 Salutem.

275 2859 372 2889 Sciatis
387 2858 467 2895 qubd
484 2857 553 2888 Nos
561 2879 571 2894 ,

22 2895 131 2953 A¹494·
215 2897 261 2928 De
278 2898 436 2941 Fidelitate,
453 2893 871 2940 providaUCIircumspestgone,
886 2901 970 2938 atque
978 2891 1119 2924 Industria
1133 2893 1241 2924 Praedi-

52 2936 76 2952 η·
94 2935 134 2952 ¹0·
178 2934 245 2966 lecti
264 2938 296 2967 ὃς
313 2935 416 2966 Fidelis
430 2934 590 2965 Conlrltarn
605 2935 639 2966 &
653 2932 900 2976 Capellamnostri
915 2933 1026 2975 Ricardi
1041 2935 1153 2962 Hatton
1173 2931 1241 2964 Cle-

24 2969 105 3029 filda-
118 3011 154 3030 m.
178 2976 227 3006 rici
237 2998 246 3013 ‚
260 2974 332 3013 Juris
347 2973 485 3012 utriusque
500 2973 640 3003 Doffikoris
651 2972 893 3010 quamplurimum
907 2971 1082 3002 confidentes
1092 2994 1101 3009 ,

213 3014 306 3052 Ipsum
326 3022 424 3043 verum
448 3013 481 3043 ὃ(
504 3011 694 3042 indubitatum
717 3009 955 3040 Commissarium
970 3033 980 3048 ,
1005 3009 1242 3048 Procuratorem,

29 3048 52 3069 ¹·
176 3051 371 3090 Deputatum,
389 3052 423 3083 &
440 3050 595 3081 Nun-cium
607 3048 752 3086 specialem
768 3049 914 3087 Facimus,
934 3047 1161 3087 Censtituimus,
1181 3048 1241 3079 Or-

177 3093 319 3129 dinamus,
339 3091 372 3122 &
393 3090 572 3126 Deputamus
587 3098 635 3125 per
650 3086 820 3126 Praesentes3

216 3129 324 3160 Dantes
345 3130 379 3161 ὃς
400 3127 602 3158 Concedentes
626 3125 728 3156 eisdem
749 3126 878 3165 plenam,
897 3122 1015 3156 Terrore
1035 3125 1240 3164 Praesentium,

179 3168 351 3200 Potestatern
368 3169 401 3199 &
416 3166 625 3197 Auctoritatem
640 3174 674 3194 ac
693 3163 863 3195 Mandatum
879 3164 996 3202 speciale
1016 3174 1086 3195 cum
1104 3167 1239 3194 Mauricio

182 3211 247 3235 Fit-z
270 3206 385 3236 Garard
406 3208 507 3234 Comite
529 3203 721 3243 Definondiae,
745 3213 777 3232 ac
800 3213 868 3232 cum
892 3204 998 3234 caeteris
1016 3203 1239 3242 quibuscumque

179 3245 308 3275 Personis
324 3246 372 3274 libi
394 3245 422 3273 in
441 3244 533 3274 Terra
546 3242 639 3272 nostra
661 3241 809 3272 Hiberniae
828 3243 856 3271 in
876 3240 1045 3271 Rebellione
1063 3242 1242 3272 Adhaerenti—

180 3284 249 3320 bus,
263 3284 298 3313 de
312 3285 344 3315 &
360 3282 438 3319 super
454 3282 669 3311 Reformatione
683 3289 932 3318 quorumcumque
949 3279 1148 3310 Proditionum
1160 3303 1168 3317 ,
1188 3280 1210 3309 F
1212 3290 1242 3310 e-

126 3329 132 3336 ·
179 3322 319 3352 loniarurn
329 3344 338 3358 .,
348 3320 605 3358 Depraedationum
616 3341 626 3357 ,
636 3318 838 3349 Rebellionum
849 3342 857 3355 ,
873 3317 1244 3355 Irisurreetionumssrans-

183 3360 375 3399 greffionum,
393 3359 642 3396 Contemptcum,
660 3356 879 3397 Mesprisronum
888 3380 899 3395 ,
918 3357 1112 3393 Guerrarum,
1130 3358 1163 3388 &
1175 3358 1245 3386 alio-

184 3408 250 3429 rum
274 3396 515 3436 Attemptatorum
537 3405 805 3434 quorumcumque,
823 3404 921 3425 contra
944 3396 1071 3425 debitum
1092 3395 1245 3433 Ligeantiae

183 3440 241 3470 suae
258 3435 499 3474 qualitercumque
511 3436 668 3472 factorum,
688 3434 744 3464 five
768 3442 1006 3471 perpetratorum,
1027 3432 1247 3472 Conveniendi,

184 3473 340 3542 Trathianjli
357 3472 634 3540 E.Communicandi
650 3496 660 3512 ,
686 3471 909 3511 Appunetuandi
923 3494 933 3510 ,
959 3471 1165 3502 Concordandi
1176 3496 1186 3510 ‚
1214 3473 1247 3504 &

187 3516 274 3546 Cone
286 3523 313 3542 u‘
326 3521 360 3541 en
382 3522 406 3549 1,

225 3553 268 3582 Ac
282 3559 383 3581 omnes
398 3549 566 3592 &singulos
581 3550 714 3581 Subditos
731 3551 764 3581 &
779 3547 888 3580 Incolas
905 3548 1006 3580 Terrae
1028 3548 1132 3579 nostrae
1150 3548 1249 3586 praedi-

187 3592 259 3627 else,
275 3590 323 3627 qui
357 3598 420 3618 erres
432 3588 521 3626 ipsum
536 3588 773 3618 Commissarium
788 3588 917 3617 nostrum
935 3597 987 3624 pro
1002 3586 1101 3617 Gratia
1121 3589 1154 3619 &
1170 3587 1247 3618 Pace

187 3629 288 3661 nostris
302 3599 437 3670 hagendis
452 3625 583 3669 Prosequi
597 3629 630 3659 &
644 3627 680 3658 Se
701 3627 801 3657 Nobis
816 3627 894 3657 Dare
910 3627 944 3658 &
959 3626 1133 3656 Submittere
1148 3626 1248 3656 volue-

189 3670 262 3705 rint,
281 3667 314 3697 ad
330 3664 492 3704 hujusmodl
505 3664 608 3694 Pacem
625 3667 657 3696 ἃ
670 3665 801 3695 Gratiam
818 3665 992 3703 Acceptandi
1010 3666 1043 3697 &
1060 3664 1248 3702 Admittendi‚

191 3709 226 3738 &
240 3705 381 3744 superinde
397 3703 504 3733 Literas
516 3703 620 3733 nostras
634 3704 668 3733 de
684 3703 892 3734 Pardonatione
905 3705 938 3735 δε
949 3704 1115 3733 Abolitione
1124 3703 1173 3732 sibi
1182 3702 1251 3733 fien-

190 3746 218 3774 di
234 3746 264 3775 ὅ(
279 3753 327 3782 per
341 3742 412 3773 Nos
425 3740 520 3771 Dandi
537 3742 570 3772 &
586 3740 793 3780 Concedendi,
812 3744 846 3774 ὃς
861 3742 997 3773 Nomine
1011 3741 1109 3772 nostro
1123 3740 1250 3773 Promit-

193 3784 270 3813 tendi
281 3804 290 3818 ,

231 3821 322 3857 Atque
336 3820 421 3849 etiam
433 3817 530 3848 Filium
544 3817 610 3847 dieti
625 3819 734 3846 Comitis
750 3820 956 3855 Primogenitum
965 3842 974 3857 ,
992 3819 1021 3848 in
1037 3817 1207 3848 Custodiam
1217 3820 1251 3849 &

193 3857 435 3887 Gubernationem
456 3856 580 3886 nostram
602 3855 791 3894 Ponendum,
807 3858 842 3886 ab
856 3856 908 3896 ipsb
931 3861 1032 3886 Comite
1049 3856 1184 3887 Nomine
1199 3867 1253 3886 no-

194 3895 252 3924 stro
270 3896 433 3932 Recipiendi
471 3896 503 3926 ὃς
520 3894 619 3926 Nobis
640 3894 668 3922 in
686 3893 744 3923 hoc
760 3893 894 3932 Regnum
917 3895 1047 3925 nostrum
1068 3894 1170 3924 alibive
1187 3894 1253 3924 Du-

195 3932 296 3969 cendi,
310 3942 422 3962 necnon
454 3942 632 3963 uramentum
649 3932 673 3961 F
675 3931 800 3962 idelitatis
815 3934 848 3964 &
862 3932 1018 3969 Ligeantiae
1028 3933 1128 3963 Nobis
1140 3932 1255 3964 &Hae-

195 3970 420 4012 redibus'nostris
435 3971 623 4009 imposterum
638 3970 822 4009 gerendarum
832 3993 841 4007 ,
858 3981 889 4001 ac
905 3972 1048 4009 superinde
1064 3971 1254 4010 Recognitio-

196 4019 262 4045 nes,
287 4007 501 4047 Fidejuffiones,
772 4008 987 4047 obligationes,
1008 4009 1256 4048 Manucaprffines,

197 4045 365 4084 caeterasque
380 4045 550 4085 Cautiones,
568 4047 628 4080 tam
641 4056 657 4078 a
666 4045 786 4086 praefato
809 4050 910 4080 comite
925 4049 1012 4087 qu‘atn
1028 4049 1135 4080 caeteris
1150 4047 1255 4081 Genti-

1286 131 1330 174 N
1374 129 1503 182 Es,
1559 126 1950 177 LITERAE‚

1292 220 1346 250 bus
1359 220 1393 250 &
1410 216 1516 247 Incolis
1537 214 1639 246 Terrae
1657 214 1764 244 nostrae
1780 213 1958 254 Hyberniae‚
1970 224 2024 254 pro
2043 214 2144 247 Nobis
2166 215 2201 246 ὃς
2224 213 2363 246 Nomine
2377 210 2455 243 Ann.
2468 211 2513 246 D.

1294 257 1393 289 nostro
1413 265 1448 285 ex
1464 253 1554 285 Causa
1576 253 1710 292 praedieta
1730 253 1918 291 Recipiendi,
1938 255 1972 285 &
1992 254 2026 284 ad
2045 264 2116 292 opus
2134 253 2264 285 nostrum
2279 253 2363 285 Reti·
2404 260 2496 290 1494.

1294 296 1402 334 nendi,
1430 294 1463 325 &
1486 292 1631 331 superinde
1651 292 1757 322 Literas
1774 291 1884 322 nostras
1901 290 2032 323 Parentes
2053 293 2089 323 de
2106 293 2314 324 Pardonatione
2332 294 2366 325 &
2379 294 2445 320 ΗΜ.
2464 300 2492 326 7·

1296 335 1481 371 Abolitione‚
1502 329 1741 375 MagnoSigillo
1763 330 1862 360 nostro
1883 330 2022 368 munitas,
2035 329 2153 370 praefato
2175 335 2275 362 comiti
2291 332 2367 363 Tra-

1292 372 1378 404 dendi
1395 374 1427 404 δε
1444 369 1648 408 Deliberandi,

1333 412 1505 448 Caeteraque
1525 408 1677 446 Faciendi,
1695 406 1876 445 Exequendi,
1897 407 1931 438 &
1948 404 2126 444 Expediendi
2147 419 2212 447 quae
2233 408 2262 439 in
2286 408 2364 440 Prae-

1295 451 1382 482 miffis
1393 450 1439 480 seu
1453 449 1528 479 circa
1541 456 1573 478 ea
1590 447 1740 478 neceflaria
1754 446 1860 476 fuerint
1871 446 1916 475 seu
1933 444 2152 481 quomodolibet
2167 457 2326 488 oportuna,

1330 489 1548 525 Promittentes,
1565 485 1643 517 bona
1654 486 1723 517 Fide
1738 486 1809 517 &in
1822 484 1921 515 Verbo
1933 483 2030 527 Regio
2039 507 2049 520 ,
2068 483 2137 514 Nos
2150 484 2258 516 Ratum
2267 510 2277 525 ,
2286 487 2364 518 Gra-

1295 535 1356 557 tum
1373 528 1407 558 &
1422 526 1552 555 Firmum
1564 525 1708 555 habituros
1725 533 1821 555 totum
1843 526 1876 556 &
1892 522 2026 561 quicquid
2040 522 2190 559 praedictus
2212 523 2363 556 Commis-

1294 566 1376 594 sarius
1386 588 1396 603 ,
1415 564 1606 600 Procurator,
1623 562 1800 603 Depuratus,
1816 563 1849 595 &
1865 562 2002 592 Nuncius
2018 559 2114 591 noster
2128 562 2227 593 fecerit
2237 562 2284 595 seu
2296 573 2363 605 pro-

1295 604 1398 633 miserit
1414 603 1444 632 in
1464 601 1636 639 Praemiffis‚
1654 602 1699 633 seu
1715 602 1810 640 aliquo
1827 599 2058 637 Praemifforum,

1584 641 1684 670 omnia
1699 641 1733 672 &
1748 640 1871 678 singula,
1891 648 1954 677 quae
1972 638 2031 676 ipse
2051 638 2149 669 fecerit
2168 637 2214 669 seu
2228 637 2365 671 Nomine

1295 679 1394 710 nostro
1413 677 1577 709 Promiserit
1598 679 1628 708 in
1649 678 1817 716 Praemfffis,
1837 680 1905 709 tanti
1926 677 1978 707 sint
2000 676 2145 717 Roboris,
2163 676 2314 717 Effectus,
2331 680 2366 713 &c

1293 717 1456 787 Εὲἷιεεςίιξ,
1472 717 1539 785 ac&s¹
1553 726 1584 746 ea
1601 717 1630 746 in
1643 716 1765 748 Persona
1778 716 1872 748 nostra
1886 715 2057 748 fecissemus.

1349 767 1366 786 n
1381 767 1416 787 cu
1430 766 1461 786 us
1533 765 1560 785 c.

1345 766 1436 826 TestJe
1452 777 1537 831 R'ege
1551 793 1625 831 apud
1639 793 1914 834 Wellmonasterium,
1933 793 2110 825 duodecimo
2124 792 2169 824 die
2184 791 2366 825 Decembris·

1956 876 2012 904 Per
2030 873 2113 913 ipficm
2128 874 2232 913 Regem.

1456 1005 1514 1036 Pro
1538 1004 1653 1036 Comite
1679 998 1884 1046 Desmondlae,
1909 997 1946 1032 de
1972 997 2199 1036 Pardonatione.

1290 1085 1416 1143 REX
1435 1089 1573 1119 omnibus
1596 1086 1706 1118 Ballivis
1727 1086 1761 1117 ὅ(
1783 1084 1927 1116 fidelibus
1945 1083 2014 1123 suis,
2031 1084 2065 1115 ad
2087 1095 2174 1124 quos,
2192 1087 2252 1119 &c.
2279 1087 2359 1120 Salu-
2375 1082 2452 1115 Ann.
2468 1083 2511 1120 D,
2542 1101 2545 1103 >

1367 1136 1436 1157 tem.
2396 1132 2484 1162 1494.
2523 1133 2527 1136 ·

1324 1164 1422 1197 Sciatis
1435 1165 1516 1204 quod
1530 1165 1615 1204 Nos,
1635 1164 1671 1196 de
1685 1163 1785 1194 Gratia
1800 1162 1895 1193 nostra
1909 1160 2038 1200 speciali,
2057 1171 2089 1192 ac
2106 1171 2141 1193 ex
2161 1172 2236 1194 certa
2259 1165 2359 1198 Scien-
2374 1166 2427 1192 An.
2446 1172 2490 1190 ιο.

1287 1204 1325 1234 tia
1350 1206 1383 1235 ὃς
1406 1214 1487 1235 mero
1513 1203 1601 1235 Motu
1627 1202 1748 1241 nostris,
1776 1203 1828 1233 ΡΑ
1840 1211 1862 1231 R
1875 1210 1922 1230 bo
1935 1209 1987 1230 NA
2000 1208 2131 1231 vimus
2149 1223 2157 1238 ‚
2189 1201 2358 1236 Rssmrs1-
2375 1206 2408 1229 H.
2428 1210 2451 1234 7.

1287 1250 1314 1272 M
1324 1251 1345 1271 υ
1356 1254 1384 1281 s,
1403 1244 1434 1274 &
1456 1243 1483 1273 R
1494 1252 1511 1272 E
1522 1252 1543 1273 L
1553 1252 1572 1272 A
1582 1252 1599 1272 x
1614 1251 1634 1272 A
1645 1253 1664 1272 v
1677 1252 1688 1272 t
1700 1250 1726 1271 M
1735 1251 1758 1272 υ
1770 1251 1781 1271 s
1804 1243 1939 1270 Mauricio
1952 1242 2020 1268 Fitz
2035 1240 2152 1269 Garara'
2169 1244 2267 1271 comiti
2286 1244 2357 1284 Des:
2403 1239 2469 1268 lbid.

1285 1283 1415 1320 moridie,
1433 1282 1477 1312 seu
1496 1291 1684 1320 quocumque
1696 1281 1751 1311 alio
1769 1279 1905 1310 Nomine
1921 1279 2082 1316 emieat-ar,
2100 1280 2271 1311 omnimoda
2284 1281 2358 1313 Pro-

1284 1319 1421 1358 ditiones,
1440 1319 1577 1358 Murdra,
1597 1320 1704 1357 Raptus
1715 1320 1872 1348 Mulierum
1883 1341 1890 1354 ‚
1911 1317 2111 1356 Rebelliones,
2126 1317 2360 1361 [nlurrec'liones‚

1285 1358 1402 1395 Riotas,
1424 1359 1572 1397 Felonias,
1592 1357 1841 1396 Conr‘pirationes,
1859 1356 2085 1394 Cambiparrias‚
2106 1356 2355 1400 Manutenentias,

1284 1397 1555 1428 Confoederationes
1571 1420 1580 1434 ,
1609 1396 1832 1427 C.].wenticulas
1860 1396 1983 1434 illicitas,
2003 1394 2214 1435 Jnrbraciarias,
2240 1399 2273 1427 ὃς
2293 1399 2359 1431 alias

1283 1436 1544 1476 Transgreffionez,
1563 1435 1712 1474 Offensas,
1734 1434 1930 1472 Extorriones,
1951 1433 2357 1476 Mesprisiones,ignorantias,

1284 1474 1493 1514 Contemptus,
1517 1475 1760 1512 Concelarnenta‚
1779 1472 1996 1511 Forisfacluras,
2014 1474 2048 1504 δε
2074 1473 2288 1514 DeceptroneS,
2307 1486 2357 1513 per

1282 1513 1365 1552 ipfiaem
1381 1518 1508 1544 Com:tem
1523 1523 1586 1543 ante
1597 1513 1762 1552 prtesentem
1772 1512 1861 1542 Diem
1878 1513 2118 1551 qualitercumque
2131 1513 2206 1543 facia
2221 1514 2277 1545 live
2290 1525 2355 1554 per-

1282 1562 1404 1591 petrata,
1417 1563 1531 1584 necnon
1545 1552 1720 1582 omnimodo
1733 1551 1864 1589 judicia,
1884 1551 1988 1581 Poenas
2005 1549 2130 1590 Mortis,
2149 1552 2181 1582 &
2197 1551 2354 1584 Executio-

1283 1601 1333 1621 nes
1349 1595 1439 1622 verius
1461 1591 1544 1631 ipficm
1560 1594 1690 1620 Comitem
1706 1590 1812 1620 reddita
1831 1589 1888 1619 five
1905 1589 2077 1627 adjudicata,
2096 1598 2143 1620 aut
2157 1590 2297 1623 reddenda
2320 1593 2354 1622 fi-

1283 1640 1320 1660 ve
1333 1630 1518 1669 adjudicanda
1532 1629 1740 1660 Occalionibus
1756 1628 1896 1666 praedietis
1908 1628 1952 1658 seu
1966 1637 2059 1658 earum
2075 1629 2180 1668 aliqua,
2197 1639 2230 1660 ac
2238 1631 2355 1662 Sed-am

1284 1668 1363 1699 Pacis
1380 1669 1484 1700 nostrae
1495 1692 1505 1709 ,
1525 1672 1540 1685 '⁶
1556 1678 1622 1705 quae
1637 1668 1672 1698 ad
1689 1668 1757 1698 Nos
1772 1666 1866 1696 versus
1879 1666 1969 1703 ipsum
1987 1668 2108 1704 pertinet
2136 1677 2188 1706 pro
2203 1668 2354 1700 Prtemiffis
2373 1664 2390 1682 ⁴⁵
2408 1663 2479 1694 XH-

1281 1707 1325 1738 seu
1335 1708 1430 1746 aliquo
1443 1707 1662 1738 Praemtrtbrum
1672 1730 1681 1746 ‚
1701 1715 1815 1736 necnon
1831 1704 2004 1743 UtligariaS,
2022 1705 2039 1734 si
2051 1716 2114 1744 quae
2129 1707 2157 1735 in
2171 1707 2254 1746 ipsimi
2268 1712 2355 1738 Cami—
2371 1702 2438 1738 5⁶8·

1283 1753 1336 1776 tem
1350 1747 1401 1776 hiis
1416 1746 1612 1777 occasionibus
1626 1745 1669 1774 seu
1685 1754 1780 1774 earum
1798 1743 1888 1780 aliqua
1910 1744 2014 1774 fuerint
2032 1745 2238 1785 promulgatae,
2256 1747 2290 1778 &
2307 1747 2355 1778 fif-

1283 1796 1362 1816 mam
1377 1786 1484 1816 Pacem
1501 1784 1628 1814 nostram
1642 1784 1667 1814 ei
1682 1782 1747 1813 inde
1765 1781 1985 1819 concedimus,

1319 1823 1360 1855 lta
1376 1834 1474 1855 tamen
1508 1822 1568 1853 uod
1583 1821 1635 1852 stet
1651 1823 1734 1851 Redlo
1749 1824 1778 1850 in
1793 1823 1876 1849 Curia
1893 1820 2002 1859 nostra,
2018 1819 2037 1849 sl
2047 1821 2108 1857 quis
2125 1821 2217 1852 versus
2231 1833 2299 1855 eum
2311 1824 2355 1855 lo-

1283 1864 1333 1932 quIi
1350 1863 1472 1893 voluerit
1486 1873 1522 1932 δῖ
1537 1859 1706 1898 Praemiffis,
1722 1859 1766 1890 seu
1781 1860 1877 1897 aliquo
1891 1858 2122 1889 Praemislorum:

1336 1912 1353 1931 n
1374 1912 1409 1932 cu
1425 1911 1454 1931 us
1520 1911 1546 1931 c.

1318 1912 1418 1972 TesteJ
1431 1924 1515 1979 R'ege
1532 1938 1607 1978 apud
1624 1936 1900 1979 Wstmonasterium,
1919 1935 2096 1967 duodecimo
2110 1936 2157 1967 die
2172 1936 2356 1971 Decembris.

1912 2016 1967 2044 Per
1983 2013 2067 2054 ipsiaem
2087 2017 2195 2053 Regem.

2338 2171 2342 2173 Δ
2366 2154 2415 2186 eo

1280 2230 1394 2291 REX
1428 2230 1583 2264 Carissimo
1600 2231 1822 2270 Consanguineo
1844 2229 1894 2261 suo
1914 2229 2020 2260 Thomae
2035 2234 2134 2262 Comiti
2151 2235 2252 2262 Surriae
2275 2232 2350 2264 Sub·
2368 2223 2497 2255 Anno,

1352 2256 1465 2302 cusiodi
1483 2282 1516 2302 ac
1529 2271 1736 2310 Vicegardiano
1750 2269 2028 2300 Westmerchiarum
2044 2270 2077 2301 ὅ(
2093 2269 2258 2302 Mediarum
2268 2271 2349 2304 Mer·
2390 2272 2476 2302 1495-

1279 2310 1409 2342 chiarum
1427 2311 1516 2341 versus
1532 2311 1677 2348 Scotiam,
1695 2309 1830 2340 Salutem.
2366 2305 2419 2331 An.
2439 2313 2482 2332 ¹0-

1319 2351 1417 2381 Sciatis
1434 2349 1533 2388 quod,
2367 2345 2403 2369 H.
2420 2350 2447 2376 7-

1319 2388 1404 2420 Cum
1421 2388 1546 2418 nonnulli
1564 2386 1719 2417 Adversarii
1736 2385 1768 2417 δε
1782 2384 1896 2416 Inimici
1913 2385 2019 2423 nostri,
2038 2385 2096 2416 tam
2109 2385 2145 2417 de
2155 2385 2261 2427 Regno
2274 2387 2347 2419 Sco-
2364 2383 2423 2408 Pat.
2440 2389 2483 2410 ¹0·

1278 2425 1324 2457 tiae
1341 2429 1427 2466 quam
1445 2427 1503 2457 aliis
1517 2426 1648 2457 Partibus
1662 2424 1784 2463 Exteris,
1802 2425 1830 2454 in
1844 2435 1902 2454 non
1914 2425 2033 2455 modico
2041 2424 2194 2464 Numero,
2209 2427 2346 2466 Regnum
2364 2422 2398 2444 H.
2416 2426 2444 2451 7·

1279 2465 1412 2496 nostrum
1426 2466 1555 2504 Angliae,
1573 2465 1602 2494 in
1620 2465 1748 2495 Partibus
1768 2463 1940 2501 Boriahbus,
1958 2463 2027 2494 infra
2050 2465 2135 2494 breve
2152 2465 2276 2503 ingredi,
2296 2465 2347 2495 Li-
2364 2465 2390 2482 m
2421 2464 2466 2491 ¹7-

1279 2505 1403 2545 geosque
1418 2505 1528 2535 nostros
1543 2503 1653 2534 rbidem
1671 2502 1860 2541 Expugnare,
1878 2511 1910 2531 ac
1925 2502 1960 2532 de
1975 2501 2062 2532 Bonis
2075 2502 2128 2532 suis
2143 2501 2268 2542 Spoliare
2281 2504 2348 2535 sata-
2367 2494 2422 2523 ‘10'-

1277 2553 1366 2583 gunt,
1383 2545 1416 2575 &
1441 2553 1494 2582 pro
1517 2543 1623 2574 viribus
1639 2541 1795 2572 Destruere
1813 2541 1980 2577 intendunt,
1999 2550 2030 2571 ut
2052 2541 2189 2572 veraciter
2211 2542 2349 2575 informa-

1279 2592 1343 2612 mur

1313 2606 1400 2658 Nes,
1415 2629 1516 2651 eorum
1533 2618 1656 2650 Malitiae
1674 2616 1814 2648 Refistere
1827 2616 1989 2656 cupientes,
2004 2626 2034 2647 ut
2048 2624 2198 2657 tenemur,

1315 2659 1374 2728 qud
1382 2659 1543 2696 Fidelitate‚
1563 2656 1850 2696 circumspectione,
1868 2656 1901 2686 &
1917 2655 2056 2687 Industria
2072 2656 2167 2688 vestris
2187 2656 2347 2695 pleniffime

1277 2708 1343 2729 conr
1376 2708 1454 2728 entes

1315 2721 1522 2774 Affignaviiuus
1538 2734 1600 2765 Vos
1615 2732 1649 2764 ad
1665 2743 1767 2764 omnes
1781 2733 1814 2763 ὅ(
1834 2733 1954 2772 singulos
1976 2732 2122 2763 Homines
2136 2732 2170 2763 ad
2185 2733 2294 2774 Arma,
2311 2744 2346 2766 ac

1280 2775 1349 2805 alios
1370 2774 1514 2804 Homines
1534 2773 1741 2811 Defenfibiles,
1766 2772 1799 2802 &
1823 2773 1859 2802 ad
1881 2772 2090 2802 Laborandum
2115 2772 2266 2813 Potentes,
2287 2775 2347 2805 tam

1279 2813 1451 2843 Hobelarios
1463 2813 1549 2851 quam
1564 2811 1726 2848 Sagittarios
1746 2809 1898 2848 (videlicet)
1918 2811 1989 2841 inter
2013 2810 2127 2848 Aquam
2143 2811 2179 2842 de
2193 2812 2289 2842 Trent
2310 2812 2346 2843 δε

1280 2852 1395 2890 Aquam
1412 2851 1447 2882 de
1459 2850 1589 2888 Twede,
1605 2853 1663 2880 tam
1679 2849 1749 2879 infra
1766 2849 1924 2880 Libertates
1942 2850 2030 2887 qu‘am
2044 2858 2140 2889 exuar,
2157 2860 2347 2882 commoran-

1279 2899 1320 2920 tes
1330 2914 1338 2927 ,
1358 2889 1542 2921 Arraiandum
1557 2890 1590 2920 &
1602 2888 1775 2925 Trtandnm,

1317 2929 1354 2960 Et
1369 2939 1416 2960 eos
1432 2929 1468 2959 ἧς
1486 2929 1625 2959 Arraiatos
1639 2928 1671 2958 δε
1688 2926 1803 2957 Triatos
1815 2925 1956 2957 continue
1972 2926 2001 2957 in
2011 2925 2187 2959 Arraiatione
2197 2926 2343 2964 hujusmo-

1279 2968 1325 3006 di,
1344 2977 1374 2999 ut
1388 2969 1417 2998 in
1433 2966 1577 3006 Millenis,
1595 2966 1750 3003 Centenis,
1771 2966 1803 2996 &
1816 2965 1965 3003 Vintenis,
1981 2976 2015 2996 ac
2033 2966 2110 2996 aliter
2131 2974 2216 3003 prout
2233 2974 2344 2997 conve-

1279 3008 1357 3037 niens
1371 3008 1403 3037 &
1420 3005 1529 3036 necelse
1545 3006 1647 3044 fuerit,
1664 3006 1752 3035 teneri
1767 3005 1800 3035 ὃ(
1817 3005 1886 3042 poni
1899 3003 2080 3042 faciendum,

1313 3046 1358 3076 Ac
1377 3047 1463 3076 etiam
1477 3044 1511 3075 ad
1526 3054 1575 3074 eos
1589 3044 1646 3074 tam
1663 3043 1698 3074 ad
1713 3042 1866 3074 Costeram
1882 3044 1967 3082 quam
1983 3042 2035 3072 alia
2048 3041 2146 3078 Loca,
2164 3042 2294 3080 quotiens
2307 3043 2344 3074 δε

1278 3084 1329 3115 ubi
1348 3083 1458 3115 necesse
1473 3082 1573 3120 fuerit,
1591 3083 1625 3112 ad
1647 3082 1782 3112 Inimicos
1805 3081 1917 3112 nostros
1938 3080 2153 3119 quoscumque,
2169 3081 2189 3111 ti
2205 3081 2263 3111 hoc
2282 3081 2344 3114 Re-

1277 3132 1367 3162 gnum
1391 3122 1522 3153 nostrum
1549 3121 1662 3160 Angliae
1685 3120 1820 3151 Invadere
1851 3117 2091 3158 ptaesumpserint,
2115 3118 2344 3160 Expellendum,

1277 3161 1486 3192 Debellandum
1496 3184 1506 3200 ,
1524 3160 1556 3190 &
1573 3159 1806 3196 Destruendum,
1823 3158 1859 3188 de
1875 3166 2005 3194 tempore
2022 3157 2050 3186 in
2066 3165 2191 3196 tempus,
2209 3159 2279 3189 cum
2294 3159 2346 3189 ali-

1277 3201 1357 3240 quod
1376 3199 1540 3230 Periculum
1554 3199 1718 3236 immineat,
1738 3196 1918 3228 Ducendum
1933 3197 1978 3226 seu
1996 3194 2076 3226 Duci
2090 3196 2273 3236 faciendum,

1314 3239 1353 3270 Et
1369 3238 1403 3268 ad
1420 3237 1589 3267 Monstrum
1604 3237 1659 3267 five
1675 3235 1918 3266 Monstrationem
1935 3234 2104 3265 eorumdem
2119 3234 2286 3266 Hominum
2307 3234 2343 3267 ad

1278 3279 1382 3315 Arma,
1402 3276 1636 3307 Hobeliariorum
1651 3275 1684 3305 &
1705 3274 1940 3313 Sagittariorum,
1957 3272 1992 3303 de
2009 3281 2142 3311 tempore
2160 3274 2189 3304 in
2210 3283 2342 3313 tempus,

1279 3317 1409 3357 quotiens
1423 3314 1587 3353 indiguerit,
1605 3313 1749 3352 diligenter
1762 3311 1937 3343 Faciendum
1955 3312 1987 3342 &
2003 3310 2264 3349 Supervidendum·

1320 3354 1358 3384 Et
1372 3354 1439 3383 ideo
1451 3354 1533 3384 vobis
1554 3351 1707 3382 distriffit'rs
1725 3360 1784 3389 quo
1804 3349 1952 3390 postumus
1969 3349 2148 3388 injungimus
2169 3352 2201 3381 ὅ(
2219 3336 2343 3382 Μῖιηάα-

1284 3403 1349 3423 mus
1370 3391 1449 3430 quod
1473 3391 1566 3420 statim
1603 3390 1665 3419 vilis
1682 3389 1882 3428 praesentibus,
1900 3388 2104 3425 vosmetipsum
2127 3390 2232 3420 arraiari
2248 3390 2282 3420 &
2302 3399 2348 3420 ar-

1286 3432 1374 3469 mari,
1394 3440 1426 3460 ac
1447 3439 1547 3459 omnes
1587 3437 1597 3444 ⁷
1613 3428 1732 3467 singulos
1751 3427 1897 3457 Homines
1915 3426 2072 3458 antedictos
2095 3426 2298 3466 Defensibiles,
2315 3428 2351 3459 &

1284 3469 1319 3499 ad
1335 3467 1540 3499 Laborandum
1554 3474 1682 3503 potentes
1703 3475 1803 3496 coram
1820 3465 1905 3496 vobis
1917 3466 2029 3503 venire,
2047 3465 2080 3496 &
2098 3475 2146 3496 eos
2157 3467 2236 3505 juxta
2250 3467 2348 3497 sanam

1286 3507 1494 3538 Discretionem
1509 3505 1629 3536 vestram
1641 3504 1746 3534 arraiari
1756 3526 1765 3542 ‚
1781 3504 1900 3542 armari,
1917 3503 1950 3534 &
1965 3504 2084 3541 muniri,
2102 3506 2135 3535 δε
2150 3514 2198 3535 eos
2208 3504 2245 3535 fic
2259 3515 2350 3536 arma-

1286 3555 1347 3584 tos,
1363 3546 1509 3582 arraiatos‚
1527 3544 1560 3574 &
1575 3544 1698 3573 munitos
1712 3543 1741 3572 in
1758 3540 1932 3573 Art-aratione
1946 3542 2109 3580 hujusmodi
2125 3544 2212 3574 teneri
2227 3543 2349 3580 faciatis,

1286 3585 1319 3615 ὅ(
1337 3584 1451 3614 eosdem
1459 3581 1621 3620 Homines,
1639 3582 1677 3612 fic
1689 3582 1834 3618 arraiatos,
1851 3589 1988 3619 armatOS,
2007 3582 2040 3612 δε
2054 3583 2198 3620 munitos,
2214 3581 2288 3612 crim
2301 3580 2352 3610 ali-

1285 3623 1364 3662 quod
1379 3620 1543 3651 Periculum
1564 3621 1729 3658 immineat,
1746 3621 1776 3650 in
1798 3618 2006 3650 Defenfionern
2026 3621 2059 3651 &
2082 3619 2270 3652 salvationem
2287 3618 2349 3649 Re·

1286 3663 1334 3699 gni
1349 3661 1382 3692 &
1395 3659 1525 3690 Partium
1540 3659 1758 3697 praedic-Iterum,
1775 3657 1811 3688 de
1825 3667 1952 3696 tempore
1966 3659 1996 3688 in
2009 3666 2140 3698 tempus,
2161 3660 2222 3690 tam
2235 3658 2271 3689 ad
2285 3655 2351 3687 Co-

1288 3700 1390 3730 steram
1407 3698 1495 3728 Maris
1507 3699 1591 3736 quam
1608 3698 1659 3728 alia
1668 3697 1747 3728 Loca
1763 3697 1811 3726 ubi
1828 3696 1940 3727 neceffc
1955 3696 2056 3735 fuerit,
2071 3705 2156 3736 prout
2172 3696 2305 3727 haetenus
2319 3696 2350 3725 in

1288 3738 1351 3769 casu
1366 3736 1505 3767 conlimili
1520 3736 1718 3767 rationabiliter
1732 3736 1789 3765 fieri
1805 3736 1966 3773 consuevit,
1985 3738 2018 3767 &
2032 3735 2214 3767 Neceffiratis
2235 3742 2355 3765 eventus

1289 3776 1401 3815 exigerit
1413 3797 1422 3812 ,
1435 3774 1512 3804 Duci
1535 3775 1658 3813 faciatis,
1676 3776 1713 3806 ita
1728 3774 1823 3812 quod,
1841 3784 1893 3811 pro
1907 3774 2036 3805 Defeeru
2051 3772 2235 3806 Defenfionis
2247 3772 2280 3803 &
2299 3772 2354 3803 Ar-

1290 3814 1445 3851 marionis,
1463 3813 1510 3843 seu
1524 3812 1682 3843 Duffionis
1701 3813 1844 3843 die'torum
1861 3812 2048 3850 Hominum,
2065 3813 2109 3843 vel
2125 3820 2173 3849 per
2194 3810 2356 3850 Negligen-

1291 3855 1361 3885 tiam
1376 3851 1514 3888 vestram,
1532 3851 1702 3891 Dampnum
1718 3851 1821 3882 Patriae
1835 3852 1869 3882 &
1884 3850 2079 3882 Merchiarum
2093 3849 2296 3887 praedictarum
2308 3858 2357 3881 aut

1291 3893 1355 3923 ali-as
1366 3900 1415 3930 per
1429 3889 1566 3920 Inimicos
1582 3890 1693 3920 nostros
1709 3889 1819 3920 amodo
1837 3899 1897 3920 non
1912 3891 2023 3920 eveniat
2036 3888 2095 3918 ullo
2113 3887 2226 3926 modo,

1329 3930 1441 4000 {Damus
1458 3936 1551 3997 autgcgn
1565 3930 1697 3959 univerfis
1708 3929 1742 3959 &
1762 3927 1876 3965 fingulis
1889 3927 2039 3964 Ducibus,
2055 3925 2243 3965 Comitibus,
2262 3926 2324 3958 &c.

1346 3979 1364 3997 n
1383 3976 1462 4003 cujus
1530 3976 1555 3997 c.

1345 4005 1437 4040 Teste
1443 3989 1524 4045 R'ege
1533 4004 1606 4045 apud
1615 4004 1874 4047 Wstmenasterigm
1882 4026 1893 4044 ,
1907 4001 2177 4035 vicesimosecundo
2191 4002 2238 4034 die
2250 4000 2360 4035 Martii.

1929 4043 1983 4072 Per
1999 4040 2082 4079 ipfitm
2100 4043 2207 4082 Regem,
2282 4076 2332 4110 Co

2333 4086 2367 4109 n*

1598 2148 1646 2181 De
1668 2147 1867 2179 Arraiatione
1881 2140 2040 2189 facienda.
