2555 4266
198 178 277 218 128

44 265 122 297 Ann„
135 261 178 292 D.
196 270 240 292 tus
256 260 412 291 Terminus
431 253 596 296 (videlicet)
618 252 756 284 Semestre
774 261 887 289 tempus
905 247 1053 289 praefixum
1070 246 1204 277 statutum
1222 245 1256 275 &

67 302 153 341 1498.

48 347 112 371 Hm.
130 350 158 376 7.

55 1503 74 1521 ⁸
88 1504 157 1532 ΧΠ.

56 1542 123 1576 692.

199 300 372 339 designatum
391 297 448 332 est,
474 297 507 326 δε
525 293 625 323 exinde
643 292 714 322 infra
730 291 797 320 alios
813 290 867 319 Sex
887 287 1003 318 Menses
1021 296 1070 324 per
1084 285 1200 324 Judices
1216 284 1259 322 ip-

199 339 290 369 sarum
303 338 521 374 Suppremarum
538 331 692 361 Curiarum
704 329 780 359 finali
794 327 890 359 Marte
901 327 1146 360 terminabuntur;
1166 322 1259 362 Qod

200 378 221 407 si
245 376 353 407 facium
380 383 440 404 nnn
465 372 516 400 erit
532 394 542 408 ,
568 379 671 400 exrunc
697 367 795 397 Causae
819 367 874 396 iuae
897 366 932 395 ad
960 363 1092 407 Concilia
1112 362 1259 392 dictorum

199 415 368 452 Principum
392 410 606 441 advocabuntur
625 409 684 438 illic
711 406 782 436 infra
805 405 861 436 Sex
880 403 994 434 Menses
1010 401 1127 432 finaliter
1143 401 1263 431 Termi-

221 464 236 483 a
277 463 310 482 ee.

199 464 220 485 n
238 455 284 521 lui-
294 499 311 520 Ε
323 497 367 526 M,
383 497 435 525 pro
455 485 678 517 Abbreviatione
695 483 822 521 Litium,
839 490 938 512 coram
951 479 1100 518 Judicibus
1119 477 1264 508 Inferiori-

201 531 254 560 bus
270 529 348 565 super
366 525 601 562 Spoliationibus,
620 523 760 559 Damnis,
785 521 912 560 Injuriis,
935 520 969 550 &
986 517 1119 561 Interesse
1137 516 1265 558 penden-

200 570 272 599 tium
282 590 291 604 ,
307 575 374 604 quas
388 562 573 594 Damnificati
593 569 806 599 conqueruntur
822 560 902 598 supra
917 557 1037 588 modum
1056 565 1085 585 in
1099 555 1179 598 suum
1195 551 1263 597 Dis-

203 606 338 644 pendium
357 603 522 640 protelatas,
543 601 717 638 desperantes
734 599 820 630 etiam
837 598 927 628 ull-arn
946 604 1069 638 unquam
1088 592 1190 634 Finem
1207 601 1263 635 irn-

204 645 297 682 poni,
321 651 436 679 propter
454 640 686 678 Appellationum
705 639 738 668 &
755 638 874 667 aliorum
894 634 1082 664 Incidennum
1099 630 1265 667 multiplici-

204 688 290 719 tates,
308 680 498 717 Ordinatum,
515 677 712 714 Conclusum,
730 676 763 706 &
780 672 998 716 Concordatum
1018 669 1077 706 est,
1095 667 1177 706 quod
1196 677 1262 711 om-

204 731 254 752 nes
273 718 435 757 hujusmodi
451 717 570 754 Causae,
587 725 685 747 coram
702 714 782 744 dietis
796 712 944 750 Judicibus
961 709 1130 747 pendentes,
1152 707 1188 736 ab
1211 715 1263 735 eis-

203 759 272 789 dem
291 768 404 789 exnunc
422 766 507 794 prout
523 764 628 785 extunc
653 754 827 784 advocentur
845 772 855 788 ,
877 751 911 780 &
934 757 1003 778 cum
1028 744 1207 776 Proceffibus
1229 743 1264 773 ad

201 797 333 837 Judices,
351 798 381 826 in
396 795 484 825 Locis
499 793 651 824 Maritimis
662 788 887 824 constituendos,
907 787 926 816 si
939 787 998 816 hoc
1021 785 1141 827 Aftores
1159 783 1266 813 malue-

203 837 287 905 ἓξὲξ
308 832 749 902 ⁶⁶⁹⁰¹Yi²¹¹5÷ss¹f3fffffist÷³xssg
760 821 1264 900 {issssffissssssssss‘ffifflffiffiiiffi

282 884 311 904 as
346 883 396 904 mo
417 883 436 902 o
566 889 571 898 2
924 888 928 892 ,
1042 885 1050 899 ,

204 897 462 950 ternpus’decidere
477 911 510 940 <Sc
527 908 711 937 determinare
726 905 842 946 habent:
1009 939 1014 944 ι
1158 937 1163 941 Ι

242 951 299 988 Et,
316 953 354 980 ne
375 950 518 979 inferiores
534 945 656 983 judices·
672 943 697 972 se
719 942 848 972 difficiles
868 939 985 971 reddant
1007 949 1037 968 in
1052 934 1267 968 transmittendo

205 989 358 1022 Process'us
370 996 468 1018 coram
481 987 519 1014 eis
533 984 642 1014 habitos
663 982 698 1012 ad
723 981 814 1010 dictos
836 977 1072 1014 Commissarios,
1091 974 1264 1005 Ordinatum

208 1028 253 1060 est
268 1028 347 1065 quod
361 1025 467 1065 praefati
478 1022 592 1062 Judices
602 1045 611 1058 ,
629 1019 781 1050 recusante<
798 1018 867 1048 iufra
882 1018 984 1047 decem
1000 1016 1084 1052 Dies,
1104 1024 1120 1043 a
1136 1022 1268 1050 tempore

205 1066 407 1104 Requiiitionis
428 1063 477 1092 sibi
498 1071 545 1098 per
568 1060 732 1090 alterutrum
751 1058 878 1088 Patrium
890 1055 972 1085 fad'tae
988 1051 1194 1089 numerandos,
1211 1052 1265 1081 bu-

201 1104 325 1144 jusmodi
338 1100 500 1135 Processus,
515 1099 596 1129 dietis
612 1096 820 1127 Commii'iariis
831 1093 1076 1130 transmittendos,
1089 1090 1213 1134 tradere,
1230 1099 1267 1120 eo

205 1142 267 1179 ipso
282 1142 404 1171 Poenam
420 1139 550 1177 Triginta
572 1135 739 1167 Marcarum
760 1135 876 1176 Argenti
898 1132 980 1176 Fisco
995 1130 1099 1178 ‘Regio
1124 1130 1268 1174 applican-

205 1182 306 1213 darum
325 1182 483 1210 incurrant:
503 1175 541 1206 Et
560 1175 780 1210 nichilominus,
798 1177 816 1202 li
835 1173 910 1202 forte
927 1180 956 1200 in
972 1171 1025 1200 hiis
1039 1168 1136 1199 Lausis
1149 1175 1198 1205 ipit
1213 1165 1266 1210 Ju—

205 1220 283 1250 dices
301 1218 398 1257 postea
415 1215 585 1255 procedant,
604 1222 707 1244 eorum
725 1210 865 1242 invalidus
883 1211 916 1241 ὃς
936 1208 1030 1239 Irritus
1047 1208 1079 1238 sit
1097 1206 1248 1249 Proceilus
1259 1228 1269 1243 ,

206 1258 259 1289 nisi
273 1257 402 1295 expresso
418 1253 564 1285 Consensu
583 1253 710 1283 Partium
730 1273 739 1289 ,
765 1249 820 1280 illic
839 1249 889 1280 ubi
908 1245 1267 1314 coeptu-mtestlgudicium

207 1296 352 1329 terminari
377 1294 536 1333 optantium
550 1315 560 1329 ,
585 1291 731 1322 didiorum
752 1288 893 1328 Judicum
915 1285 1079 1326 Junsdic‘ho
1135 1292 1268 1321 rorogata

205 1337 305 1368 fuerit:

242 1373 280 1404 Et
302 1373 365 1411 quia
385 1381 455 1409 opus
473 1369 515 1400 est
537 1368 673 1407 utriusque
694 1366 835 1404 Principis
855 1363 990 1395 Subditos
1014 1362 1092 1394 alteri
1116 1361 1219 1392 Preces
1235 1360 1268 1390 &

204 1412 333 1443 Libellos
346 1409 555 1448 supplicatorios
571 1408 731 1445 porrigere,
748 1414 779 1435 ut
795 1404 862 1434 inde
877 1403 1021 1442 Rescripta
1036 1399 1200 1444 Principalia
1215 1399 1270 1428 ob-

204 1453 327 1487 tineant,
346 1448 489 1487 provisum
506 1446 546 1477 est
561 1456 613 1484 pro
628 1443 848 1476 Commoditate
868 1441 1106 1483 Subditorumun
1128 1436 1269 1475 utriusque

205 1490 293 1528 Regis
315 1487 447 1518 Consilio
469 1495 561 1516 certos
583 1484 764 1514 Consiliarios
788 1484 807 1501 *
825 1482 928 1511 debere
943 1480 1086 1518 deputari,
1103 1477 1137 1507 ad
1153 1486 1224 1514 quos
1238 1486 1272 1506 u-

204 1529 325 1566 triusque
341 1527 427 1565 Regis
443 1524 554 1555 Subditi
567 1523 650 1554 sciant
667 1522 693 1552 se
708 1523 737 1551 in
755 1529 894 1558 promptu
913 1518 1020 1548 aditum
1042 1517 1146 1546 habere
1168 1513 1267 1558 peil'e,

204 1567 238 1598 &
253 1577 268 1597 a
282 1567 382 1604 quibus
399 1564 600 1595 Sollicitatores
613 1561 649 1592 de
662 1560 842 1598 beneplacito
865 1558 1004 1595 Principis
1026 1555 1142 1594 pollunt
1164 1562 1270 1584 certio-

205 1616 249 1637 res
264 1604 355 1635 reddi.

245 1643 376 1679 ITEM,
402 1640 538 1679 quoniam
563 1635 747 1669 Damnificati
771 1642 984 1674 conqueruntur
1006 1634 1035 1663 in
1055 1632 1164 1663 alterius
1187 1629 1271 1660 Prin-

207 1682 278 1719 cipis
297 1681 403 1720 Regno
420 1701 432 1717 ,
456 1678 543 1709 Locis
554 1701 564 1716 ,
590 1677 703 1713 Terris,
728 1675 762 1706 &
781 1674 930 1704 Dominiis
947 1672 974 1703 se
992 1671 1095 1715 parum
1113 1679 1189 1701 tutos
1207 1668 1269 1699 fore

207 1721 280 1751 dum
296 1719 346 1758 Jus
371 1718 449 1748 suum
468 1717 672 1754 prosequuntur
687 1738 697 1752 ,
724 1713 874 1744 Provisum
893 1713 927 1742 &
945 1710 1114 1741 Ordinatum
1131 1708 1172 1738 est
1190 1707 1271 1746 quod

208 1757 411 1795 Litigatoribus
421 1765 471 1793 per
483 1754 555 1792 ipsos
567 1753 693 1793 judices,
705 1753 736 1782 in
750 1751 837 1782 Locis
849 1749 1003 1781 Maritimis
1015 1747 1191 1786 deputandos
1206 1746 1270 1777 Au-

207 1798 339 1828 ‹storitate
355 1793 446 1833 Regia
456 1816 466 1831 ,
483 1793 564 1831 plena
579 1792 689 1822 dabitur
707 1790 861 1821 Securitas:
1106 1825 1111 1829 .
1143 1824 1148 1829 .

247 1834 284 1865 Et
307 1835 371 1872 quia
395 1833 510 1864 diversae
535 1830 674 1870 porreetae
692 1828 754 1859 sunt
774 1826 909 1866 Qerelae
927 1825 1008 1864 super
1033 1823 1271 1863 Spoliationibus,

206 1873 349 1911 Damnis,
369 1872 402 1903 ὅ(
426 1870 534 1915 lnjuriis
556 1871 584 1900 in
607 1868 812 1913 Praejudicium·
831 1865 987 1910 Fredemm
999 1864 1117 1895 antebac
1131 1872 1180 1907 per
1193 1862 1270 1893 Ter-

207 1919 457 1981 &Pmffiffss
469 1910 567 1978 1‘3‘03?
568 1902 1097 1982 ‘fflffiss’sspcig'gfflffleffiss
1100 1911 1130 1978 {¹¹
1123 1900 1270 1983 ‹ffiinisssff

204 1989 319 2028 Judices
335 1988 465 2026 peraeque
482 1987 539 2024 pari
555 1985 646 2015 modo
661 1985 694 2016 &
707 1983 778 2014 infra
795 1983 871 2013 idem
887 1990 1000 2019 tempus
1015 1980 1093 2018 super
1118 1980 1170 2010 hiis
1192 1978 1270 2022 deci-

207 2029 274 2058 dere
291 2029 324 2058 &
337 2026 520 2057 determinare
537 2024 679 2061 poterint,
696 2019 947 2065 quemadmodum
967 2019 1046 2057 super
1071 2016 1270 2055 Depraedatlo-

156 2078 166 2089 ·
206 2066 292 2096 nibus
309 2066 343 2096 δε
358 2064 578 2102 Spoliationibus
590 2062 707 2093 antehac
722 2072 752 2091 in
767 2060 844 2090 Mari
857 2057 1014 2090 cornmiffis
1030 2056 1215 2095 Cognoscere
1237 2056 1271 2087 &

208 2104 383 2136 Sententiare
393 2103 512 2134 valeant.

249 2143 304 2180 Et,
324 2151 353 2172 ut
368 2140 542 2179 inposterum
557 2139 724 2170 Latrociniis
736 2138 861 2169 Pirancis
875 2137 1020 2173 obtietur,
1029 2144 1062 2165 ac
1080 2133 1185 2165 sincera
1197 2133 1272 2170 Pax,

211 2181 293 2212 firma
307 2180 493 2217 inviolataque
507 2179 640 2209 Amicitia
651 2179 721 2208 inter
737 2177 851 2207 eosdem
867 2175 1012 2212 Principes
1027 2183 1188 2211 eorumque
1197 2172 1273 2203 Sub—

210 2221 284 2251 ditos
292 2220 396 2258 jugi-:er
411 2219 582 2256 perseveret,
601 2216 728 2247 Cautum
745 2215 983 2254 prospectumque
997 2211 1039 2243 est
1061 2221 1111 2250 per
1132 2211 1273 2250 utriusq-ie

208 2259 349 2296 Principis
362 2257 496 2287 Oratores
512 2265 543 2286 ut
555 2256 677 2294 sequitur
686 2278 696 2292 ,

245 2297 422 2334 INPRmis,
440 2296 680 2333 quandocumque
694 2292 782 2330 aliqua
795 2291 890 2322 Navis
908 2290 1038 2331 indigem
1053 2290 1156 2320 exitura
1173 2288 1215 2319 est
1236 2289 1271 2318 ab

208 2335 305 2373 aliquo
323 2335 411 2365 Portu
429 2334 605 2371 Regnorum
624 2332 749 2362 Franciae
767 2330 824 2361 sive
843 2331 955 2369 Angliae
970 2353 980 2369 ‚
1006 2329 1182 2366 Terrarum,
1210 2327 1272 2358 Lo—

210 2384 332 2411 corum,
358 2382 404 2403 aut
422 2372 632 2403 Dominiorum
649 2370 753 2400 eisdem
772 2369 977 2406 subditorum,
1003 2366 1198 2406 Admiraldus,
1216 2365 1271 2396 Vi-

210 2413 412 2443 ceadmiraldus
422 2434 432 2448 ,
449 2411 494 2442 seu
510 2420 607 2441 eorum
625 2408 710 2440 Vices
725 2417 849 2447 gerentes
864 2408 923 2438 talis
942 2405 1066 2443 Portus,
1082 2405 1187 2444 Opidi,
1207 2404 1269 2435 Vil-

209 2451 264 2489 lae,
277 2460 324 2482 aut
340 2449 471 2481 Civitatis
484 2449 560 2479 unde
574 2450 676 2478 exitura
691 2447 733 2477 est
759 2448 871 2484 capient
892 2446 1038 2485 ydoneam
1058 2443 1232 2475 Cautionern
1253 2453 1268 2473 a

208 2490 369 2527 Dominis,
393 2487 572 2526 Cappitaneis
592 2509 601 2524 ,
624 2486 894 2522 Excercitatoribus‚
918 2484 1082 2520 Praefecstis,
1109 2481 1271 2520 magistris,

210 2528 257 2559 seu
273 2528 398 2558 Bursariis
417 2526 512 2557 Navis
530 2525 710 2563 hujusmodi,
734 2525 768 2554 ad
789 2523 924 2554 valorem
944 2523 1038 2553 Navis
1057 2520 1216 2559 Apparatus
1234 2522 1268 2552 &

208 2566 386 2596 ViCtualium
402 2564 524 2603 ejusdem
540 2587 550 2602 ,
571 2564 652 2602 quod
671 2562 867 2593 Excercitator
881 2586 890 2599 ,
917 2561 1058 2598 Magister
1071 2583 1080 2598 ,
1104 2559 1267 2597 Marinarii,

209 2605 243 2636 &
260 2604 382 2640 Nautae,
403 2613 436 2634 ac
455 2613 553 2633 omnes
567 2603 597 2632 in
614 2612 646 2632 ea
664 2600 745 2631 Navi
764 2600 912 2631 existentes
929 2599 1079 2630 servabunt
1098 2597 1205 2628 Pacem
1225 2608 1268 2628 er-

208 2651 243 2682 ga
261 2641 444 2680 quoscunque
461 2641 597 2671 Subditos
618 2640 725 2670 alterius
742 2638 897 2676 Principis,
926 2639 959 2669 &
977 2638 1082 2669 nullam
1097 2638 1201 2667 eisdem
1222 2636 1269 2666 In-

206 2682 311 2720 juriam
326 2703 336 2718 ,
361 2679 513 2710 Damnum
529 2701 540 2717 ,
564 2678 610 2707 seu
629 2677 800 2707 violentiam
822 2678 851 2706 in
869 2676 962 2706 Terra
977 2698 986 2713 ,
1016 2675 1116 2712 Mari,
1144 2675 1266 2712 Aquisve

210 2720 357 2756 dulcibus,
383 2727 430 2748 aut
447 2718 477 2747 in
495 2716 586 2747 Portu
604 2715 698 2753 aliquo
715 2715 836 2752 facient,
865 2714 1000 2750 inferent,
1023 2723 1069 2743 aut
1087 2712 1184 2743 inferri
1202 2723 1270 2750 pro-

213 2759 360 2790 curabunt.

245 2796 462 2833 PRAETEREA,
479 2793 631 2832 Praefeffi,
653 2789 1066 2832 Magistri,Exercitatores‚&
1084 2790 1178 2830 eaeteri
1194 2787 1269 2819 Prte-

207 2835 414 2866 heminentiam
437 2836 465 2863 in
493 2832 575 2863 Navi
596 2833 730 2863 habentes
752 2841 810 2861 non
828 2830 975 2867 suscipient
988 2829 1095 2866 aliquos
1115 2828 1130 2857 Χ
1143 2828 1267 2865 eiiores,

209 2873 338 2911 Nautas,
356 2881 404 2903 aut
419 2872 503 2902 Viros
518 2871 676 2907 Militares,
695 2869 744 2899 nisi
762 2869 838 2907 prius
853 2869 913 2898 illos
935 2867 1053 2898 sisterint
1077 2868 1109 2898 &
1133 2867 1267 2896 exhibue-

207 2914 264 2943 rint
280 2921 380 2942 coram
395 2910 576 2947 Admiraldo,
596 2908 842 2945 Viceadmiraldo,
859 2917 906 2937 aut
918 2916 1017 2937 eorum
1034 2905 1118 2936 vice<
1140 2905 1184 2934 seu
1207 2904 1265 2934 Of-

205 2950 270 2981 ficia
282 2950 460 2989 gerentibus,
475 2950 522 2986 qui
539 2949 654 2978 illorum
675 2947 810 2978 Nomina
835 2948 864 2976 in
887 2945 1010 2975 Publico
1030 2943 1168 2982 Registro
1190 2944 1268 2981 super

206 3000 244 3019 eo
266 2988 448 3019 conficiendo
473 2987 554 3017 scribi
575 2987 698 3017 facient:
727 2984 765 3015 Et
782 3009 792 3021 ,
816 2993 966 3022 antequam
989 2982 1082 3014 Navis
1104 2982 1265 3020 hujusmodi

209 3028 333 3058 Portum
346 3027 441 3065 gredi
455 3026 644 3063 permittatur,
662 3034 763 3054 omnes
777 3024 820 3054 ibi
832 3022 973 3053 Exeuntes
986 3022 1020 3052 &
1041 3022 1089 3059 qui
1110 3020 1267 3059 profecturi

207 3068 239 3096 in
253 3065 374 3103 easunt,
391 3065 523 3102 jurabunt
540 3063 688 3094 solenniter
710 3072 810 3092 coram
829 3061 910 3092 disto
929 3060 1062 3091 Domino
1076 3059 1265 3097 Admiraldo,

208 3103 454 3140 ViceadmiraldO,
471 3112 519 3132 aut
535 3111 636 3132 eorum
653 3100 740 3131 Vic&
753 3100 912 3139 gerentibus
927 3099 955 3129 se
968 3101 997 3128 in
1012 3097 1200 3136 Expeditione
1213 3097 1268 3135 illa,

207 3144 238 3174 in
261 3152 346 3180 quam
374 3141 528 3179 profesturi
550 3140 629 3177 sunt,
651 3139 842 3176 Navigando,
861 3137 980 3173 Eundo,
999 3136 1122 3175 Srando,
1141 3146 1188 3166 aut
1208 3135 1268 3166 Re-

210 3181 344 3219 deundo,
364 3180 475 3210 nullum
498 3178 673 3215 Damnum,
698 3176 786 3213 Vim,
810 3177 944 3211 Iniuriam
968 3175 1102 3212 Facient,
1126 3175 1267 3211 Inserent,

210 3230 256 3250 aut
269 3220 369 3250 inferri
384 3218 575 3256 procurabunt
589 3217 697 3246 alterius
708 3215 800 3252 Regis
816 3214 957 3252 Subditis,
974 3214 1069 3245 Terri;
1079 3236 1088 3250 ,
1104 3214 1137 3242 &
1159 3212 1267 3243 Domi-

209 3259 261 3287 niis
282 3259 339 3287 sive
359 3267 406 3294 per
429 3257 569 3290 Terram,
596 3254 697 3292 Mare,
715 3263 762 3284 aut
782 3253 876 3290 Aquas
895 3253 1006 3283 dulces:
1033 3252 1126 3282 Simili
1150 3262 1267 3289 quoque

207 3294 374 3334 juramento
387 3295 537 3325 solenniter
548 3293 707 3334 praestando
722 3293 887 3329 promittent
905 3291 985 3329 quod
1001 3291 1036 3320 de
1050 3290 1172 3327 qualibet
1190 3290 1267 3320 Prae-

214 3333 418 3372 da,Captura,
439 3333 584 3363 Manubiis
597 3333 653 3362 sive
669 3331 770 3368 Spoliis
784 3330 923 3360 adducent
939 3329 1022 3359 Duos
1036 3339 1081 3358 aut
1097 3329 1170 3357 Tres
1186 3329 1271 3359 Viros

215 3372 244 3400 in
266 3372 346 3408 capta
373 3372 454 3402 Navi
475 3372 652 3409 praecipuum
680 3370 796 3400 Locum
817 3369 977 3398 obtinentes
997 3369 1045 3402 (ut
1068 3365 1241 3405 Magistrum
1258 3391 1268 3404 ,

213 3409 461 3447 Submagistrum,
482 3410 652 3447 Patronum,
671 3417 717 3438 aut
734 3406 892 3444 hujusmodi
906 3406 1088 3439 conditionis)
1112 3414 1183 3442 quos
1206 3405 1267 3434 Ad-

215 3447 336 3476 miraldo
351 3470 360 3484 ,
386 3448 612 3478 Viceadmiraldo
625 3471 634 3483 ,
658 3456 704 3477 aut
725 3455 824 3476 eorum
845 3443 997 3474 Officiariis
1017 3444 1214 3478 exhibebunt,
1238 3452 1268 3473 ut

211 3495 262 3523 per
277 3484 390 3514 eosdem
403 3495 449 3515 aut
463 3496 563 3516 eorum
576 3486 694 3515 alterum
703 3484 799 3515 debite
811 3483 986 3513 examinetur
1000 3481 1151 3519 ubi,super
1158 3481 1268 3519 quibus,

214 3525 249 3553 &-
264 3523 380 3560 qualiter
392 3522 483 3553 Navis
497 3525 552 3554 sive
569 3524 647 3554 Bona
672 3531 753 3560 capta
775 3523 842 3560 fint,
860 3531 913 3551 nec
933 3521 1038 3551 facient
1058 3529 1104 3550 aut
1123 3519 1182 3549 fieri
1206 3529 1270 3556 per-

213 3564 328 3592 mittent
340 3561 438 3598 aliquas
452 3561 631 3599 Praedarum,
649 3562 830 3598 Spoliorum,
847 3559 1014 3595 mercium,
1033 3567 1078 3588 aut
1099 3557 1267 3595 Bonorum,

214 3610 264 3637 per
285 3610 335 3629 eos
358 3599 575 3638 capiendorum,
591 3600 769 3636 Divisiones,
789 3599 971 3631 partitiones,
988 3597 1180 3634 Traditiones,
1198 3595 1267 3626 Per-

213 3639 397 3673 murationes,
422 3638 658 3676 Alienationesve,
682 3638 842 3675 priusquam
866 3637 923 3674 Se,
948 3635 1034 3665 Viros
1051 3644 1165 3672 captos,
1189 3633 1267 3665 Bona

214 3678 248 3708 &
268 3676 381 3718 Merces
397 3676 502 3712 integre
516 3676 651 3706 Dominis
671 3676 836 3706 Admiraldo
847 3698 857 3713 ,
885 3673 1133 3710 Viceadmiraldo,
1149 3682 1196 3702 aut
1215 3683 1265 3703 eo-

215 3725 280 3745 rum
306 3713 390 3743 Vices
414 3714 570 3749 gerentibus
591 3715 858 3752 repraeientaverint,
884 3714 932 3750 qui
954 3712 991 3742 de
1012 3713 1064 3742 illis
1083 3711 1217 3748 disponi,
1243 3711 1262 3741 fi

213 3762 331 3823 {equum
351 3751 510 3789 putabunt,
543 3753 728 3789 permittent,
752 3753 816 3782 alias
845 3751 936 3782 nichil
962 3748 1124 3788 hujusmodi
1146 3752 1264 3786 permis-

226 3802 275 3822 uri.

250 3829 358 3865 ITEM,
374 3827 503 3861 jurabunt
521 3826 618 3869 quod,
635 3826 784 3864 postquam
804 3828 903 3858 reversi
925 3827 1030 3858 fuerint
1044 3826 1101 3856 five
1113 3825 1267 3864 appulerint

216 3867 343 3908 aliquem
362 3865 481 3910 Portum
502 3864 572 3907 dieti
598 3865 694 3907 Regni
719 3866 792 3896 unde
806 3867 940 3903 exierint,
958 3875 1026 3896 cum
1045 3864 1096 3894 suis
1113 3863 1266 3902 Navibus,

213 3904 396 3947 Apparatibus
414 3904 444 3931 ἃ·
457 3904 574 3940 Spolizs,
590 3906 610 3932 ii
627 3913 688 3940 qre
711 3906 816 3940 etpturi
840 3905 907 3941 rint,
925 3903 1115 3934 incontinenti
1138 3902 1172 3932 &
1195 3902 1268 3932 indi-

213 3943 268 3973 late
289 3942 374 3972 iidem
396 3941 508 3970 reddent
533 3943 664 3971 certiores
688 3942 898 3974 Admiralduni,
918 3940 1198 3977 Viceadmiraldum,
1217 3941 1264 3971 seu

215 3989 316 4010 eorum
337 3978 496 4009 Officia-{05
519 3980 588 4009 illzus
608 3978 712 4009 Portus
727 4003 736 4016 ,
756 3990 771 4009 a
795 3990 852 4017 quo
874 3979 969 4017 egreffi
991 3980 1053 4010 sunt
1069 4002 1078 4016 ,
1103 3979 1138 4008 de
1162 3988 1263 4009 eorum

214 4018 332 4055 Praecli,
356 4018 470 4053 spoliis,
499 4017 664 4054 Μειςὶῑες,
691 4018 723 4048 ἃ
749 4017 846 4053 Bonis,
871 4019 927 4047 line
947 4028 1070 4055 quorum
1091 4017 1135 4047 vel
1154 4016 1264 4048 alterius

210 4066 313 4089 cotum
335 4055 550 4088 Officiariorum
570 4055 702 4088 Decreto
724 4056 757 4088 &
777 4055 964 4088 Permissione
982 4066 1042 4088 non
1067 4056 1262 4094 permittentur

664 151 1892 208 CONVENTIONES,LITERAE‚

1293 240 1398 279 aliquid
1416 250 1450 271 ex
1464 239 1616 271 Mercibus
1638 238 1825 277 Transferre,
1844 238 2025 278 Permutare,
2038 238 2188 276 Vendere,
2206 237 2252 269 vel
2275 236 2355 269 Alie·
2375 239 2451 272 Ann.
2462 241 2507 276 D,

1296 290 1378 324 nate,
1396 278 1430 309 ad
1444 289 1510 318 quae
1525 278 1666 322 implenda
1681 279 1715 309 &
1729 279 1838 321 integre
1858 276 2030 321 observanda
2052 277 2147 321 didius
2171 277 2357 316 capitaneus,
2394 280 2481 319 1498.
2521 280 2523 282 ’

1297 318 1452 362 Magister,
1474 316 1684 356 submagister,
1710 315 1842 354 Bursam,
1859 314 1958 352 Socu,
1973 316 2006 346 ὅ(
2025 315 2071 346 alii
2087 316 2354 347 Praehemincntiam
2372 324 2436 349 iim.
2453 329 2483 356 7.

1295 359 1325 388 in
1348 356 1431 387 Nav1
1454 356 1588 387 habentes
1605 355 1633 385 se
1649 354 1829 393 Obligabunt
1841 377 1851 391 ,
1876 353 2051 384 Satisdabunt
2066 376 2077 392 ,
2099 355 2133 385 &
2152 355 2358 393 Fidejubebunt

1297 406 1347 434 pet
1365 394 1499 433 Corpora
1516 396 1550 427 &
1568 394 1648 425 Bona
1663 416 1673 432 ,
1700 403 1772 423 unus
1789 402 1841 432 pro
1863 392 1920 422 aliis
1937 392 2073 422 omnibus
2125 395 2172 430 qui
2189 394 2243 424 una
2261 395 2358 432 profe-

1299 434 1374 478 &uri
1391 435 1422 464 in
1439 434 1521 464 Navi
1539 434 1618 477 sunt,
1634 432 1671 463 de
1689 431 1790 470 quibus
1808 430 2008 461 Securitatibus
2025 431 2059 461 &
2077 415 2266 463 Cautinnibus
2284 443 2357 464 con-

1298 472 1346 503 fici
1366 472 1468 504 facient
1488 472 1638 510 pubhcum
1656 470 1880 500 Instrumentum
1896 492 1906 507 ,
1932 468 2010 507 quod
2027 467 2211 508 Admiraldo,
2236 471 2360 503 vicend-

1300 511 1435 548 miramo,
1458 520 1504 541 aut
1519 520 1621 541 eorum
1640 509 1796 540 Officiariis
1814 508 1942 545 tradent,
1961 517 1995 538 ac
2015 506 2103 538 fimile
2119 507 2156 538 ab
2172 509 2212 539 eis
2229 512 2340 550 mpient

1297 558 1328 578 ut
1336 559 1521 616 1quocunque
1536 549 1619 579 delati
1629 548 1752 592 fuerint,
1769 547 1923 590 inde-abire
1938 546 2246 592 libere-permittantur..
2347 534 2358 548 ⁹

1359 595 1409 617 τε
1421 595 1469 625 M,
1493 587 1664 617 tenebuntur
1685 587 1754 616 dieti
1773 585 1939 623 Capitanei,
1957 583 2102 623 Mag1str1,
2121 583 2361 627 memoratores,

1297 624 1397 662 Socii,
1416 624 1549 664 Bursarii,
1567 625 1601 656 ὃς
1622 625 1667 654 alii
1686 622 1956 654 Praeheminentiam
1981 624 2010 653 in
2031 622 2112 653 Navi
2131 623 2150 642 ⁴
2165 623 2298 655 habentes
2308 634 2364 656 tra-
2379 624 2394 640 ⁶
2409 625 2479 653 XII·

1299 663 1366 693 dere
1380 663 1553 694 Cautionem
1570 662 1709 703 ydoneam
1722 662 1759 693 de
1776 663 1827 693 hiis
1846 661 2045 692 inviolabiliter
2060 660 2257 701 observandis,
2275 663 2362 702 usque
2377 663 2445 700 ⁶93·

1298 701 1332 731 ad
1347 703 1566 745 estimationem
1589 700 1698 739 Navis,
1714 699 1886 739 Apparatus,
1904 701 1937 732 δί
1961 699 2152 738 Vistualium‚
2169 701 2232 730 alias
2255 702 2289 733 &
2312 703 2364 734 nifi

1299 750 1396 770 omnia
1423 739 1569 770 Praemissa
1597 740 1766 777 impleantur
1797 750 1856 769 non
1877 741 2053 777 permittetur
2076 739 2121 770 illa
2142 738 2238 770 Navis
2261 741 2362 772 abire:

1302 778 1395 822 Quod
1409 778 1428 808 fi
1444 778 1628 808 Admiraldus
1644 780 1665 808 is
1680 779 1728 816 qui
1740 786 1786 808 aut
1798 778 1961 808 Praefidebit
1973 778 2011 807 illi
2030 778 2114 808 Loco
2129 779 2163 810 &
2184 778 2284 809 Portui
2298 778 2365 810 Ma-

1300 827 1397 847 rinnio
1406 839 1415 854 ,
1434 817 1509 847 unde
1521 817 1612 855 aliqua
1626 816 1722 847 Navis
1734 816 1838 855 egreffa
1852 816 1953 854 fuerit,
1974 816 2148 847 Cautionem
2163 817 2197 848 ὅ(
2213 816 2365 855 Juramen-

1301 853 2232 932 {erfflffiffifflssffiffffi‘'offirffisssfflssnffgss‘issffiifflm
2254 858 2365 926 {ie-”⁵¹³³

2110 905 2121 924 r
2163 905 2179 925 e
2214 905 2242 925 er
2276 905 2365 927 ictam

1302 931 1423 962 Navem
1438 933 1471 963 δε
1489 942 1537 962 eos
1553 933 1602 970 qui
1619 933 1648 962 in
1661 942 1692 962 ea
1705 932 1810 962 fuerint
1825 932 1913 962 illatis.
2193 905 2212 932 p

1339 970 1452 1008 Insuper
1474 970 1580 1000 Edicto
1600 969 1725 1000 Publico
1747 970 1931 1001 interdicetur
1952 969 2003 1000 sub
2023 968 2123 1001 Poenis
2136 971 2369 1005 Incarcerationis

1303 1008 1469 1052 Corporum
1489 1010 1523 1040 ὃς
1544 1008 1764 1040 Confiscationis
1786 1009 1934 1039 Bonorum
1949 1031 1960 1046 ,
1987 1008 2196 1040 Mercatoribus
2217 1021 2264 1043 aut
2284 1013 2341 1043 aliis

1303 1055 1507 1086 cnjulcumque
1532 1047 1628 1078 Status
1657 1045 1877 1078 Conditionisve
1901 1047 2020 1077 existant
2037 1069 2048 1084 ,
2073 1050 2111 1078 ne
2129 1058 2224 1081 emant
2247 1036 2368 1090 Dono',

1305 1086 1537 1124 Permutatione,
1553 1095 1601 1117 aut
1615 1086 1670 1117 alio
1685 1088 1787 1124 quovis
1802 1085 1906 1116 Titulo
1922 1085 1967 1116 seu
1989 1085 2096 1117 Colore
2117 1087 2284 1127 Accipiant,
2304 1089 2366 1120 Ce-

1304 1125 1380 1164 lent,
1405 1125 1580 1163 Occultent,
1605 1125 1754 1161 Tenoent,
1774 1123 1952 1163 Receptent,
1972 1133 2019 1154 aut
2041 1123 2200 1163 hujusmodi
2218 1125 2276 1157 fieri
2299 1137 2368 1166 pro-

1304 1174 1405 1194 curent
1427 1173 1473 1194 aut
1498 1165 1663 1202 permittant
1686 1163 1803 1195 Merces
1823 1172 1871 1194 aut
1891 1162 1971 1194 Bona
1994 1161 2153 1200 depraedata
2177 1174 2367 1205 quaecumque

1304 1203 1426 1246 abduc-h
1444 1203 1538 1241 Mari,
1555 1212 1706 1241 antequam
1722 1202 1918 1239 Admiraldus,
1932 1201 2174 1233 Viceadmiraidus
2198 1212 2245 1233 aut
2265 1214 2366 1236 eorum

1304 1240 1394 1286 W‘JCS.
1403 1241 1740 1310 ςὶτεηςεεὲεείπανεήῃῑ
1752 1240 1884 1271 Praedam
1900 1242 1933 1272 &
1944 1239 2098 1279 Capturam
2105 1241 2191 1281 justas
2198 1242 2267 1281 justi
2279 1243 2311 1274 ὃ(
2325 1244 2367 1275 le-

1303 1289 1395 1318 gitimi
1439 1290 1528 1311 ucrie
1552 1290 1576 1311 e.

1343 1318 1452 1358 ITEM,
1478 1319 1587 1356 praefati
1604 1318 1803 1358 Admiraldus,
1822 1317 2085 1357 Viceadrniraldus,
2103 1319 2137 1350 ὃ(
2159 1329 2261 1350 eorum
2283 1320 2370 1353 Vices

1305 1365 1432 1401 gerentes
1453 1367 1618 1397 teneantur,
1635 1358 1706 1388 infra
1728 1357 1927 1396 Qadraginta
1948 1356 2020 1388 Dies
2041 1367 2057 1387 a
2082 1355 2140 1388 Die
2162 1357 2369 1396 Requisitionis

1307 1397 1356 1440 libi
1375 1395 1459 1427 factae
1485 1406 1532 1433 per
1551 1396 1665 1427 Partem
1691 1395 1918 1427 Damnificatam
1933 1396 2160 1434 computandos,
2179 1399 2280 1436 exequi
2294 1409 2369 1436 prze-

1307 1434 1416 1478 d1›:Jtam
1434 1435 1667 1475 Obligationem,
1685 1435 1839 1473 postquam
1853 1436 1890 1466 de
1904 1434 2060 1473 hujusmodi
2076 1434 2175 1473 Spolio
2191 1436 2240 1466 fibi
2261 1437 2370 1468 consti-

1306 1482 1390 1510 terit,
1409 1483 1508 1518 contra
1524 1472 1708 1511 Dominum,
1726 1473 1936 1511 Possessorem,
1956 1470 2130 1513 Magistrum
2141 1473 2370 1515 ,Exercitorenn

1307 1511 1352 1542 seu
1366 1511 1523 1555 Bursarium
1539 1512 1632 1544 Navis
1648 1512 1681 1543 &
1697 1522 1796 1543 eorum
1813 1512 1998 1550 Fidejuffores
2009 1514 2058 1550 qui
2073 1513 2126 1543 tale
2147 1512 2299 1544 Dan-snum
2325 1516 2371 1546 in-

1306 1551 1435 1594 tulerint:
1458 1551 1548 1595 Quod
1561 1551 1581 1582 fi
1596 1560 1782 1594 compertum
1799 1551 1830 1588 fit
1844 1549 1974 1582 Praedam
1989 1551 2026 1581 ab
2038 1552 2149 1582 alterius
2165 1550 2252 1592 Regis
2266 1553 2370 1584 Subdi-

1303 1596 1356 1628 ω,
1380 1588 1497 1633 Terris,
1518 1589 1642 1629 Regnis,
1659 1591 1716 1620 sive
1736 1589 1884 1620 Dominiis
1901 1589 2052 1622 abdunam
2072 1591 2106 1622 &
2128 1590 2262 1629 ablatam,
2278 1591 2369 1624 Causa

1305 1627 1455 1658 summarie
1477 1629 1511 1660 &
1530 1629 1586 1659 sine
1607 1628 1722 1666 strepitu
1743 1628 1777 1659 &
1799 1627 1891 1666 figura
1908 1628 2013 1667 judicii
2035 1627 2209 1660 Discutietur
2223 1653 2234 1668 ,
2257 1630 2371 1663 indilate

1305 1665 1385 1696 Bona
1386 1666 1620 1735 Sceapta,Damna
1638 1669 1672 1699 δε
1688 1666 1821 1712 Interesse
1836 1666 1958 1698 Restitui
1975 1667 2310 1725 Spoliatisjubebuntur,
2327 1680 2371 1702 at-

1304 1715 1368 1787 {³532
1385 1704 2303 1784 vassia„325155c32352¹‘<2²¹?13¹5322„202⁶trimisia&
2312 1719 2370 1778 §⁸5

1306 1792 1386 1820 cros,
1405 1782 1562 1826 Bursarios,
1581 1783 1613 1814 ὅτ.
1627 1782 1696 1813 alios
1712 1781 1979 1812 Praeheminentiam
1993 1783 2022 1813 in
2037 1781 2120 1813 Navi
2143 1770 2372 1817 habentes'fere-

1305 1829 1368 1859 tur,
1386 1822 1474 1864 quam
1488 1830 1573 1852 etiam
1591 1830 1689 1852 contra
1709 1820 1914 1859 Fidejuffores,
1927 1821 2007 1859 juxta
2028 1820 2180 1852 Tenorem
2204 1822 2371 1862 obligatio-

1304 1868 1376 1890 num
1402 1869 1432 1890 ιη
1458 1869 1489 1890 ea
1509 1869 1588 1898 parte
1600 1859 1801 1898 praestitarurn,
1819 1860 1852 1890 &
1867 1869 1916 1897 per
1932 1858 2150 1897 Admiraldum,
2169 1860 2372 1894 Viceadmiral-

1303 1896 1394 1942 dum,
1408 1898 1454 1941 vel
1469 1908 1571 1929 eorum
1583 1898 1750 1929 Officiarios
1765 1898 1975 1937 Receptarum,
1992 1895 2182 1930 incontinenti
2191 1909 2242 1937 per
2254 1901 2370 1932 eosdem

1301 1936 1417 1982 Judicoe
1430 1940 1489 1967 live
1498 1947 1602 1980 *eorum
1617 1937 1738 1968 alterum
1753 1935 1921 1968 Executioni
1939 1936 2166 1968 demandabimr·
2187 1940 2270 1969 omni
2288 1942 2370 1978 peni-

1307 1984 1352 2006 tus
1366 1974 1568 2015 Appellationis
1582 1974 1729 2006 Remedio
1746 1975 1870 2006 sublato:
1889 1975 1945 2014 Et,
1963 1986 2037 2014 quan
2061 1985 2126 2006 uam
2168 1986 2184 2007 e
2207 1976 2284 2008 facto
2307 1980 2370 2017 Apa

1305 2013 1440 2082 pdlatum
1456 2014 1553 2053 fuerit,
1572 2024 1666 2045 tamen
1675 2014 1792 2049 Judices
1804 2015 2026 2053 Supprernarum
2073 2015 2192 2045 uriarum
2210 2026 2303 2054 neque
2319 2027 2370 2055 per

1322 2052 1492 2097 nhibitiones
1509 2053 1554 2085 seu
1569 2054 1625 2084 alio
1639 2054 1742 2092 quovis
1776 2053 1871 2084 ucesito
1885 2054 1984 2084 colore
1998 2053 2025 2083 se
2037 2054 2066 2083 in
2091 2053 2143 2084 hiis
2162 2052 2257 2085 Caufis
2279 2056 2370 2094 irnpe-

1307 2091 1386 2122 dient
1400 2092 1458 2122 five
1472 2093 1680 2129 intromittent,
1700 2103 1738 2131 qu
1794 2092 1814 2122 fi
1830 2092 1908 2123 secus
1922 2102 1972 2130 per
1988 2102 2036 2122 eos
2053 2092 2171 2127 fanum,
2184 2092 2286 2132 fuerit,
2304 2094 2372 2125 Irri-

1306 2140 1367 2161 tum
1380 2131 1410 2161 sit
1423 2131 1457 2162 δε
1472 2130 1572 2162 Inane:
1592 2130 1629 2162 Et
1638 2154 1648 2170 ,
1664 2131 1684 2161 fi
1698 2141 1748 2169 per
1759 2128 1989 2163 Interlocutorias
2001 2130 2143 2162 diciorum
2154 2129 2293 2170 Judicum
2309 2144 2372 2171 par-

1307 2177 1347 2199 tes
1361 2169 1387 2199 se
1398 2178 1523 2209 gravatas
1537 2169 1753 2208 praetenderint,
1767 2169 1881 2209 Judices
1899 2170 2102 2201 nichilominus
2116 2170 2195 2208 super
2217 2170 2370 2210 Principali

1307 2207 1393 2246 usque
1413 2207 1454 2254 acl
1470 2207 1646 2240 Sententiam
1667 2208 1849 2240 diffinitivam
1869 2208 2007 2240 inclusive
2033 2208 2189 2246 procedere
2214 2219 2368 2250 poterunt,

1307 2246 1374 2284 sed,
1386 2246 1412 2290 *fi
1435 2249 1577 2278 Sententia
1599 2248 1679 2287 super
1700 2247 1849 2278 Bonorum
1865 2246 2056 2283 Restitutione
2068 2247 2113 2278 seu
2124 2246 2276 2286 Principali
2297 2250 2368 2281 fere-

1307 2286 1428 2355 ῗῖἐεὲἓέ
1441 2284 1626 2356 ἓξξέἒῖἓῖἱῑ
1636 2285 2057 2362 ἀῗᾞέἓέιῖἓὲἒὲ’τῖἑίἓὲἓῖῒ
2067 2284 2369 2363 ὴῗῗξῗωὲἳιῗςςὲἒὲἓὲῑ

1307 2364 1354 2392 tiae
1369 2361 1541 2406 Grayatam,
1556 2363 1591 2394 ad
1605 2363 1742 2401 Suprema
1755 2362 1889 2394 Concilia
1905 2373 1959 2402 pro
1974 2362 2194 2394 Reformatione
2207 2364 2369 2403 hujusmodi

1309 2400 1491 2446 Gravaminis
1508 2412 1667 2446 recurrere,
1687 2402 1808 2440 praestita
1821 2411 1918 2433 tamen
1932 2402 1968 2433 ab
1981 2411 2098 2440 utraque
2112 2411 2188 2440 parte
2207 2401 2370 2444 cautione,

1306 2440 1343 2470 ab
1366 2449 1395 2470 ea
1411 2440 1571 2477 (videhcet)
1594 2442 1643 2480 qui
1665 2441 1818 2472 Sententiae
1839 2440 2046 2473 Executionem
2068 2440 2192 2472 obtinuit
2215 2441 2252 2472 de
2265 2441 2368 2474 Rebus

1306 2479 1428 2522 obtentis
1446 2489 1496 2517 per
1507 2480 1683 2511 Sententiam
1697 2479 1872 2510 restituendis
1886 2481 1915 2510 in
1933 2489 2070 2510 eventum
2086 2481 2235 2511 contrariae
2247 2480 2369 2512 Senten-

1303 2527 1369 2554 tiae,
1387 2527 1402 2546 a
1419 2516 1600 2561 Supplicante
1616 2522 1688 2549 vero
1701 2518 1738 2549 de
1753 2517 1927 2549 restituendis
1943 2517 2095 2555 Expensis,
2113 2517 2252 2556 Damnis,
2271 2521 2304 2551 &
2317 2519 2368 2550 In-

1305 2555 1403 2598 teresse
1426 2556 1446 2586 s1
1470 2567 1500 2586 m
1523 2556 1611 2588 Causa
1631 2558 1826 2594 succubuerit,
1843 2566 1908 2594 quae
1929 2557 2046 2594 quidem
2067 2555 2192 2587 Confilia
2216 2557 2287 2588 insta
2310 2558 2367 2590 Sex

1306 2594 1438 2633 Menles,
1455 2595 1552 2639 postea
1564 2605 1649 2633 quam
1664 2595 1813 2626 Processus
1831 2593 1995 2625 Primorum
2006 2593 2146 2634 Judicum
2159 2595 2217 2626 illic
2239 2597 2370 2629 introdu-

1305 2642 1427 2671 cuntur,
1445 2633 1520 2664 finali
1532 2634 1676 2665 Sententia
1689 2634 1889 2664 terminabunt.

1342 2670 1355 2701 I
1364 2680 1411 2700 TE
1422 2681 1448 2702 ,xi
1458 2694 1466 2709 ,
1486 2671 1664 2703 Au&0ritate
1687 2672 1782 2709 Regii
1797 2682 1845 2710 per
1860 2671 2074 2710 Admiraldum,
2092 2671 2346 2704 Viceadmiraldum
2356 2697 2368 2712 ,

1304 2709 1351 2739 seu
1370 2719 1474 2740 eorum
1500 2710 1584 2741 Vices
1603 2720 1729 2754 gerentes
1751 2711 1952 2754 Litigatoribus
1965 2733 1977 2749 ,
2003 2711 2075 2741 dum
2094 2710 2147 2750 Jus
2170 2712 2253 2742 suum
2273 2712 2366 2750 prose-

1306 2757 1451 2829 qqup-tg-ig
1461 2748 1892 2826 plgpgvriigggirtstrusjegteirri[aeras
1903 2785 2012 2824 Regias
2027 2786 2065 2818 ad
2079 2786 2296 2827 Admiraldum,
2313 2787 2370 2820 Vi-

1306 2824 1546 2863 ceadrniraldum,
1560 2827 1597 2869 A&
1615 2837 1716 2868 eorum
1732 2823 1819 2856 Vices
1853 2834 1980 2864 erentes,
1998 2826 2084 2857 taliter
2097 2826 2178 2864 qubd
2193 2827 2244 2864 ipfi
2269 2829 2367 2858 omnia

1305 2864 1338 2893 ὃ(
1353 2863 1456 2901 singula
1463 2863 1607 2907 Praerruffa
1615 2865 1815 2896 Observabunt
1838 2874 1872 2894 eu
1885 2863 2035 2894 Observari
2050 2865 2172 2902 facient,
2184 2865 2371 2904 publicabun—

1304 2911 1356 2946 tur'
1365 2901 1445 2939 super
1459 2901 1510 2932 hus
1524 2902 1691 2946 Principum
1707 2902 1833 2936 Decreta
1846 2903 1878 2934 in
1893 2902 2038 2936 Portubus
2052 2904 2086 2936 &
2101 2903 2189 2935 Locis
2211 2903 2368 2935 lilaritimis

1304 2940 1444 2980 utriusque
1461 2940 1568 2980 Regni.

1342 3016 1550 3063 Nos-ejusdem
1565 3018 1779 3051 praedecessoris
1791 3017 1882 3051 nostri
1897 3027 2044 3058 tamquam
2064 3017 2204 3050 artiffimae
2228 3017 2310 3049 Pacis
2331 3019 2366 3050 ὃς

1304 3054 1451 3087 Amicitiae
1466 3057 1585 3088 Vincula
1601 3060 1673 3089 inter
1686 3061 1747 3088 Nos
1761 3060 1794 3090 &c
1809 3058 1979 3097 praedictum
2000 3056 2212 3088 Sereniffimum
2235 3056 2364 3089 Fratrem

1303 3094 1434 3125 nostrum
1448 3095 1560 3139 Angliae
1574 3100 1670 3135 Regem
1682 3108 1741 3128 non
1758 3097 1848 3127 modo
1863 3096 2061 3133 Confirmare,
2079 3095 2124 3125 sed
2137 3105 2274 3134 perpetuo
2297 3095 2366 3127 Ro-

1303 3133 1374 3164 bore
1396 3133 1524 3177 Stabzlire
1542 3137 1704 3178 cupienteS,
1721 3136 1820 3166 habito
1843 3135 1980 3166 Trac‘tatu
2000 3134 2034 3164 &
2054 3132 2252 3165 Conclufione
2267 3134 2365 3167 secuti

1304 3181 1377 3215 cum·
1394 3172 1447 3201 suis
1468 3172 1635 3204 Oratoribus
1657 3174 1693 3204 ad
1714 3175 1772 3205 hoc
1793 3173 1967 3205 Potestatem
1990 3171 2174 3209 habentibus,
2198 3173 2244 3202 illa
2262 3174 2363 3204 eidem

1305 3209 1435 3255 Capitula
1451 3210 1696 3251 Approbavirnus,
1715 3212 1960 3248 Ratifficavimus,
1973 3220 2061 3248 eaque
2076 3221 2128 3249 pro
2143 3210 2294 3241 Conclufis
2312 3212 2364 3243 ha-

1304 3249 1418 3279 buimus
1434 3250 1467 3280 &
1481 3250 1616 3280 habemus
1626 3275 1635 3287 ,
1653 3252 1686 3281 &
1704 3251 1748 3281 illa
1764 3249 1942 3281 inviolabiter
1957 3258 2071 3280 necnon
2085 3260 2100 3280 a
2116 3249 2240 3280 Subditis
2261 3249 2365 3282 nostris

1303 3288 1396 3332 facere
1408 3287 1556 3318 Observari
1571 3287 1772 3328 promisimus,
1791 3297 1861 3319 cum
1879 3287 2004 3319 Duobus
2016 3287 2075 3318 aliis
2087 3286 2225 3327 Capitulis
2238 3287 2290 3319 illis
2313 3289 2364 3320 ad-

1303 3325 1367 3356 ditis
1380 3335 1442 3364 quae
1454 3325 1613 3364 sequuntur.

1305 3403 1311 3408 ι
1342 3363 1412 3408 Pri-2
1423 3372 1470 3402 M,
1485 3365 1564 3402 quod
1585 3364 1764 3395 Admiraldus
1786 3364 1820 3396 &
1838 3365 1887 3402 qui
1910 3363 1968 3395 suas
1979 3362 2066 3394 vices
2077 3372 2177 3402 gerunt
2189 3364 2364 3398 tenebuntur

1304 3401 1374 3431 infra
1388 3402 1528 3445 Semestre
1539 3412 1554 3432 a
1572 3411 1702 3440 ternpore
1716 3404 1823 3441 incepti
1835 3401 1987 3433 Processfis
2001 3402 2081 3432 illum
2101 3402 2196 3432 debita
2216 3402 2362 3436 Sententia

1303 3440 1489 3482 Termrnare,
1508 3441 1585 3478 quod
1604 3441 1624 3470 fi
1642 3450 1702 3471 non
1720 3442 1820 3472 fecerit
1841 3442 1959 3478 praefato
1981 3448 2111 3478 tempore
2124 3441 2234 3479 elapso,
2251 3441 2361 3482 Causa,

1304 3488 1331 3507 in
1354 3489 1390 3521 eo
1409 3478 1504 3521 Statu,
1521 3481 1550 3508 in
1573 3487 1632 3515 quo
1652 3479 1720 3516 erit,
1739 3479 1758 3508 fi
1782 3480 1819 3509 ita
1841 3479 1943 3509 Actori
1966 3479 2119 3517 placuerit,
2137 3479 2172 3510 ad
2192 3479 2360 3512 Concilium

1305 3515 1402 3554 Majus
1414 3518 1553 3552 utriusque
1565 3515 1700 3554 Principis
1715 3517 1893 3547 evocabitur.

1342 3554 1446 3598 irem,
1464 3554 1543 3598 quod
1559 3554 1579 3585 fi
1590 3555 1739 3593 contigerit
1751 3565 1766 3585 a
1781 3555 1923 3586 Sententia
1934 3554 2094 3586 Admiraldi
2105 3564 2153 3587 aut
2185 3556 2224 3587 'us
2238 3555 2360 3596 Vicege-

1301 3602 1384 3624 tentis
1396 3593 1543 3636 appellari,
1561 3594 1718 3631 Appellatio
1735 3593 1769 3623 ad
1782 3593 1932 3631 praefarum
1951 3592 2119 3625 Concilium
2182 3596 2240 3633 ajus
2257 3595 2359 3626 devol-

1300 3632 1469 3676 vetur,·ub1
1492 3632 1602 3669 praefata
1622 3631 1713 3663 Causa
1734 3632 1782 3668 Ap
1829 3632 1936 3663 lationis
1957 3632 1990 3662 &
2007 3633 2092 3663 etiam
2103 3633 2147 3663 illa
2160 3643 2226 3670 quze
2241 3642 2291 3671 per
2305 3643 2358 3664 ne-

1298 3671 1459 3708 gligentiam
1473 3679 1656 3709 evocaretur,
1669 3679 1702 3701 ut
1715 3670 1745 3699 in
1817 3681 1833 3700 u
1858 3670 2050 3709 praecedenti,
2066 3670 2138 3702 infra
2159 3670 2234 3702 aliud
2254 3670 2355 3702 Seme-

1298 3709 1353 3739 stre
1369 3709 1387 3726 *
1401 3708 1609 3739 terminabitur:
1629 3708 1829 3746 Inhibebitque
1848 3718 1965 3747 uterque
1987 3709 2104 3748 Regum
2123 3710 2162 3739 ne
2181 3709 2270 3746 aliqua
2291 3709 2355 3740 Cu·
2369 3713 2388 3733 ¹*
2408 3716 2478 3745 XII.

1297 3748 1400 3777 riarum
1422 3745 1587 3777 Parlamenti
1607 3746 1643 3778 de
1664 3747 1822 3786 hujusmodi
1843 3746 1940 3778 Caufis
1952 3749 1986 3778 δε
1999 3748 2133 3788 Negotiis
2146 3746 2355 3786 Ctgnitionem
2366 3755 2430 3790 ⁶94·

1299 3786 1357 3816 ullo
1374 3784 1464 3814 modo
1478 3785 1610 3823 suscipiat.

1340 3860 1375 3891 In
1393 3870 1514 3905 quorum
1537 3860 1637 3905 Fidem
1657 3863 1690 3894 &
1703 3861 1920 3893 Testimonium
1932 3862 2061 3902 Sigillum
2075 3859 2204 3892 nostrum
2218 3862 2359 3901 praesenti-

1298 3901 1351 3931 bus
1370 3899 1468 3930 Litens
1484 3900 1617 3931 duximus
1633 3902 1844 3940 apponendum.

1321 3974 1447 4020 ’Datum
1462 3975 1596 4017 Partfius,
1611 3976 1671 4007 Die
1685 3976 1801 4008 decima
1814 3975 1911 4015 quarta
1927 3974 2033 4006 Menfis
2043 3973 2130 4014 Julii,
2145 3975 2236 4008 Anno
2248 3971 2359 4008 Domi-

1297 4024 1328 4044 ni
1351 4013 1505 4057 Millefirtm
1519 4037 1529 4057 ,
1555 4015 1840 4055 Quadringentesimo
1852 4038 1864 4054 ,
1886 4012 2084 4052 Nonagefimo
2105 4014 2235 4054 octavo,
2259 4014 2356 4053 Regni

1296 4054 1367 4086 vero
1382 4051 1470 4084 nostn
1482 4051 1592 4084 Primo.
2258 4087 2343 4120 PER

2536 3448 2544 3651 --—.-‘*-

2548 3642 2555 3658 ,4
2552 3619 2555 3623 .
