2555 4266
761 174 868 222 ET
944 182 1258 224 ACTA]

29 263 148 297 Ann.D
169 266 218 297 diu
236 265 381 298 Prisonatii
404 263 532 294 Inimicis
550 264 584 294 &
608 262 780 294 Adversariis
795 264 898 296 nostris
913 288 923 303 ‚
940 267 1090 297 occafione
1105 267 1226 297 Guerrse

27 302 29 305 ’
51 301 139 343 1438.
170 306 200 335 in
215 305 324 342 Regno
337 301 434 332 nostro
450 301 573 331 Franciae
584 324 593 338 ,
611 302 645 332 &
661 300 878 334 Deliberationis
899 304 953 335 suae
967 305 1003 336 de
1017 305 1148 341 Prisonzi,
1165 314 1228 342 quse

28 346 93 373 Heri.
109 342 127 369 6

72 2265 149 2294 *X.

131 363 138 370 .
171 353 241 373 curn
259 345 335 380 parte
355 338 564 407 Consanfiuinei
587 339 675 369 nostri
691 341 738 378 qui
752 340 778 370 se
791 340 862 372 dicit
876 345 1006 372 Comitem
1020 344 1094 372 d’Eu
1110 365 1120 380 ,
1141 344 1228 372 etiam

173 380 321 412 Prisonarii
336 378 365 408 in
378 377 458 408 dieto

170 417 392 459 jamtra&atur,
1161 456 1164 460 ,
1180 456 1185 461 ·
1202 455 1207 460 ⁴

210 455 353 486 Dedimus
374 454 408 485 δε
426 463 477 492 per
499 453 645 492 praesentes
665 453 774 485 Damus
795 453 918 485 Gilberto
931 453 1006 483 dela
1019 457 1102 496 Fayet
1120 454 1229 492 Militi,

173 493 373 526 Marescallum
394 492 521 524 Franciae
539 493 566 523 se
580 493 722 523 dicentem
737 515 747 530 ‚
765 494 894 530 bonum,
909 492 1035 535 securum
1050 514 1060 529 ,
1074 495 1108 525 &
1122 494 1228 523 salvum

173 529 365 562 Condustum
380 540 434 568 pro
444 531 471 562 se
486 554 496 569 ,
514 531 559 561 vel
574 541 629 568 pro
642 530 698 561 alio
711 553 720 567 ,
737 540 823 568 quem
837 540 885 568 per
902 529 1028 561 Literam
1041 531 1118 561 suam
1134 541 1185 574 pro
1201 531 1228 562 se

172 569 207 603 &
222 580 272 608 per
287 570 313 600 se
329 569 448 600 voluerit
463 571 626 606 nominare,
642 568 688 599 vel
705 568 754 598 fibi
770 569 970 603 committere,
988 568 1134 605 praesentes
1151 570 1228 599 Lite-

171 619 215 641 xas
231 607 336 639 nostras
355 607 391 638 de
404 608 480 638 salvo
495 607 650 637 Conductu
664 628 674 643 ,
691 616 760 636 cum
778 606 873 637 Litera
883 606 1009 644 praediciti·
1027 607 1163 644 Gilberti,
1179 608 1229 637 de-

171 647 324 685 ferentem,
343 657 377 677 ac
394 646 589 684 Qiadraginta
602 644 729 675 Personis
745 645 780 674 de
794 643 944 675 Comitiva
959 643 1005 674 sua
1017 647 1052 676 &
1067 647 1136 675 infra
1157 647 1228 683 (cu-

167 685 333 724 juscumque
348 685 455 721 Status,
470 683 571 714 Patriae
586 701 596 720 ,
616 681 796 713 Auctoritatis
807 705 817 721 ‚
836 682 881 712 vel
895 681 1076 713 Conditionis
1091 683 1224 720 existant)

170 723 205 756 ad
220 722 423 754 discedendum
433 722 466 752 ὃς
482 721 654 751 veniendum
667 720 704 750 de
717 730 897 760 quocumque
913 720 1014 758 Loco,
1030 731 1078 759 per
1091 722 1230 753 Inimicos

173 762 207 792 &
222 762 400 793 Adversarios
414 757 524 790 nostros
538 758 687 796 praedictos
703 781 713 796 ,
729 759 801 789 infra
814 758 926 789 dietum
943 758 1078 798 Regnum
1097 759 1226 790 nostrum

173 799 319 838 Franciae,
337 807 418 830 tento
436 799 470 829 &
491 806 650 834 occupatO,
667 797 779 826 bonum
800 797 849 827 sibi
872 797 1026 836 videbitur,
1045 798 1123 829 dicto
1146 797 1228 828 Con-

173 839 327 876 sanguineo
354 836 451 867 nostro
479 838 580 865 comite
604 838 705 864 Somers
730 836 759 864 in
779 834 930 866 Comitiva
952 836 999 866 sua
1025 837 1157 867 existente
1170 861 1180 874 ,
1198 838 1227 866 in

174 885 386 915 quamcumque
408 874 531 905 Patriam
552 873 596 904 seu
623 873 739 903 Locum
761 873 795 904 de
817 873 988 905 Obedientia
1004 874 1112 913 nostra,
1128 875 1174 905 seu
1192 875 1229 905 de

174 915 220 946 illa
238 908 426 944 Inimicorum
440 910 603 941 nostrorum
618 912 820 948 praedictorum
830 934 839 950 ,
858 912 907 942 sibi
922 913 1054 949 placuerit
1070 915 1103 945 &
1120 913 1231 944 neceise

174 953 280 990 fuerit,
296 952 327 982 fit
350 952 379 981 iri
401 951 524 980 Patriam
544 949 695 980 Britanniae
717 951 762 981 vel
782 951 846 982 alibi
865 950 935 982 infra
957 951 1070 982 diCtum
1085 952 1226 989 Regnum

177 991 306 1023 nostrum
321 989 446 1020 Franciae
455 1010 464 1026 ,

207 1027 246 1060 Et
268 1029 412 1066 praecipue
427 1028 461 1058 ad
477 1025 654 1058 Ducendum
667 1027 700 1057 &
717 1025 948 1058 Conducendum
967 1028 1078 1059 dicii-um
1099 1027 1231 1071 Consan-

174 1069 314 1106 guineum
329 1066 455 1097 nostrum
470 1069 599 1095 Comitem
617 1068 719 1095 Somers
735 1065 805 1096 infra
821 1066 942 1104 aliquem
962 1066 1111 1097 Locorum
1127 1066 1231 1103 praedi-

175 1107 290 1137 &orum
303 1105 338 1136 de
354 1103 530 1135 Obedientiis
543 1104 740 1141 praedie‘iisfld
757 1104 919 1134 faciendum
933 1105 1011 1142 super
1025 1104 1151 1142 Campos
1167 1104 1232 1134 De-

175 1144 374 1176 liberationem
393 1142 470 1174 suam
490 1143 523 1174 &
543 1142 615 1173 dieti
628 1140 837 1181 Consanguinei
851 1142 939 1173 nostri
956 1144 1004 1182 qui
1020 1143 1046 1173 se
1059 1144 1128 1174 dicit
1142 1146 1229 1173 Comi-

206 1195 233 1213 m
249 1183 275 1213 d'
277 1185 322 1212 Eu
1073 1212 1076 1215 Δ

177 1191 265 1260 teEt,
284 1221 303 1251 si
322 1205 433 1252 necesse
450 1219 552 1256 fuerit,
577 1217 611 1249 ad
630 1217 841 1249 Reducendum
859 1219 980 1249 eundem
1000 1219 1226 1259 Confimguineum

174 1259 292 1300 nostrum
310 1262 435 1289 Comitem
461 1260 562 1287 Somers
579 1256 613 1287 ad
632 1257 714 1288 Loca
738 1267 787 1298 per
807 1257 942 1288 [nimicos
957 1257 1066 1288 nostros
1084 1258 1234 1296 praedictos

216 1309 251 1329 cu
287 1307 314 1329 ta

175 1308 449 1368 ocEtpgon'iimiliter
461 1333 495 1364 ad
512 1332 688 1364 Ducendum
702 1335 736 1365 &
752 1332 983 1364 Conducendum
999 1333 1088 1374 ipsum
1106 1333 1235 1365 Consan-

176 1377 313 1413 guineum
328 1373 455 1405 nostrum
464 1394 474 1410 ,
492 1373 540 1410 qui
552 1371 578 1401 se
587 1375 714 1401 Comitem
727 1372 800 1401 dEu
814 1373 960 1410 nominat,
976 1372 1097 1403 Persona
1109 1373 1231 1410 ejusdem

178 1413 292 1445 Consan
316 1414 390 1443 uinei
411 1410 498 1441 nostri
510 1413 620 1439 Comitis
632 1413 733 1439 Somers
746 1410 896 1441 deliberata
911 1432 920 1448 ‚
938 1410 972 1440 ad
987 1410 1108 1441 Pati-iim
1122 1413 1155 1442 ὃς
1172 1411 1233 1441 Lo—

178 1449 212 1484 ca
228 1462 277 1491 per
287 1423 381 1482 ffiaetos
390 1448 526 1481 Inimicos
536 1448 646 1480 nottros
660 1458 799 1487 occupata
813 1449 845 1480 ὅ(
859 1449 895 1479 de
911 1447 1085 1480 Obedienzii
1098 1449 1143 1480 sua
1160 1459 1232 1487 prte-

213 1491 274 1522 <sta-

180 1490 210 1522 ὼ
220 1529 258 1560 Et
266 1513 338 1558 ’ideo
354 1526 473 1559 vobis&
482 1525 597 1557 cuilibet
611 1523 737 1556 vestrum
752 1525 877 1563 expresse
891 1525 1061 1556 Mandamus
1076 1525 1154 1565 quod
1166 1534 1237 1563 praee-

175 1566 273 1607 fatum
287 1564 454 1602 Gilbertum,
472 1564 516 1594 vel
532 1574 580 1601 per
594 1573 662 1594 eum
675 1565 704 1593 in
719 1563 771 1594 hac
785 1574 862 1601 parte
877 1563 1091 1602 Commissum,
1110 1565 1237 1606 Literam

182 1606 260 1637 suam
285 1604 448 1642 praedffiam
473 1602 623 1633 habentem
639 1624 649 1639 ,
675 1603 708 1632 ὃ(
727 1602 870 1639 praesentes
889 1603 996 1633 Literas
1015 1602 1119 1633 nostras
1137 1603 1172 1632 de
1189 1603 1239 1632 ial-

184 1654 225 1675 vo
243 1641 402 1673 Conduetu
416 1640 589 1672 deferentem
605 1662 615 1678 ‚
638 1640 672 1670 &
691 1650 740 1670 eos
755 1640 792 1671 de
810 1640 962 1672 Comitiva
976 1641 1023 1672 sua
1040 1664 1049 1679 ,
1073 1643 1108 1672 ad
1126 1643 1238 1672 dictum

181 1682 352 1713 Numerum
374 1679 566 1719 Quadraginta
575 1677 777 1716 Personarum,
797 1680 842 1709 vel
857 1680 929 1710 infra
947 1680 1165 1719 (cujuscumque
1179 1679 1240 1710 Sta-

181 1722 228 1754 tsis
243 1743 252 1758 ,
270 1719 369 1751 Patriae
384 1742 394 1757 ,
411 1717 609 1754 Auctoritatis,
626 1717 672 1747 seu
691 1716 873 1748 Conditionis
889 1718 1022 1755 existant)
1044 1719 1177 1748 Armatos
1196 1718 1240 1748 vel

179 1769 244 1792 non
263 1759 398 1789 Armatos
411 1780 422 1796 ,
440 1756 551 1794 Equites
565 1755 610 1785 seu
626 1755 770 1786 Pedestres
784 1779 794 1794 ‚
812 1756 890 1786 dic'to
904 1755 1127 1794 Consanguineo
1142 1756 1240 1786 nostro

179 1802 284 1830 comite
304 1799 404 1827 Somers
419 1797 449 1825 in
461 1794 611 1826 comitiva
631 1793 678 1824 sua
694 1793 827 1825 existente
841 1818 850 1832 ,
868 1796 901 1826 ὃς
920 1795 1041 1826 similiter
1060 1796 1140 1826 dicto
1159 1795 1243 1825 Con-

178 1838 335 1876 sanguineo
359 1833 456 1865 nostro
483 1836 611 1864 Comitem
634 1833 710 1862 d’Eu
737 1833 763 1863 se
780 1833 892 1864 dicente
905 1856 914 1872 ‚
934 1833 1000 1872 post
1018 1833 1243 1877 Deliberationes

185 1877 243 1908 suas
260 1874 343 1905 factas
361 1882 392 1904 ut
412 1873 589 1910 praemittitur
603 1894 613 1909 ,
630 1880 699 1901 cum
718 1871 817 1910 Auro,
837 1872 985 1910 Argento,
1004 1871 1145 1910 Moneta,
1163 1872 1240 1903 Lite-

185 1916 222 1946 ris
237 1936 246 1952 ,
263 1912 367 1953 Papiris
382 1935 391 1950 ,
411 1910 607 1942 Memorandis
622 1932 632 1947 ,
651 1909 886 1941 Iristruetionibus
904 1934 913 1948 ,
931 1920 977 1942 aut
999 1912 1054 1942 aliis
1076 1911 1243 1949 Scripturis,

179 1950 454 1991 Robis,‘Jocalibus
467 1972 478 1987 ,
498 1948 575 1980 Vasis
585 1970 595 1986 ,
613 1958 647 1978 ac
661 1948 718 1978 aliis
731 1947 815 1978 Bonis
829 1950 862 1979 δε
879 1949 980 1980 Rebus
992 1949 1044 1980 suis
1059 1949 1243 1988 quibuscum-

179 2002 241 2031 que
257 2013 267 2029 ,
282 1992 322 2021 ire
336 2012 346 2028 ,
363 1989 459 2020 venire
472 2010 482 2026 ,
500 1986 700 2025 perhendinare
713 2009 723 2025 ‚
741 1988 845 2018 morari
861 2010 870 2024 ,
886 1988 920 2019 ὃ(
939 1988 1028 2019 redire
1044 2011 1053 2026 ,
1072 1988 1109 2018 de
1137 1988 1193 2018 Die
1208 1989 1242 2019 δε

184 2030 290 2062 Nocte
305 2052 316 2067 ,
331 2038 380 2066 per
404 2027 534 2067 Aquam,
554 2035 603 2063 per
621 2024 762 2062 Terram,
777 2035 826 2063 per
841 2026 927 2057 Viam
945 2027 978 2057 δε
994 2035 1068 2058 eXtra
1082 2027 1182 2065 Viam,
1200 2027 1243 2057 se-

185 2069 244 2100 mel
256 2067 301 2098 vel
314 2066 428 2106 saepius,
444 2064 558 2095 durante
573 2062 707 2101 praesente
720 2063 797 2094 salvo
809 2063 967 2096 Conductu
982 2065 1079 2096 nostro
1091 2087 1101 2103 ,
1119 2065 1243 2108 plene&

185 2105 323 2146 pacifice,
340 2105 417 2136 salvo
432 2104 466 2135 &
480 2103 576 2133 secure
591 2102 754 2140 permittatis
766 2125 775 2140 ,
794 2103 895 2141 absque
912 2103 1014 2134 Aresto
1029 2127 1039 2142 ,
1056 2103 1244 2135 Perturbatio-

188 2155 225 2176 ne
239 2167 249 2183 ,
269 2144 314 2175 vel
328 2142 538 2181 Impedimento
552 2150 601 2178 per
619 2141 694 2170 viam
709 2140 842 2180 Marquae
857 2164 867 2179 ,
885 2141 1125 2180 Contrornarquae
1138 2165 1149 2181 ,
1167 2142 1244 2187 Cap-

189 2185 274 2216 tionis
289 2205 299 2221 ,
317 2181 517 2219 Recaptionis,
537 2179 702 2217 Vendit-stae,
721 2178 989 2218 Contravendidtae,
1006 2182 1039 2212 &
1055 2180 1245 2219 Intercursus,

188 2222 235 2253 seu
252 2220 328 2252 aliter
343 2221 581 2259 qualitercumque
606 2217 712 2256 fuerit,
730 2216 767 2248 set
783 2227 872 2248 omne
888 2218 1148 2258 impedimentum,
1167 2222 1244 2258 quod

189 2261 240 2291 sibi
259 2260 367 2290 facium
387 2258 469 2288 fuerit
489 2256 532 2287 vel
552 2256 656 2286 illatum
670 2278 679 2293 ,
709 2256 798 2293 plenae
817 2257 851 2287 &
872 2261 887 2274 ’ὅ
908 2258 992 2288 celeri
1016 2258 1223 2288 Deliberationi
1237 2281 1246 2297 ,

190 2307 273 2338 prout
294 2298 329 2329 ad
351 2304 584 2334 unumquemque
603 2293 729 2325 vestrum
746 2295 863 2332 pertinet
878 2318 887 2334 ,
905 2298 1014 2334 ponatis
1028 2298 1061 2329 &
1077 2298 1147 2335 poni
1162 2297 1249 2328 facia-

190 2345 280 2368 cratis·

230 2360 349 2406 Proviso
370 2373 479 2412 semper
506 2371 582 2411 quod
605 2372 654 2409 ipsi
675 2373 827 2410 quicquam
844 2395 854 2411 ,
877 2373 954 2411 quod
977 2375 1006 2404 in
1028 2373 1196 2412 Dampnum
1215 2376 1249 2406 ὃς

191 2413 396 2451 Raejudicium
411 2411 538 2442 nostrum
553 2418 598 2441 aut
613 2410 715 2440 Patriae
729 2410 772 2440 seu
789 2411 972 2442 Subditorum
987 2412 1153 2443 nostrorum
1167 2414 1250 2444 cede-

194 2463 224 2484 re
239 2451 341 2489 possit,
359 2460 417 2481 non
431 2450 535 2480 faciant
551 2458 641 2486 neque
659 2450 825 2486 impetrent,
979 2460 983 2461 ⁷

232 2491 271 2522 Et
296 2489 373 2529 quod
396 2489 447 2525 ipsi
472 2487 617 2525 praesentes
638 2487 745 2517 Literas
767 2487 872 2518 nostras
883 2487 920 2519 de
935 2488 1007 2518 salvo
1024 2488 1197 2528 ConduCtu,
1214 2491 1248 2521 ad

193 2530 341 2560 introitum
357 2526 493 2557 Villarum
507 2528 540 2557 &
556 2526 703 2555 Locorum
719 2525 891 2556 firmatorum
911 2527 946 2557 de
969 2526 1144 2557 Obedientia
1158 2529 1252 2559 nostra

193 2565 332 2606 praedicta
348 2589 358 2604 ,
385 2564 546 2603 capitaneis
571 2563 617 2594 seu
643 2562 816 2595 Custodibus
840 2565 1010 2595 eorumdem
1033 2565 1187 2598 monstrare
1211 2576 1253 2598 te-

243 2613 307 2636 ntur

192 2615 270 2675 neaEt
293 2628 351 2673 non
372 2641 544 2673 intendimus
564 2640 641 2678 quod
651 2663 660 2678 ,
678 2640 697 2670 si
718 2640 815 2679 aliquis
828 2641 876 2672 has
891 2642 995 2672 Literas
1010 2641 1114 2672 nostras
1126 2642 1162 2673 de
1178 2643 1253 2674 salvo

197 2681 355 2713 conductu
375 2680 572 2718 particulariter
593 2678 753 2721 infregerit,
769 2680 797 2710 id
813 2681 894 2711 cedat
909 2681 938 2710 in
953 2681 1152 2721 praejudicium
1167 2682 1254 2715 alicu-

190 2720 315 2760 jus,nis1
330 2718 512 2750 solummodo
527 2717 560 2748 ad
578 2717 778 2754 Intrafimrqm.

234 2759 268 2789 In
286 2759 380 2796 cujus,
397 2758 450 2788 &c
478 2756 562 2795 usque
583 2756 713 2786 Primum
730 2756 809 2788 diem
821 2757 890 2796 Julii
907 2758 1039 2796 proximo
1057 2758 1184 2790 futurum
1203 2758 1254 2791 du-

201 2805 312 2828 raturas.

239 2834 329 2866 Teste
344 2832 431 2872 Rege
445 2832 518 2872 apud
535 2831 809 2874 Wstmonafterium,
825 2834 926 2866 Tertio
944 2834 991 2866 die
1008 2835 1124 2874 Aprilis.

505 386 580 416 egno
593 377 691 408 nostro
707 378 834 410 franciae
850 402 860 418 ,
879 381 909 410 in
925 380 1099 411 Obedientia
1114 380 1208 410 nostra
1216 401 1226 418 ,

780 2917 834 2945 Per
843 2918 934 2946 Breve
941 2915 973 2945 de
988 2918 1110 2947 Privato
1123 2917 1220 2956 Sigillo.

258 3052 307 3084 De
327 3047 521 3093 Restitutione
538 3047 761 3094 Temporalium
774 3059 829 3095 pro
848 3050 985 3097 Episcopo
1003 3051 1204 3095 Dunelmenfi.

59 3152 138 3184 ΑΜ·
150 3151 191 3183 D·
208 3137 334 3194 REX
353 3137 494 3169 Escaetori
508 3138 556 3168 suo
570 3137 598 3166 in
611 3135 756 3167 Comitatu
775 3136 985 3177 Middlesexiae,
1004 3138 1139 3171 Salutem.

84 3192 170 3229 1438.

62 3235 115 3258 An.
134 3231 177 3258 16.

66 3272 100 3295 H.
117 3269 146 3295 6.

305 3176 387 3207 Cslm
403 3180 534 3207 Dominus
548 3179 667 3205 Summus
685 3175 829 3215 Pontffex,

243 3215 441 3248 venerabilem
462 3215 575 3245 Petrem
590 3237 599 3252 ,
623 3214 769 3243 Robertum
783 3238 792 3253 ,
818 3225 906 3252 nuper
928 3214 1081 3254 Epiftopum
1100 3220 1197 3247 Sarum
1210 3240 1220 3256 ‚
1245 3228 1259 3248 a

205 3254 349 3291 vinculo,
368 3264 425 3291 quo
441 3253 497 3292 ipse
513 3252 649 3283 Ecclefiae
662 3253 782 3290 Sarum,
799 3255 845 3284 cui
860 3262 927 3284 tunc
942 3264 1058 3292 praeerat
1073 3278 1082 3294 ,
1099 3257 1260 3294 tenebatur,

65 3309 125 3334 Pas.
150 3307 190 3334 16·
205 3294 240 3325 de
256 3292 432 3331 Apostolicae
446 3291 625 3330 plenitudinis
639 3290 796 3329 Potestate,
816 3291 989 3331 Absolvens,

65 3349 99 3372 H.
120 3345 148 3371 6.

241 3328 333 3370 Ipsum
351 3329 564 3361 ad‘Ecclefiam
582 3329 802 3359 Dunelmensem
818 3330 999 3368 transtulerit,
1017 3331 1110 3370 illique
1124 3332 1260 3370 praefece-

62 3389 90 3420 p.
112 3392 138 3411 2·
155 3391 194 3410 m·
205 3370 240 3400 rit
253 3371 283 3400 in
294 3368 467 3407 Episcopum
482 3370 515 3399 δε
530 3366 673 3397 Pastorem
684 3390 693 3404 ,
709 3367 778 3398 ficut
791 3378 840 3406 per
852 3369 954 3399 Literas
969 3370 1084 3400 Bullatas
1098 3371 1179 3408 ipsius
1194 3371 1261 3402 Do-

68 3430 113 3456 37·

209 3409 280 3437 mini
291 3411 391 3437 Summi
406 3405 564 3449 pontificis,
581 3406 665 3436 nobis
680 3406 747 3436 inde
761 3407 897 3446 directas,
912 3410 993 3439 nobis
1009 3409 1136 3448 constat,

245 3445 358 3514 {ch20
376 3482 453 3551 Ἑκοά
469 3462 537 3512 idem
553 3483 691 3521 Episcopus
708 3484 842 3514 omnibus
860 3485 892 3514 ὃ(
912 3484 1024 3521 singulis
1041 3486 1135 3515 verbis
1149 3509 1158 3525 ,
1173 3487 1201 3517 in
1218 3487 1262 3518 di-

213 3521 256 3552 eti
271 3521 367 3551 Literis
407 3521 494 3555 ullatis
508 3523 666 3559 contentiS,
685 3521 782 3552 Nobis
799 3524 832 3552 δε
853 3523 979 3553 Coronae
998 3524 1098 3554 nostrae
1117 3526 1264 3562 praejucia-

212 3559 284 3589 libus
299 3581 309 3596 ,
328 3568 425 3589 coram
448 3559 546 3589 Nobis
563 3559 655 3597 palam
675 3560 708 3590 &
728 3561 850 3598 expresse
870 3561 1056 3592 Renunciavit
1071 3585 1080 3600 ,
1105 3564 1138 3594 &
1156 3563 1263 3595 Gratiae

212 3596 469 3642 nostraeshumiliter
487 3597 513 3628 se
530 3597 652 3628 submisit
667 3620 677 3636 ‚
691 3599 815 3629 volentes
832 3610 901 3630 cum
918 3611 954 3631 eo
971 3603 1000 3630 in
1019 3601 1071 3631 hac
1090 3610 1167 3639 parte
1184 3611 1264 3641 agere

213 3643 392 3712 gmgggsmus
406 3671 578 3703 Fidelitatem
598 3673 674 3714 ipfius
689 3675 830 3713 Episcopi,
861 3676 893 3705 ὅ(
909 3676 1095 3715 Temporalia
1112 3677 1182 3708 dicti
1197 3678 1267 3718 Epi-

214 3713 263 3744 sco
284 3710 342 3742 atfis
352 3710 562 3748 Dunelmensis,
580 3721 662 3750 prout
677 3714 764 3742 moris
776 3713 816 3742 est
826 3736 835 3750 ,
851 3713 1037 3743 Restituimus
1050 3715 1161 3754 eidem,

281 3749 367 3781 tideo
382 3748 433 3778 tibi
445 3747 630 3784 Praecipimus
649 3751 724 3787 quod
740 3752 822 3781 eidem
835 3754 957 3789 Episcopo
971 3753 1153 3790 Temporalia
1167 3754 1267 3791 praedi-

216 3789 281 3827 cta,
297 3797 366 3836 §um
387 3786 573 3854 peggnentiis,
586 3788 618 3816 in
637 3788 740 3819 Balliva
762 3791 809 3820 tua
824 3812 833 3828 ,
851 3791 906 3820 sine
929 3790 1063 3821 dilatione
1076 3814 1086 3829 ,
1107 3792 1221 3822 Liberes
1239 3794 1268 3823 in

215 3826 437 3903 forfffigrffigfine
449 3847 522 3900 apud
537 3861 658 3900 Castrum
665 3862 745 3902 ficum
760 3866 792 3895 de
807 3864 962 3905 Wj‘ndcffo're
971 3888 979 3903 ,
988 3866 1095 3898 octavo
1102 3867 1148 3898 die
1158 3868 1271 3906 Aprilis,

787 3942 840 3970 Per
853 3944 944 3971 Breve
956 3943 988 3971 de
1001 3944 1119 3973 Privato
1133 3943 1233 3981 Sigillo.

220 4016 385 4050 Consimilia
398 4016 498 4047 Brevia
512 4015 670 4053 diriguntur
684 4013 879 4046 Escaetoribus
898 4017 1072 4056 subscriptis,
1091 4020 1119 4049 in
1140 4019 1273 4051 Comita-

388 4057 460 4085 tibus
474 4054 646 4093 subscriptis,
664 4052 712 4084 sub
726 4052 824 4084 eadem
839 4053 932 4093 Data,
948 4056 1094 4095 videlicet,

272 4096 345 4124 Tom.
362 4095 393 4124 V.
408 4095 441 4124 P.
456 4097 481 4126 Ι.

1287 175 1761 229 PU‘BLICA.

2277 208 2323 245 51

1303 265 1443 302 ΕΙὲαείονὶ
1456 272 1534 306 Regis
1547 273 1576 298 in
1592 273 1662 300 Com.
1681 271 1809 300 Eborum.
2342 278 2418 309 Ann.
2433 279 2475 310 D.

1300 304 1443 343 Efiaetori
1458 311 1535 343 Regis
1549 311 1579 337 in
1595 312 1663 337 Com.
1683 310 1808 339 Lincoln.
2364 325 2448 354 1436.

1300 342 1441 381 Eftketori
1455 347 1534 382 Regis
1548 349 1577 375 in
1591 349 1663 377 Com.
1681 348 1864 378 Northumbr.
2339 360 2402 383 Heu.
2418 357 2448 386 6.

1527 420 1563 451 Et
1579 420 1748 453 Mandatum
1762 423 1802 453 est
1821 423 1980 464 Militibus,
1999 430 2058 459 διε.

1266 540 1426 585 Commiffi'o
1447 544 1581 590 Epiftopi
1599 544 1833 589 Momzsterienfir
1855 548 1897 580 ad
1912 550 2118 583 Tractandum
2142 564 2208 586 cum
2229 559 2315 589 Com-

1668 594 1804 639 miffizriis
1829 599 1922 642 Regis.

1267 677 1328 742 N
1339 674 1396 705 OS
1411 677 1545 706 Henricus
1558 699 1568 715 ,
1586 675 1643 707 Dei
1666 678 1749 716 gratia
1762 701 1773 716 ,
1792 680 1930 718 Epiftopus
1955 681 2170 722 Monasterienfis
2187 706 2196 721 ,
2213 687 2313 715 Notum
2338 691 2410 721 Αηῃ,
2429 690 2468 721 D,

1347 712 1460 750 facimus
1474 715 1604 758 universis
1624 717 1657 747 &
1681 716 1808 755 lingulis,
1825 718 1859 748 ad
1885 729 1953 756 quos
1973 718 2114 758 praesentes
2138 722 2241 752 nostrae
2257 723 2317 754 Lit-
2354 730 2429 772 ¹438

1266 758 1333 780 terae
1354 762 1543 792 pervenerint,
2339 776 2378 796 Aa
2410 781 2449 797 ιο.

1305 789 1396 827 Quod
1413 790 1496 829 Nos,
1514 801 1548 821 ex
1561 791 1635 822 certa
1652 791 1748 823 nostra
1762 792 1886 824 Scientiri
1899 804 1933 824 ac
1949 796 2044 835 animo
2060 798 2133 828 bene
2151 797 2317 836 deliberato,
2336 814 2369 836 H.
2385 812 2413 837 6,

1266 829 1365 858 omnia
1385 830 1418 860 &
1441 829 1541 867 singula
1556 852 1565 867 ,
1584 841 1632 868 per
1644 854 1653 869 ,
1675 831 1850 862 Venerabiles
1866 833 1898 862 ὃ(
1914 834 2132 871 circumspectos
2146 835 2229 867 Viros
2242 859 2250 874 ,
2264 837 2318 875 Jo-
2342 854 2377 874 g„-
2394 852 2452 875 Au-

1267 865 1384 895 hannem
1405 870 1574 905 Uptnegrave
1600 868 1784 906 Praepositum
1804 869 1938 902 Ecclcsiae
1963 872 2060 903 saneti
2084 874 2205 905 Andreae
2229 875 2319 905 Colo·
2340 896 2404 913 my,

1267 904 1380 942 niensis,
1401 906 1558 934 Arnoldum
1571 907 1603 935 de
1617 910 1742 946 B'reympt
1760 908 1944 944 Armigerum
1957 934 1967 947 ,
1993 912 2026 942 &
2040 911 2200 950 Johannem
2212 914 2243 943 de
2261 912 2321 951 Cof-
2362 910 2376 922 ο

1259 941 1351 980 ftldia
1372 942 1564 974 Decretorum
1585 944 1763 984 Ductorem,
1781 946 1980 980 Procuratores
1999 951 2031 980 &
2056 952 2176 982 Amicos
2196 952 2324 990 nostros,

1268 980 1302 1010 ad
1318 981 1374 1011 hoc
1389 981 1539 1019 specialiter
1559 983 1727 1013 constitutos
1746 983 1833 1015 nostri
1847 985 1979 1019 Nomine
1995 1011 2003 1024 ,
2024 999 2091 1018 curn
2106 987 2276 1021 Reverendo
2293 992 2322 1020 in

1270 1017 1386 1049 Christo
1414 1021 1492 1051 Patre
1514 1020 1647 1051 Domino
1669 1022 1814 1051 Willielmo
1830 1047 1838 1060 ,
1870 1035 1956 1062 nuper
1983 1026 2108 1065 Epifiopo
2129 1026 2297 1062 Nor-wrcenfi
2312 1052 2322 1066 ,

1271 1067 1347 1087 nunc
1370 1060 1495 1097 Episcopo
1514 1059 1694 1100 Limolnienfi
1706 1083 1716 1098 ,
1733 1069 1847 1092 necnon
1865 1085 1874 1099 ,
1890 1063 2083 1100 spectabilibus
2098 1066 2250 1105 Dominis,
2267 1063 2323 1105 Jo-

1269 1094 1359 1125 hanna
1373 1095 1398 1126 le
1410 1101 1503 1136 Scrop‚
1522 1098 1555 1128 &
1573 1098 1704 1136 Johanne
1719 1103 1826 1137 Tiptot,
1847 1099 2045 1140 Militibus,ac
2062 1104 2323 1144 Magistroyahan-

1270 1144 1302 1162 ne
1316 1135 1490 1176 Storthwayt
1505 1137 1639 1176 utriusque
1650 1136 1724 1173 juris
1740 1137 1913 1177 Baccalaiio,
1934 1140 2108 1173 Praecentore
2125 1154 2157 1174 ac
2172 1144 2323 1175 Canonico

1272 1171 1457 1204 Praebendato
1476 1174 1611 1205 Ecciefiae
1633 1174 1807 1207 Cathedralis
1823 1177 1983 1217 Wellensis,
2004 1181 2136 1211 Nomine
2151 1184 2184 1214 &
2199 1193 2233 1213 ex
2248 1193 2325 1221 parte

1272 1209 1501 1242 Christianiffimi
1521 1214 1538 1231 ³*
1558 1213 1742 1251 Principis&
1758 1214 1895 1253 Domini,
1914 1216 2036 1248 Domini
2048 1215 2174 1257 Hearici,
2194 1222 2251 1251 Dei
2265 1232 2325 1261 gia·
2371 1222 2389 1241 ³¹¹
2419 1223 2442 1248 X

1272 1249 1327 1286 tia,
1342 1249 1454 1287 Angliae
1471 1248 1508 1284 ᾤ’
1525 1254 1646 1281 Franciae
1658 1255 1751 1289 Regis,
1771 1251 1809 1287 ό
1822 1256 1934 1284 Βιηιὶηί
1947 1256 2084 1286 Haberniae
2101 1256 2228 1297 Illustris,
2250 1261 2328 1291 Lon·
2385 1266 2452 1296 699.

1273 1286 1370 1317 doniae
1385 1310 1394 1325 ,
1413 1288 1511 1318 ultima
1532 1290 1578 1319 die
1600 1289 1704 1320 Mentis
1728 1291 1891 1332 Februarii,
1911 1294 1995 1325 Anno
2018 1296 2141 1327 Domini
2155 1299 2327 1337 MillesimO,

1276 1325 1559 1365 Quadringentesimo
1573 1350 1582 1365 ,
1600 1327 1760 1359 Triceiimo
1782 1330 1875 1368 sexto,
1894 1331 1983 1371 Aeta,
2003 1334 2100 1372 Facta,
2121 1335 2223 1374 Dicta,
2244 1336 2327 1367 Con-

1274 1363 1405 1402 cordita,
1425 1365 1457 1395 &
1472 1364 1614 1396 Conclusa
1629 1388 1638 1403 ,
1656 1376 1739 1403 prout
1754 1369 1782 1397 in
1796 1369 1917 1405 quadam
1933 1370 2042 1403 Cedula
2058 1373 2206 1406 Indentata
2220 1397 2230 1413 ,
2247 1375 2326 1406 desu-

1274 1412 1323 1471 pAer
1345 1402 1480 1471 cossifecta
1495 1426 1505 1441 ,
1530 1404 1638 1441 plenius
1660 1406 1821 1437 continetur
1835 1429 1845 1445 ,
1864 1407 2021 1440 Laudamus
2037 1435 2046 1450 ,
2071 1412 2256 1444 Ratificamus
2267 1437 2276 1453 ,
2293 1417 2327 1445 &

1303 1450 1376 1478 ppro
1400 1451 1492 1479 amus,

1313 1479 1351 1509 Et
1365 1480 1583 1518 nichilominus,
1597 1481 1730 1512 omnibus
1745 1483 1907 1515 melioribus
1924 1485 1991 1524 Vii,
2006 1483 2329 1531 Jure,Modo,Causa,

1275 1517 1308 1548 &
1325 1517 1431 1548 Forma
1449 1519 1548 1556 quibus
1582 1520 1708 1550 offumus
1722 1521 1755 1551 &
1770 1521 1921 1561 debemus,
1940 1525 2086 1563 Fecimus,
2105 1528 2312 1561 Censtituimus

1276 1556 1309 1585 &
1323 1556 1540 1595 Ordinavimus,
1559 1529 1792 1597 igraesenubusque
1811 1560 1957 1600 Facimus,
1977 1562 2180 1598 Constituimus
2196 1592 2205 1607 ,
2223 1572 2255 1600 &
2270 1553 2330 1600 Or3

1277 1592 1424 1633 dinamus,
1442 1595 1619 1626 honorabiles
1637 1596 1720 1628 Viros
1735 1621 1744 1636 ,
1763 1598 1924 1637 YJbrandum
1939 1603 1970 1631 de
1984 1605 2138 1643 Merwyck,
2156 1607 2252 1637 Sariffi
2269 1609 2328 1638 Lu-

1278 1634 1354 1671 geri,
1374 1632 1546 1664 Praesentem
1563 1656 1572 1671 ,
1590 1636 1623 1665 &
1643 1634 1724 1666 Onus
1746 1636 1956 1669 procurationis
1978 1638 2135 1678 hujusmodi
2152 1646 2179 1674 in
2195 1646 2219 1676 se
2233 1646 2330 1683 sponte

1278 1671 1344 1701 susci
1366 1673 1488 1710 ientem,
1507 1673 1538 1703 ὅ(
1552 1672 1712 1714 Jolvannem
1727 1675 1873 1713 Doweler,
1892 1679 1993 1708 veteris
2007 1679 2245 1714 Ecclefiesanffi
2261 1684 2330 1716 Pau-

1279 1710 1297 1739 li
1320 1710 1341 1740 i&
1357 1710 1548 1741 onasterieniis
1563 1734 1573 1749 ,
1595 1710 1783 1743 Eccleliarum
1803 1713 1965 1745 Canonicos
1980 1739 1989 1754 ,
2015 1719 2165 1750 Absentem
2188 1730 2332 1761 tamquam

1280 1748 1467 1785 Praesentem,
1486 1750 1518 1780 &
1533 1750 1687 1789 quemlibet
1704 1761 1803 1782 eorum
1819 1754 1847 1782 in
1863 1753 1981 1784 solidum
1996 1778 2005 1792 ,
2024 1758 2063 1786 ita
2080 1759 2159 1796 quod
2175 1759 2332 1799 Occupan-

1279 1788 1312 1817 tis
1325 1787 1454 1818 conditio
1468 1788 1562 1828 potior
1576 1798 1634 1818 non
1648 1788 1815 1827 existat,ied
1831 1792 1908 1831 quod
1924 1802 1992 1823 unus
2005 1805 2104 1826 eorum
2119 1799 2253 1835 inceperit
2269 1802 2334 1831 alter

1280 1826 1402 1864 ipsorum
1427 1827 1556 1864 prosequi
1579 1827 1666 1857 valeat
1680 1850 1689 1865 ,
1709 1827 1838 1860 Mediare
1852 1853 1861 1867 ,
1879 1833 1980 1868 pariter
1999 1833 2031 1863 δε
2048 1833 2138 1866 Finire
2153 1860 2162 1875 ,
2179 1839 2206 1867 in
2225 1838 2333 1869 nostros

1280 1875 1363 1895 veros
1375 1887 1384 1901 ,
1403 1874 1495 1895 certos
1509 1888 1518 1902 ,
1533 1865 1677 1901 legitimos
1689 1889 1698 1903 ,
1714 1867 1747 1896 &
1768 1868 1938 1899 indubitatos
1957 1869 2154 1904 Procuratores
2167 1898 2175 1911 ,
2193 1875 2312 1907 Afrores
2321 1900 2332 1916 ,

1280 1903 1410 1972 Faadl'tores
1423 1926 1433 1942 ,
1459 1904 1492 1935 &
1512 1903 1710 1941 Negotiorum
1729 1905 1891 1937 nostrorum
1909 1906 2061 1949 Gestores,
2079 1922 2112 1942 ac
2124 1913 2158 1944 N
2162 1915 2259 1945 uncios
2273 1916 2332 1953 spe-

1283 1951 1311 1972 ci
1337 1953 1380 1980 es,

1318 1982 1364 2011 Ad
1381 1980 1633 2019 Comparendum,
1650 1991 1702 2019 pro
1712 1982 1810 2014 Nobis
1823 1984 1856 2014 &
1870 1983 2002 2016 Nomine
2015 1987 2129 2025 nostre,
2148 1999 2246 2021 coram
2264 2002 2335 2030 ρετ-

1280 2019 1339 2050 fato
1354 2017 1590 2051 Christianissimo
1604 2019 1776 2058 Principe&
1787 2021 1933 2061 Domino,
1943 2023 2078 2055 Domino
2093 2029 2207 2058 Henrico
2220 2032 2333 2068 Angliae‘

1282 2059 1320 2128 ss?
1335 2061 1456 2128 Iganciae
1472 2061 1559 2126 {ega
1575 2059 1682 2098 suisque
1693 2060 1728 2090 ad
1745 2060 1918 2099 infrascripta
1934 2062 2159 2104 Commissariis,
2176 2067 2333 2109 Deputatis,

1294 2108 1327 2129 eu
1377 2108 1392 2128 e
1415 2105 1479 2127 utari
1501 2107 1540 2135 is,

1322 2137 1368 2167 Ac
1383 2108 1419 2166 ,31
1432 2134 1644 2174 Tradtandum,
1663 2135 1922 2177 concordandum,
1942 2139 1975 2170 &
1990 2139 2233 2176 Concludendum
2243 2168 2252 2183 ‚
2269 2156 2338 2177 cum

1283 2175 1333 2214 ipfi)
1348 2177 1464 2205 Domino
1479 2177 1566 2212 Rege,
1582 2174 1626 2205 seu
1642 2174 1853 2207 Commiffariis
1866 2179 2070 2217 antedictis,de
2083 2183 2116 2212 &
2133 2183 2211 2221 super
2227 2186 2339 2222 quibus-

1286 2224 1412 2251 cumque
1428 2213 1520 2251 Ligis,
1536 2214 1693 2252 AmicitiiS,
1712 2215 1866 2254 Alligantiis
1882 2238 1892 2254 ,
1911 2217 1944 2247 δε
1961 2220 2063 2249 mutuis
2080 2220 2338 2261 Sutwenrionffius,

1286 2253 1421 2290 Auxiliis,
1438 2251 1483 2282 seu
1499 2251 1642 2290 servitiis,
1657 2256 1729 2294 inter
1745 2255 1822 2292 Nos,
1839 2265 1872 2284 ac
1889 2265 1940 2292 pro
1955 2255 2053 2287 Nobis
2067 2280 2077 2295 ,
2096 2259 2192 2290 Terris
2202 2284 2210 2298 ,
2229 2261 2339 2292 Domi-

1287 2292 1339 2322 niis
1357 2314 1367 2329 ,
1384 2290 1505 2321 Subditis
1550 2291 1584 2322 &
1608 2290 1731 2321 Vassallis
1746 2291 1846 2322 nostris
1860 2294 2086 2333 quibuscumque
2099 2319 2107 2334 ,
2123 2308 2155 2328 ex
2172 2309 2247 2337 parte
2263 2301 2337 2338 uria,

1288 2330 1322 2361 &
1336 2330 1485 2368 praefatum
1507 2313 1774 2359 Christianiffimum
1798 2329 1962 2370 Principem
1982 2335 2128 2364 Dominum
2150 2339 2244 2374 Regem
2259 2361 2269 2375 ‚
2286 2349 2340 2375 pro

1289 2369 1333 2406 se,
1353 2368 1482 2407 Regnis,
1500 2366 1614 2405 Terris,
1633 2367 1793 2406 Dominus,
1814 2369 1926 2407 Ligeis,
1948 2370 2083 2410 Vaffallis,
2102 2375 2134 2405 &
2150 2376 2274 2406 Subditis
2288 2377 2340 2407 suis

1290 2406 1515 2446 quibuscumque
1530 2429 1538 2443 ,
1555 2416 1589 2436 ex
1603 2406 1687 2436 altera
1699 2415 1775 2444 parte
1788 2429 1798 2444 ,
1814 2407 1848 2437 ad
1867 2407 1961 2439 Vitam
1974 2410 2055 2447 ipiius
2071 2411 2195 2444 Domini
2208 2414 2295 2454 Regis
2305 2417 2342 2447 &

1291 2445 1433 2483 nostram,
1451 2444 1577 2474 ineundis
1591 2444 1624 2474 &
1643 2444 1814 2482 praestandis,

1329 2485 1423 2522 Atque
1436 2482 1471 2514 ad
1485 2481 1656 2512 Faciendum
1671 2482 1739 2512 Nos
1753 2485 1898 2513 Henricum
1911 2486 2063 2525 Episcopum
2071 2489 2221 2529 praefatum
2239 2491 2344 2524 V3ffil-

1290 2523 1348 2554 lum
1363 2531 1444 2560 atque
1454 2519 1655 2560 Homagialem
1670 2520 1781 2551 fidelem
1794 2522 1870 2561 ipfius
1883 2526 1993 2554 Domini
2007 2529 2101 2565 Regir‚

1327 2560 1459 2592 Necnon
1474 2559 1508 2589 ad
1527 2558 1682 2590 Petendum
1695 2560 1728 2591 &
1743 2559 1969 2601 Recipiendum‚
1989 2574 2039 2602 pro
2055 2565 2169 2606 Nobis,
2187 2571 2220 2601 &
2232 2570 2347 2602 Nomi..

1291 2610 1328 2631 ne
1347 2599 1466 2636 nostro,
1500 2597 1696 2629 Investituratn
1719 2598 1806 2628 Feudi
1831 2600 1877 2630 seu
1901 2601 2060 2633 Feudorum
2075 2628 2084 2643 ,
2116 2607 2134 2636 fi
2156 2609 2232 2648 quod
2257 2611 2300 2640 vel
2323 2611 2343 2641 fi

1291 2649 1345 2679 qua
1368 2638 1498 2679 praefatus
1518 2639 1648 2667 Dominus
1673 2639 1734 2666 Rex
1757 2636 1857 2669 Nobis
1884 2642 2040 2672 concedere
2065 2645 2131 2675 velit
2157 2647 2202 2677 vel
2228 2649 2346 2680 confer-

1292 2687 1321 2709 re
2040 2688 2045 2692 ⁶

1328 2699 1366 2747 fit
1387 2714 1537 2755 specialiter
1557 2713 1590 2744 ad
1613 2712 1859 2755 Promittendum,
1878 2716 2070 2757 Faciendum,
2087 2721 2120 2751 &
2137 2721 2348 2765 Praestandum,

1292 2754 1393 2785 Nobis
1407 2757 1523 2784 Henrico
1542 2753 1668 2792 Episcopo
1685 2752 1804 2792 praefato
1820 2757 1853 2787 &
1870 2755 2006 2787 Nomine
2023 2758 2140 2798 nostro,
2159 2763 2275 2800 praefato
2289 2769 2349 2796 Do.

1291 2797 1360 2823 mino
1376 2796 1442 2831 Regi
1455 2792 1649 2830 Homagium,

1333 2833 1379 2863 Ac
1392 2834 1476 2863 etiam
1491 2831 1525 2862 ad
1541 2829 1753 2869 Praestandum,
1770 2832 1799 2861 in
1815 2831 1948 2864 Animam
1966 2834 2110 2875 nostram,
2130 2839 2157 2868 in
2172 2840 2204 2870 ea
2238 2851 2292 2872 arte
2300 2842 2348 2873 Fi-

1294 2871 1411 2902 delitatis
1430 2870 1642 2901 Sacramentum
1656 2891 1665 2907 ,
1684 2879 1754 2899 cum
1773 2873 1908 2902 omnibus
1931 2871 2066 2910 Capitulis
2089 2877 2121 2906 ὃς
2144 2877 2295 2919 Clausuiis,
2314 2882 2349 2913 ad

1296 2909 1459 2948 hujusmodi
1473 2907 1688 2939 Sacramentum
1704 2907 1728 2937 F
1729 2907 1850 2939 idelitatis
1866 2909 1921 2940 fieri
1937 2911 2038 2942 debitis
2052 2914 2084 2943 ὅ(
2094 2917 2244 2957 consuetis,

1333 2948 1465 2979 Necnon
1478 2948 1557 2984 super
1572 2945 1794 2985 quibuscumque
1808 2947 1943 2979 Articulis
1956 2960 2214 2994 quantumcumque
2227 2958 2349 2995 speciali-

1299 2989 1351 3018 bus
1365 3011 1374 3025 ,
1391 2988 1438 3025 qui
1454 2986 1540 3023 Ligas
1553 3007 1562 3022 ,
1582 2985 1752 3028 Amicitias,
1771 2995 1876 3028 mutuas
1896 2984 2102 3021 Subventiones
2116 3014 2126 3030 ,
2146 2993 2272 3034 Auxilia,
2292 2998 2348 3028 five

1299 3026 1417 3057 Servitia
1432 3024 1587 3062 Homagii,
1606 3024 1639 3053 &
1654 3022 1803 3054 Fidelitatis
1815 3025 2024 3058 Sacramentum
2034 3050 2042 3065 ‚
2063 3029 2214 3067 lupradic‘h
2229 3045 2347 3066 concer-

1300 3074 1366 3094 nere
1381 3072 1513 3102 poterunt
1527 3062 1627 3100 quovis
1641 3061 1747 3099 mode,
1765 3072 1833 3106 cum
1846 3074 1945 3095 eorum
1961 3067 2168 3109 incidentibus,
2181 3075 2348 3112 emergenti-

1297 3103 1364 3139 bus,
1381 3102 1589 3140 dependentiis,
1605 3101 1636 3130 &
1652 3109 1803 3138 connexis,

1338 3141 1384 3172 Ac
1396 3150 1459 3180 quae
1474 3140 1511 3170 sic
1525 3139 1659 3182 Tractata
1673 3159 1683 3175 ,
1698 3137 1840 3182 'Promissa
1857 3163 1866 3178 ,
1886 3140 2028 3181 Praeststa,
2046 3145 2078 3175 &
2091 3145 2162 3177 facia
2175 3148 2274 3179 fuerint
2294 3148 2346 3179 sub

1298 3179 1501 3216 Cautionibus,
1520 3176 1775 3216 Promisfionibus,
1794 3188 1827 3208 ac
1840 3182 1920 3210 omni
1934 3181 2086 3214 Securitate
2100 3185 2193 3216 debita
2207 3188 2238 3217 &
2254 3197 2283 3216 re
2304 3189 2347 3217 ui-

1299 3218 1347 3249 fita
1361 3219 1389 3247 in
1410 3217 1462 3247 hac
1484 3224 1579 3254 parte,
1597 3225 1650 3253 pro
1675 3214 1771 3246 Nobis
1786 3217 1818 3247 &
1832 3217 1963 3251 Nomine
1985 3221 2103 3260 nostro,
2123 3224 2273 3255 Affecuran
2295 3235 2345 3257 um

1298 3259 1332 3289 &
1348 3255 1532 3286 Firmandum
1541 3278 1551 3293 ,
1685 3293 1690 3298 ὓ

1335 3293 1580 3332 Consimilemque
1595 3292 1776 3323 Securitatem
1790 3304 1805 3324 a
1820 3295 1936 3332 praefato
1945 3299 2058 3327 Domino
2071 3301 2153 3336 Rege,
2167 3299 2212 3330 seu
2233 3310 2282 3338 per
2305 3304 2350 3340 ip-

1297 3334 1359 3364 sum
1374 3333 1407 3363 ad
1420 3333 1447 3362 id
1464 3332 1652 3371 Deputand0‚
1667 3341 1719 3369 pro
1734 3332 1831 3364 Nobis
1844 3335 1877 3365 &
1894 3334 2025 3365 Nomine
2038 3335 2148 3375 nostro,
2169 3337 2346 3380 Petendum,

1296 3371 1494 3410 Stipulandum
1503 3394 1512 3407 ,
1527 3371 1559 3401 &
1574 3370 1784 3407 Recipiendum
1794 3393 1803 3409 ‚

1336 3410 1465 3441 Necnon
1480 3409 1515 3440 ad
1537 3408 1746 3439 Sublevandurn
1761 3431 1769 3446 ,
1786 3409 1991 3447 Recipiendum
2005 3433 2014 3448 ,
2037 3413 2070 3442 &
2085 3411 2240 3446 Petendum
2253 3440 2262 3455 ,
2279 3417 2349 3448 No-

1299 3450 1377 3479 mine
1392 3448 1505 3485 nostro,
1524 3447 1713 3485 quascumque
1732 3447 1919 3478 Pecuniarum
1936 3449 2065 3490 Summas
2079 3472 2088 3487 ,
2110 3451 2208 3483 Nobis
2220 3465 2268 3492 per
2281 3467 2349 3486 eun-

1299 3487 1367 3518 dem
1382 3490 1526 3517 Dominum
1540 3489 1650 3523 Regem,
1670 3487 1788 3515 nomine
1804 3486 1973 3516 Proviiionis
1988 3490 2042 3516 iive
2063 3487 2204 3521 Peniionis
2219 3495 2349 3532 Annuae,

1301 3536 1334 3557 ex
1349 3526 1430 3556 causa
1445 3525 1584 3561 Homagii
1600 3546 1609 3561 ,
1628 3525 1671 3554 seu
1696 3523 1844 3554 Vasallatus
1857 3546 1866 3561 ,
1884 3533 1927 3554 aut
1943 3524 2094 3557 fidelitatis
2107 3551 2116 3566 ,
2135 3530 2280 3567 affignatas
2301 3532 2346 3563 seu

1300 3565 1442 3602 deputatas
1476 3562 1646 3599 assignandas
1659 3562 1704 3592 seu
1719 3561 1887 3600 deputandas
1898 3583 1907 3599 ,
1923 3572 1937 3591 a
1954 3564 2175 3605 quibuscumque
2199 3570 2350 3601 Thesaura-

1302 3604 1363 3639 riis,
1379 3602 1423 3632 seu
1440 3586 1665 3638 &ommiffariis,
1682 3599 1842 3637 DeputatiS,
1861 3600 1904 3641 seu
1923 3599 2111 3643 Deputandis‚

1338 3640 1489 3678 Ipsumque
1509 3642 1653 3669 Dominum
1673 3641 1772 3674 Regum
1786 3659 1795 3674 ,
1820 3637 2015 3680 Tlieiaurarios
2031 3663 2040 3678 ,
2065 3642 2110 3673 seu
2133 3643 2351 3678 Commiffasios

1302 3679 1460 3709 antedidlms
1475 3700 1484 3715 ,
1500 3678 1535 3706 de
1559 3676 1691 3713 Receptis
1713 3676 1746 3705 &
1770 3675 1879 3719 Levatis
1902 3677 2080 3716 Qiitandum
2098 3704 2108 3719 ,
2138 3683 2349 3723 Quitationem,

1303 3717 1541 3752 Absolutionem,
1560 3715 1591 3744 &
1610 3713 1728 3743 Pastum
1743 3712 1779 3741 de
1794 3712 1903 3744 ulterius
1916 3714 2052 3754 Percepta
2066 3720 2098 3750 ὃ(
2113 3720 2212 3751 Levata
2228 3732 2286 3751 non
2301 3733 2352 3760 pe-

1302 3756 1407 3793 tendo,
1426 3754 1612 3789 Faciendum,
1640 3789 1644 3794 ι

1342 3793 1380 3824 Et
1395 3791 1556 3830 generaliter
1568 3798 1662 3818 omnia
1675 3788 1707 3817 &
1722 3788 1827 3826 fingula
1842 3789 2032 3831 Faciendum,
2051 3794 2215 3827 Gerendum
2225 3819 2234 3835 ,
2248 3799 2280 3828 δε
2296 3798 2354 3829 Ex-

1305 3832 1478 3862 cercendum
1493 3852 1502 3866 ,
1520 3838 1581 3865 quae
1596 3828 1671 3857 circa
1686 3824 1830 3869 Praemissa
1846 3829 1993 3860 necessarii
2017 3833 2118 3862 fuerint
2132 3834 2174 3864 seu
2192 3837 2353 3872 quomodo—

1304 3871 1372 3900 libet
1387 3877 1523 3906 oportuna
1533 3888 1541 3903 ,
1557 3866 1589 3894 δε
1602 3874 1666 3902 quae
1680 3863 1746 3895 Nos
1761 3870 1913 3898 taceremus
1925 3869 1968 3898 seu
1983 3871 2072 3900 facere
2088 3872 2225 3907 pollemus
2240 3875 2259 3904 si
2275 3875 2353 3906 Prae-

1308 3908 1394 3938 misfis
1418 3905 1589 3943 personaliter
1610 3903 1799 3946 interessemus
1814 3928 1822 3942 ,
1840 3908 1923 3937 etiam
1939 3907 1958 3936 si
1974 3908 2034 3938 talia
2049 3908 2140 3939 forent
2151 3921 2214 3948 quae
2232 3913 2353 3945 Manda-

1307 3955 1367 3977 tum
1385 3955 1399 3974 a
1411 3945 1475 3982 jure
1492 3942 1576 3980 magis
1590 3951 1704 3983 exigant
1719 3944 1850 3983 speciale,

1345 3983 1541 4012 Promittentes
1557 3980 1629 4009 bona
1643 3979 1696 4009 fide
1709 4003 1718 4017 ,
1744 3982 1795 4011 iub
1812 3982 1958 4021 Ypotlieca
1974 3984 2006 4013 ὃ(
2021 3983 2206 4017 ΟὺΙῐεαῐίοηε
2219 3991 2356 4021 omnium

1311 4021 1452 4051 Bonorum
1468 4017 1643 4056 nostrorum,
1661 4018 1727 4048 Nos
1744 4018 2017 4059 Ratum,Gratum,
2036 4024 2067 4053 &c
2082 4023 2210 4055 Firmum
2227 4038 2359 4065 perpetuo

1311 4060 1410 4089 habere
1435 4057 1467 4087 &
1487 4065 1582 4086 tenere
1610 4065 1702 4087 totum
1720 4057 1747 4087 id
1770 4059 1801 4102 &g
1826 4059 1957 4095 quicquid
1975 4070 2022 4097 per
2043 4061 2134 4092 dictos
2162 4064 2356 4097 Procuratores

1772 4096 1800 4126 (J
1823 4105 1841 4124 2
2232 4104 2352 4140 nost-tos,
