2555 4266
700 229 811 274 ET
894 232 1160 278 ACTA
1246 230 1721 280 rustica
2242 260 2293 302 35

33 327 67 348 in.
76 316 116 348 D.
134 318 366 360 consanguineus
377 319 636 363 facien-movebit,
654 329 702 352 aut
716 322 911 352 manutenebit
927 331 977 361 per
990 321 1036 359 Se,
1052 330 1107 352 nec
1117 330 1185 358 pro-
1220 318 1391 356 Subditum,
1410 320 1454 365 vel
1474 320 1580 357 aliquos
1604 331 1665 352 non
1687 322 1838 360 Subditos‚
1862 324 1930 356 dieu
1948 326 2120 361 Illustrisfimi
2142 331 2282 371 Principia
2297 333 2371 362 Ann.
2387 331 2431 362 Da

34 365 101 396 451·
135 361 244 390 curabit
260 367 305 389 aut
321 368 459 395 permutet
476 360 534 389 neri
547 368 596 396 per
614 359 721 398 aliquos
738 383 747 398 ,
766 361 812 391 seu
833 361 955 398 aliquem
977 359 1184 395 Subditorum,
1221 360 1372 386 Scottorum
1386 361 1480 400 Regu,
1499 359 1615 389 Navem
1633 361 1676 390 vel
1690 361 1803 398 Naves,
1821 361 1971 394 Perionam
1984 368 2029 396 vel
2044 367 2173 401 Personas
2209 369 2270 400 Res
2323 379 2410 411 1451-

48 415 56 423 .
69 397 99 424 6.
135 397 182 427 seu
196 398 352 434 Ligeorum
365 397 499 435 suorum,
524 398 556 427 ali
579 407 644 428 uam
670 398 814 429 Guerram
833 399 880 429 seu
899 397 1013 435 aliquod
1037 406 1124 440 genus
1145 396 1188 426 vel
1222 394 1447 438 MarchandilaS,
1462 406 1509 440 aut
1532 396 1610 427 Bona
1624 408 1804 441 qu-aecunque
1818 401 1930 438 alicujus
1944 404 1987 432 vel
2000 405 2152 443 aliquorum
2167 393 2281 439 §ubditi
2297 414 2360 437 Hm.
2376 413 2405 437 ὁ.

138 436 245 466 fac‘lrum
259 434 397 471 Guerrae,
415 437 443 465 in
459 436 553 473 aliquo
601 446 693 476 egno,
710 437 819 475 Terra,
840 436 884 465 vel
900 436 1043 466 Dominio
1057 444 1124 465 citra
1147 434 1190 464 vel
1219 432 1264 462 seu
1280 433 1466 463 Subditorum
1485 434 1715 467 hxceliennffimi
1730 438 1762 467 ὅ(
1778 437 2002 470 Christianiffimi
2018 442 2149 482 Principis
2163 446 2279 483 Angliae

136 475 206 504 ultra
220 473 302 504 Mare
315 482 361 503 aut
375 474 493 513 aliquam
511 475 622 514 Aquam
637 475 764 512 dulcem,
784 476 841 505 five
853 473 959 503 salsam:
978 472 1017 502 Et
1030 471 1192 509 generaliter
1220 470 1258 505 όν
1273 474 1396 514 Frqrrciae
1409 475 1485 508 Regis
1499 474 1653 514 capere‚&
1669 485 1713 504 eas
1728 475 1772 504 vel
1789 485 1820 506 ea
1833 477 1860 506 in
1878 478 1999 515 aliquem
2014 479 2128 511 Locum
2144 485 2188 514 vel
2202 484 2276 515 Por.

141 513 286 550 loquendo
302 522 361 542 non
376 514 428 543 erit
442 514 470 542 in
485 512 630 549 Commio,
650 514 779 550 Auxilio,
796 512 841 542 vel
857 512 980 547 Favore,
1000 510 1079 548 quod
1095 512 1123 540 in
1141 511 1192 540 ali·
1220 517 1283 551 tum
1296 510 1390 553 eidem
1408 509 1597 553 lllui'crissimo
1616 515 1765 541 Scottorum
1781 516 1848 551 Regi
1862 514 2020 551 subiectum
2033 518 2180 552 Adducere
2216 533 2278 555 non

139 560 200 588 quo
215 551 301 581 Loco
318 549 426 580 Mundi
442 551 597 586 huiusmodi
611 550 720 582 Guerra
743 551 789 580 fiat
810 557 856 579 aut
878 557 1025 591 moveatur
1037 571 1047 586 ,
1065 548 1190 592 fierilvel
1220 546 1317 578 licebit
1339 548 1524 590 illustrissimo
1536 548 1698 592 Scottorum
1715 550 1805 588 Regi,
1825 561 1872 582 aut
1885 556 1964 584 aiicui
1980 554 2101 586 Subdito
2115 558 2169 588 five
2188 546 2278 601 'Ligeo

140 590 252 619 moveri
265 589 415 627 aliqualiter
433 599 596 628 procuretur
611 590 656 619 seu
674 590 865 627 permittatur,
887 586 1009 625 Treugis
1031 588 1190 617 durantibus
1220 587 1269 616 suo
1289 597 1332 617 eas
1345 588 1389 618 vel
1408 590 1529 630 ea,'{1ve
1542 587 1662 624 aliquam
1678 588 1787 618 Partem
1802 594 1954 621 earundem
1970 592 2089 631 Emere,
2106 595 2151 626 seu
2164 601 2276 634 quovis.

136 627 291 658 εῃῑρᾱῑξῇς,
1222 626 1312 654 modo
1332 626 1367 656 ad
1387 625 1549 656 Utilitatem
1571 625 1647 656 suam
1672 625 1848 665 Receptare,
1864 630 1964 668 absque
1987 629 2131 662 Consensu
2154 633 2217 671 Ejus
2232 638 2277 669 vel

175 665 219 696 ΙΤ
230 675 247 696 Ε
260 675 287 696 Μ
298 689 306 705 ,
325 668 397 697 inter
414 667 481 697 Nos
493 668 527 697 δε
540 665 667 703 praefatos
682 662 899 694 Ambaffiatores
916 662 1136 694 Concordatum
1156 665 1188 694 ὃς
1220 662 1348 701 Eorum,
1365 664 1398 694 ad
1421 664 1520 702 Quem
1540 665 1583 694 vel
1598 665 1632 694 ad
1648 664 1732 707 Qos
1746 664 1824 695 Bona
1839 667 1883 696 seu
1901 667 1959 697 Res
1974 668 2130 706 hujusmodi
2145 681 2207 703 ante
2228 686 2278 706 eo.

138 703 316 736 Conclusurn
330 705 385 743 est,
402 704 482 743 quod
498 705 517 734 fi
531 704 691 734 durantibus
704 703 843 740 Treugis,
860 702 903 732 seu
928 702 1103 733 Guerrarum
1129 704 1190 732 Ab·
1221 711 1285 731 rum
1307 701 1480 740 Captionem
1500 704 1567 732 vere
1592 705 1767 742 pertinebant
1788 713 1794 732 2
1828 704 1919 743 Qod
1941 705 1960 734 fi
1981 715 2028 745 per
2044 708 2162 747 aliquem
2178 721 2279 745 eorum

137 742 274 774 stinentiis
288 744 442 782 praedietis,
460 744 607 779 contingat
621 742 728 779 aliquos
745 740 880 771 Subditos
892 764 901 779 ,
919 741 975 771 five
995 741 1098 781 Ligeos
1119 741 1189 771 dieti
1220 741 1373 779 quicquam
1388 744 1416 771 in
1432 743 1606 771 contrarium
1621 741 1779 780 hujusmodi
1795 740 1990 774 Ordinationis
2003 745 2110 775 fat-'tum
2125 747 2168 777 vel
2181 758 2280 781 attem-

138 780 370 813 Excellentiffimi
385 781 523 820 Principis
541 779 652 818 Angliae
669 778 708 814 ῤ’
725 782 847 809 Franciae
866 783 943 819 Regis
975 789 1024 817 per
1048 779 1132 811 Mare
1156 789 1190 809 ex
1220 787 1328 815 ptatum
1350 779 1452 817 fuerit,
1470 789 1540 810 runc
1560 780 1710 819 Personae,
1728 780 1823 818 Bona,
1843 779 1917 819 Res,
1935 782 1967 812 &
1984 782 2188 816 Marchaiidisae
2203 797 2281 826 quae..

137 829 302 859 quacunque
321 819 411 859 justa,
438 818 592 850 rationabili
604 841 614 857 ,
637 818 682 862 vel
705 818 780 862 licita
803 817 892 849 Causa
923 804 1116 862 Navigantes,
1135 818 1191 848 five
1220 826 1334 856 cunque
1349 818 1525 856 hujusmodi,
1544 818 1705 863 fichEmpta·
1717 820 1761 849 ieu
1774 818 1914 864 Recepta,
1933 819 1975 849 llli
1992 822 2034 851 vel
2048 821 2113 860 iilis,
2128 824 2161 854 ad
2180 825 2279 863 Qiem

139 858 314 890 Mercatores
329 859 447 895 fuerint,
466 858 521 888 five
536 857 688 896 Peregrini,
705 856 867 895 Piscatores,
883 866 930 888 aut
944 857 988 887 alii
1000 857 1189 896 cujuscunque
1220 856 1264 886 vel
1283 856 1318 886 ad
1339 857 1424 896 Qios
1445 857 1522 887 Bona
1546 857 1706 894 hujusmodi
1729 867 1796 887 vere
1816 859 2013 897 pertinebant,
2036 859 2133 898 Dolo,
2153 862 2281 903 Fraude,

138 897 309 928 conditionis
325 896 485 934 Homines,
503 896 531 925 vi
554 895 744 933 Tempestatis
759 919 768 934 ,
791 904 838 926 aut
864 895 1023 926 Ventorum
1037 921 1047 934 ,
1071 896 1118 926 seu
1140 897 1190 925 alia
1222 893 1342 925 Malove
1359 897 1474 935 ingenio
1489 895 1655 937 cellantibus
1668 896 1912 935 quibuscumque,
1933 898 2101 937 integraliter
2118 900 2280 932 Reffituen-

134 936 227 974 justa,
247 935 419 973 rationabili,
435 935 469 965 &
483 934 631 965 necessaria
647 957 656 972 ,
680 943 853 973 urgenteque
867 933 958 965 Causa
974 957 984 972 ,
1002 935 1036 964 ad
1063 934 1121 965 hoc
1141 943 1190 964 eos
1220 940 1264 963 tur
1318 973 1324 976 Δ
1354 934 1392 964 fic
1415 934 1550 964 Ementes
1564 939 1619 964 live
1638 933 1837 976 Recipientea,
1854 945 1889 964 eo
1905 936 1994 966 modo
2008 946 2067 974 quo
2079 938 2184 968 restitui
2195 941 2282 971 debe—

135 975 259 1005 omnino
273 975 312 1004 im
333 974 433 1003 ellente
449 973 537 1006 (cum
551 973 601 1012 ipfi
614 972 672 1003 hoc
688 982 747 1002 nori
770 973 961 1004 affectaverint
972 995 981 1011 ,
1007 973 1040 1003 ὃ(
1064 974 1092 1003 id
1117 982 1191 1004 tem·
1219 980 1291 1013 rent,
1308 976 1326 1002 fi
1347 983 1362 1002 a
1375 972 1497 1003 Subditis
1512 973 1581 1002 dicti
1598 972 1772 1002 lllustrrssimi
1786 971 1924 1011 Principis
1940 977 2088 1004 Scottorum
2100 979 2177 1014 Regis
2191 978 2282 1018 Capta

135 1023 204 1051 pore
218 1011 282 1042 Rec
310 1011 356 1042 sus
370 1021 470 1042 eorum
485 1022 501 1042 a
515 1011 604 1042 Patria
618 1011 664 1042 sua
681 1021 740 1041 non
755 1011 965 1051 proposuerint)
995 1012 1147 1049 Applicare
1160 1012 1190 1041 in
1219 1010 1347 1049 ruissent,
1363 1013 1396 1042 &
1411 1011 1613 1042 nichilominus
1628 1012 1664 1042 sic
1680 1013 1872 1050 Attemptans,
1883 1022 2024 1050 tamquam
2039 1013 2164 1045 Violatoz·
2182 1018 2284 1047 harum

137 1051 231 1089 aliquo
244 1049 350 1088 Portu,
371 1050 427 1081 five
442 1050 496 1080 alio
510 1049 595 1080 Loco
617 1059 801 1088 quocumque
825 1049 919 1089 Regni
940 1049 1066 1088 Scotiae,
1088 1050 1132 1081 vel
1160 1050 1188 1079 in
1218 1048 1416 1089 Treugarum,
1434 1052 1553 1089 graviter
1577 1052 1610 1081 &
1634 1060 1688 1088 pro
1711 1049 1802 1080 modo
1815 1050 1847 1080 &
1865 1051 1994 1089 qualitate
2024 1051 2162 1084 Criminis
2182 1057 2280 1093 puniea

135 1090 232 1127 aliquo
247 1088 330 1119 Loco
343 1090 418 1127 juxta
431 1088 506 1119 idern
523 1088 662 1126 Regnum
676 1087 866 1126 Naufragium
889 1089 962 1125 pati,
979 1088 1141 1119 dummodo
1161 1098 1190 1117 a·
1220 1095 1271 1129 tur⁴
1287 1098 1293 1116 :

133 1128 209 1165 liqua
225 1127 344 1158 Persona
359 1129 386 1158 in
397 1127 476 1158 Navi
493 1127 529 1158 fic
545 1126 737 1166 Naufragium
752 1127 826 1164 passa
842 1126 984 1163 Superstes
997 1127 1109 1164 existat,
1128 1136 1189 1156 non
1219 1126 1337 1156 tiliimus
1357 1129 1389 1158 &
1405 1126 1658 1157 Christianiffimus
1678 1128 1811 1165 Princeps
1828 1127 1941 1169 Anglige
1959 1127 1997 1163 ό»
2011 1133 2131 1160 Franciae
2142 1135 2202 1162 Rex
2217 1133 2284 1163 Ob-

133 1166 232 1196 licebit
247 1165 434 1197 illustrissimo
455 1165 581 1204 Principi
602 1168 667 1202 Regi
689 1167 854 1206 Scotgorum,
878 1163 1100 1204 consanguineo
1123 1165 1190 1201 suo,
1222 1164 1360 1202 servabit,
1376 1167 1408 1196 δε
1434 1176 1482 1203 per
1504 1166 1566 1196 suos
1586 1166 1722 1196 Subditos
1741 1168 1773 1196 ὃς
1791 1166 1896 1202 Ligeos
1911 1168 2051 1204 similiter,
2069 1171 2228 1210 aequaliter,
2246 1173 2282 1203 ὃς

132 1214 181 1235 aut
194 1205 291 1242 alicui,
310 1205 354 1235 vel
369 1205 507 1242 aliquibus
522 1204 725 1240 Subditorum,
745 1207 789 1234 ieu
806 1203 983 1240 Ligeorum,
1009 1213 1058 1241 per
1074 1204 1128 1242 Se,
1146 1203 1190 1232 vel
1220 1202 1374 1233 efficaciter
1395 1205 1534 1234 observari
1556 1205 1659 1242 faciet,
1677 1206 1706 1234 in
1727 1204 1791 1234 casu
1816 1214 1874 1242 quo
1900 1206 1992 1242 aliqua
2008 1205 2145 1244 Persona,
2165 1209 2282 1249 Naves,

133 1244 218 1281 alios,
237 1244 308 1281 ipsos
324 1244 360 1273 fic
377 1243 530 1281 Appulsos,
548 1243 592 1272 seu
608 1241 798 1278 Naufragium
818 1241 922 1280 passos,
947 1251 1049 1272 eorum
1074 1242 1191 1279 Naves,
1221 1240 1447 1284 Marchandisae,
1468 1242 1547 1280 Res,
1565 1244 1609 1273 vel
1624 1243 1700 1284 bona
1716 1253 1906 1285 quaecumque
1923 1244 1993 1273 dieti
2010 1244 2184 1276 Illusttiffimi
2201 1248 2285 1278 Prin-

133 1280 212 1313 Bona
224 1305 233 1320 ,
253 1281 460 1315 Marchandilas
474 1282 530 1312 five
542 1281 602 1311 Res
614 1280 677 1310 alias
689 1280 880 1318 quascumque
899 1281 928 1310 in
950 1280 1110 1319 hujusmodi
1126 1280 1192 1311 Na—
1221 1281 1290 1317 cipis
1304 1283 1438 1309 Scotorum
1454 1283 1548 1318 Regis,
1568 1291 1613 1311 aut
1628 1282 1740 1319 aiicujus
1755 1281 1800 1311 seu
1815 1282 1979 1319 aliquorum
1992 1283 2103 1313 Subditi
2119 1285 2163 1314 vel
2177 1286 2283 1317 Subdi-

133 1321 216 1351 vibus
230 1320 351 1351 adducta
364 1320 489 1358 Capere,
508 1320 632 1358 Rapere,
653 1318 697 1348 vel
719 1319 755 1348 ab
777 1318 880 1348 eisdem
905 1319 943 1349 fic
967 1319 1096 1357 Appulsis
1109 1343 1118 1358 ,
1144 1327 1190 1349 aut
1221 1327 1317 1348 torum
1331 1320 1387 1354 eius
1400 1318 1492 1356 Capta
1506 1319 1608 1349 fuerint
1625 1330 1671 1356 per
1685 1321 1806 1357 aliquem
1822 1322 1865 1350 vel
1878 1320 1914 1350 ali
1937 1330 1987 1350 uos
2004 1331 2062 1351 non
2072 1322 2221 1354 Subditum
2238 1325 2284 1356 vel

134 1358 328 1398 Naufragium
341 1359 436 1398 passis,
455 1359 500 1389 vel
512 1358 590 1395 passo
606 1356 725 1387 Auferre
738 1358 837 1394 quovis
848 1357 954 1394 modo,
974 1359 1019 1388 vel
1033 1360 1116 1388 etiam
1127 1357 1188 1389 De·
1220 1367 1280 1387 non
1296 1357 1431 1387 Subditos
1446 1358 1686 1388 Excellentiffimo
1701 1359 1734 1389 ὃ(
1751 1357 1903 1389 Christiani
1939 1369 1988 1389 mo
2004 1359 2205 1401 PrincipiRegi
2214 1367 2284 1394 An-

133 1399 240 1435 tinere,
258 1407 303 1428 aut
317 1398 422 1427 ratione
440 1396 540 1426 Debiti
554 1396 667 1434 alicujus
683 1395 813 1425 Perlonae
828 1395 925 1426 eadem
942 1396 1017 1434 Res,
1038 1395 1125 1434 Bona,
1144 1396 1189 1427 vel
1215 1395 1278 1433 gliae
1293 1394 1330 1429 &
1344 1399 1465 1425 Francia
1476 1396 1643 1433 supradidw.

134 1435 344 1466 Marchandisas
358 1435 543 1472 integraliter,
563 1435 605 1464 vel
621 1436 651 1463 in
668 1443 745 1470 parte
758 1433 901 1471 arrestare,
919 1434 963 1464 vel
978 1434 1101 1465 arrestari
1115 1435 1190 1465 face-
1258 1434 1371 1465 ITEM
1387 1457 1396 1472 ,
1420 1434 1500 1464 simili
1521 1435 1611 1465 modo
1633 1433 1849 1465 Concordatum
1870 1434 1930 1473 est,
1955 1437 2034 1474 quod
2059 1438 2095 1476 fi,
2117 1438 2284 1472 durantibus

134 1484 182 1512 re,
199 1475 237 1505 set
252 1473 348 1505 licebit
364 1473 427 1511 ipfis
442 1473 479 1504 fic
495 1472 639 1513 Appulfis,
654 1481 700 1502 aut
717 1471 909 1509 Naufragium
923 1473 1023 1511 pasfis,
1043 1483 1109 1503 cum
1126 1473 1189 1503 Na-
1219 1474 1345 1509 Treugis
1368 1472 1544 1511 supradirstis,
1570 1476 1716 1511 contingat
1740 1474 1858 1511 aliquam
1880 1473 1997 1504 Navem
2019 1476 2128 1507 alterius
2151 1477 2283 1510 Patrium

133 1514 235 1551 vibus,
255 1511 472 1551 Marchandifis‚
488 1511 587 1549 Bonis,
604 1511 637 1541 ὃς
652 1510 750 1540 Rebus
765 1510 832 1548 suiS,
848 1509 942 1541 Causa
957 1511 1117 1551 hujusmodi
1132 1513 1190 1542 ces-
1220 1512 1421 1551 praedictarum
1443 1511 1633 1554 Naufragium
1675 1512 1711 1541 ati
1722 1534 1731 1549 ,
1747 1521 1793 1541 aut
1816 1514 1927 1549 rumpi,
1947 1514 1979 1543 ὃς
1995 1514 2081 1553 aliqua
2098 1514 2284 1549 Personarum

133 1552 224 1590 sante,
239 1560 324 1589 prout
338 1551 375 1581 fic
390 1550 525 1588 Appulfi,
544 1551 577 1581 &
593 1549 788 1585 Naufragium
806 1549 872 1586 passi
879 1571 889 1587 ,
908 1559 1008 1580 eorum
1028 1551 1108 1581 Navi
1127 1550 1190 1580 Re·
1219 1550 1399 1581 existentium
1419 1551 1448 1580 in
1469 1550 1549 1580 Navi
1571 1550 1608 1580 sic
1647 1588 1650 1591 Α
1670 1549 1822 1588 sufragium
1838 1550 1914 1588 passa
1926 1553 1970 1580 vel
1985 1554 2065 1590 rupta
2082 1554 2223 1593 Superstes
2239 1567 2285 1587 re-

134 1590 224 1628 secra,
243 1590 429 1626 tenebuntur,
446 1587 616 1628 quamcitius
629 1586 788 1618 commode
803 1588 911 1617 valeant
934 1589 1065 1619 recedere
1085 1590 1189 1627 absque
1221 1588 1365 1627 manserit,
1384 1589 1550 1619 cellantibus
1573 1590 1601 1618 in
1624 1598 1669 1629 ea*
1682 1597 1757 1625 parte
1780 1588 1865 1625 doio,
1884 1589 1998 1627 fraude,
2019 1592 2052 1621 &
2078 1595 2152 1623 malo
2167 1595 2284 1634 ingenio

150 1625 813 1666 uibuscutnqueImperitione,1mpediment0,
833 1625 1048 1665 Molestatione,
1063 1628 1190 1666 Arresto,
1221 1628 1463 1665 quibuscumque,
1483 1626 1707 1669 Marchandilae‚
1734 1625 1830 1667 Bona,
1853 1628 1886 1658 δε
1912 1626 1972 1657 Res
1991 1638 2198 1669 quaecumque‚
2236 1644 2282 1664 uae

129 1638 185 1698 five
196 1665 248 1697 alia
257 1665 418 1696 Occasione
433 1674 612 1704 quacumque
627 1664 677 1694 fibi
690 1672 739 1703 per
751 1663 861 1694 dietum
873 1664 1089 1707 illustrissimum
1105 1665 1188 1697 Prin-
1220 1667 1256 1696 de
1269 1666 1347 1696 dicta
1361 1666 1440 1697 Navi
1456 1666 1584 1704 Projecb
1603 1670 1670 1702 lint,
1685 1674 1719 1695 ex
1733 1665 1832 1695 eadem
1848 1665 1990 1708 Extrazsta,
2010 1669 2052 1698 vel
2070 1670 2099 1698 in
2116 1669 2192 1700 Mari
2237 1673 2279 1702 ol-

128 1706 224 1775 sipss'i‘?
238 1708 386 1773 ⁸⁶⁰¹*st
399 1705 513 1773 'fimi'
527 1702 866 1772 ²¹³qi⁸ss¹vf3csi²223i¹ssf³⁰ff
879 1704 1114 1774 ,wil-suffitu?
1131 1705 1188 1736 five
1219 1705 1304 1773 ¹55²&
1325 1705 1569 1773 veistdrTe-‘mdm
1586 1703 1898 1773 ζῗὲἲὲεὶζῖυκΐῗο
1917 1706 2131 1775 ὣΐζὲέξεὲὲῗέο
2152 1709 2231 1777 {2¹33
2244 1712 2279 1741 ἃ

127 1752 740 1824 tiiigatliossi'sdceificlsriieffg’is1xiltieleCfierrarum
758 1753 1187 1825 Aristirieriiiisldffianiibiiscfg-
1217 1753 1375 1826 bujgsrtfilddi
1391 1752 1584 1826 ¹{iet-tveegiesintz,³
1605 1781 1760 1824 nullatenus
1782 1758 1978 1827 Diliitie’ritur‚
1996 1755 2280 1823 Dimin'fia’ntussoffi
2297 1756 2388 1832 :521⁵

124 1820 218 1860 liquos
232 1819 367 1851 Subditos
389 1820 446 1851 five
468 1819 572 1858 Ligcos
593 1819 664 1849 dicti
684 1817 858 1848 illustrissimi
882 1818 976 1850 Princi
999 1823 1018 1851 is
1038 1825 1186 1851 Scottorum
1217 1822 1370 1859 lienentur,
1389 1820 1585 1862 Dividantur,
1597 1830 1652 1850 nec
1671 1829 1769 1858 quovis
1786 1820 1876 1849 modo
1896 1821 2116 1860 bubtrahantur,
2136 1834 2183 1855 aut
2197 1824 2280 1855 Con-

124 1861 220 1898 Regis,
236 1859 315 1889 simili
331 1858 420 1889 modo
433 1858 625 1897 Navigantes,
645 1858 675 1887 vi
688 1857 882 1895 Tempestatis
895 1868 942 1890 aut
985 1869 1128 1897 entorum,
1139 1860 1184 1892 vel
1217 1860 1358 1897 celentur,
1377 1858 1415 1890 set
1438 1862 1542 1899 integra
1567 1860 1623 1902 fine
1640 1858 1830 1902 diminutione
1843 1868 2027 1903 quacumque
2041 1859 2234 1893 Gubernatori
2249 1865 2284 1894 il-

125 1898 174 1928 alia
186 1897 277 1936 justa,
295 1898 469 1934 rationabili,
489 1898 521 1928 &
537 1896 684 1927 necessaria
697 1904 812 1933 urgente
829 1895 921 1928 Causa
936 1908 985 1928 eos
1009 1900 1133 1929 omnino
1151 1899 1185 1930 ad
1216 1899 1266 1928 lius
1294 1897 1429 1928 Dominii
1451 1899 1508 1928 sive
1532 1897 1625 1936 Loci,
1641 1907 1671 1926 in
1691 1896 1783 1935 QOd
1799 1895 1842 1939 vel
1861 1896 1960 1934 Qiem
1977 1898 2052 1928 dieta
2067 1899 2144 1930 Bona
2158 1902 2284 1933 devene⁴

125 1935 184 1967 hoc
198 1936 360 1973 impellente
378 1936 467 1973 (cum
481 1936 530 1975 ipfi
546 1936 604 1966 hoc
625 1944 684 1964 non
705 1934 899 1966 affectaverint
912 1960 922 1975 ,
949 1937 983 1968 ὃς
1004 1938 1033 1967 id
1056 1947 1186 1975 tempore
1217 1946 1299 1975 runt,
1318 1936 1363 1968 seu
1377 1938 1434 1975 ejus
1451 1937 1615 1974 DeputatO,
1633 1935 1748 1978 fideliter
1765 1935 1798 1966 δί
1814 1940 1870 1978 iine
1884 1937 1980 1967 traude
1996 1936 2185 1969 deliberentur
2201 1950 2283 1979 atque

126 1974 266 2006 Recesssis
281 1984 381 2006 eorum
397 1985 412 2004 a
427 1974 518 2005 Patria
533 1974 576 2004 sua
593 1983 653 2003 non
677 1975 888 2011 proposuerint)
917 1975 1067 2016 Applicare
1087 1977 1115 2006 in
1137 1976 1185 2006 ali·
1215 1976 1376 2014 tradantur,
1393 1975 1427 2005 ad
1447 1975 1543 2006 Usum
1565 1975 1610 2004 vel
1635 1973 1799 2004 Utilitatem
1827 1972 1901 2003 [llius
1915 1975 1960 2005 vel
1976 1975 2109 2012 illorum,
2130 1979 2162 2008 ad
2180 1979 2280 2018 Quem

125 2023 184 2054 quo
199 2013 305 2051 Portu,
324 2014 380 2044 five
393 2014 448 2044 alio
467 2013 552 2044 Loco
569 2021 756 2050 quocumque
771 2012 853 2043 dieto
867 2013 1001 2044 Domino
1018 2014 1117 2045 nostro
1129 2017 1184 2044 Re-

120 2056 151 2090 gi
163 2055 216 2081 An
233 2052 276 2082 Iiae
287 2051 325 2087 ᾤ’
338 2055 461 2082 Franciae
476 2051 596 2083 Subdiro
612 2051 667 2081 five
681 2050 818 2089 Subjecto
835 2074 844 2089 ,
862 2053 906 2082 vel
931 2053 959 2083 in
979 2053 1073 2093 aliquo
1098 2055 1184 2084 Loco

121 2092 201 2130 jmrta
214 2064 317 2122 Portus
331 2090 374 2121 vel
392 2090 471 2122 Loca
492 2090 627 2130 praedicta
647 2088 838 2129 Naufragium
861 2091 934 2130 pati,
950 2091 1113 2123 dummodo
1137 2093 1184 2123 ali-

123 2139 180 2167 qua
194 2129 315 2161 Persona
327 2130 355 2159 in
370 2129 451 2159 Navi
467 2129 504 2160 fic
521 2127 711 2167 Naufragium
729 2129 804 2166 passa
819 2128 964 2168 Superstes
986 2131 1080 2161 existat
1095 2143 1105 2169 ·,
1123 2142 1183 2161 iiou

124 2167 221 2199 licebit
235 2168 314 2198 dieto
330 2167 570 2198 Excellentiffimo
582 2166 709 2204 Principi
726 2167 838 2205 Angliae
855 2167 893 2203 &
903 2171 1026 2198 Franciae
1041 2173 1121 2207 Regi,
1137 2179 1185 2200 aut

123 2207 207 2237 alicui
222 2207 266 2236 vel
281 2207 416 2246 aliquibus
430 2206 613 2237 Subditorum
629 2206 672 2237 vel
687 2205 843 2249 Ligeorum
856 2207 968 2238 suorum
982 2217 1030 2247 per
1046 2208 1083 2239 Se
1099 2209 1141 2239 vel
1155 2219 1185 2238 a-

122 2245 191 2283 lios,
210 2245 284 2285 ipsos
299 2245 337 2275 fic
353 2244 509 2282 Appulsos,
526 2245 572 2274 seu
593 2243 786 2282 Naufragium
808 2245 914 2284 passos,
940 2256 1039 2288 eorum
1063 2247 1182 2286 Naves,

122 2282 220 2322 Bona,
240 2283 465 2322 Marchandifiis,
485 2283 541 2315 sive
550 2283 608 2314 Res
622 2283 685 2313 alias
692 2284 882 2321 quascumque
897 2285 926 2314 in
943 2285 1102 2323 hujusmodi
1118 2286 1181 2317 Na-

120 2322 204 2353 vibus
215 2322 335 2354 addusta
347 2321 475 2361 Capete,
494 2322 618 2360 Rapere,
636 2322 683 2352 vel
696 2323 732 2366 ab
745 2323 784 2352 eis
798 2322 836 2352 fic
854 2323 1004 2363 Appulfis,
1029 2325 1074 2355 vel
1096 2325 1180 2356 Nau-

122 2361 243 2400 fragium
255 2361 334 2399 passis
347 2362 390 2391 vel
404 2362 480 2401 passo
495 2361 611 2392 Auferre
625 2371 726 2399 quovw
740 2361 847 2399 modo,
866 2363 910 2392 vel
923 2364 1008 2393 etiam
1030 2363 1180 2402 Detinere,

122 2409 170 2430 aut
183 2401 290 2430 ratione
302 2398 403 2430 Debiti
416 2399 532 2438 alicujus
548 2399 680 2430 Personae
698 2399 807 2430 easdem
824 2400 900 2439 Res,
917 2400 1013 2440 Bona,
1032 2402 1077 2433 vel
1100 2402 1180 2433 Mar-

121 2438 262 2469 chandisas
276 2438 443 2478 integraliter
459 2439 505 2468 vel
521 2439 549 2468 in
564 2447 642 2477 parte
658 2438 797 2468 Arrestare
812 2461 821 2476 ,
847 2440 893 2469 vel
915 2440 1050 2472 Arrestari
1070 2441 1181 2480 facere;

120 2477 160 2508 set
173 2477 269 2508 licebit
284 2477 347 2515 ipfis
361 2478 399 2509 fic
415 2477 543 2521 Appulsis
557 2477 600 2508 vel
613 2476 802 2516 Naufragium
816 2478 913 2516 passis,
938 2488 1006 2510 cum
1027 2479 1181 2518 Navibus,

1322 1089 1399 1125 Quae
1415 1091 1514 1119 omnia
1529 1089 1561 1119 ὅ(
1575 1089 1696 1126 singula,
1714 1090 1803 1118 modo
1821 1092 1853 1120 ὅῑ
1868 1091 1961 1119 torma
1976 1092 2118 1125 praemiffis
2132 1092 2283 1125 Excellen-

1216 2015 1260 2044 vel
1279 2014 1364 2052 Quos
1386 2014 1464 2044 Bona
1489 2014 1561 2052 ipsa,
1580 2013 1620 2043 rei
1639 2014 1757 2043 veritate
1782 2012 1925 2054 inspeclta,
1950 2016 2086 2051 pertinere
2107 2017 2278 2057 noscuntur,

1215 2052 1430 2090 Conservand23
1461 2051 1518 2082 Cui
1534 2051 1579 2083 vel
1596 2051 1727 2088 Quibus,
1746 2051 1815 2081 infra
1829 2053 1946 2088 spatium
1962 2054 2042 2082 unius
2060 2054 2136 2084 Anni
2147 2080 2155 2092 ,
2176 2066 2191 2086 a
2206 2066 2280 2087 tem-

1216 2102 1285 2131 pore
1308 2091 1448 2130 Notitiae,
1468 2090 1623 2127 Naufragii
1646 2090 1690 2120 vel
1716 2089 1857 2128 Rupturae
1880 2089 1973 2120 Navis
1986 2091 2143 2130 hujusmodi
2157 2103 2281 2132 compu-

1214 2131 1316 2167 tandi,
1338 2130 1435 2161 licebit
1453 2140 1506 2168 pro
1530 2129 1759 2167 Recuperatione
1779 2129 1812 2159 ὃ(
1837 2127 2028 2160 Restitutiorie
2050 2130 2180 2170 Rerum,
2199 2133 2280 2164 Mar-

1215 2169 1406 2206 candisarum,
1424 2169 1457 2199 ὃ(
1483 2167 1630 2199 Bonorum
1653 2167 1811 2209 hu'usmodi
1827 2166 1960 2206 Prosequi
1975 2178 2070 2198 coram
2083 2169 2187 2208 judice
2202 2172 2229 2201 in
2246 2172 2281 2203 εἰ

1215 2218 1291 2247 parte
1312 2216 1516 2246 competente:
1545 2206 1603 2236 Cui
1625 2205 1662 2236 fic
1705 2207 1880 2243 roiequenti,
1898 2206 1943 2237 vel
1961 2206 2194 2246 prosequentibus
2207 2212 2284 2241 reali-

1216 2255 1257 2277 ter
1271 2247 1304 2277 &
1317 2246 1503 2276 effectualiter
1518 2246 1606 2282 tradi,
1625 2245 1747 2281 liberari,
1764 2245 1797 2275 &
1814 2243 1919 2275 restitui
1933 2244 2047 2283 deberit,
2066 2246 2170 2278 Solutis
2185 2257 2282 2280 tamen

1216 2287 1249 2317 &
1268 2285 1378 2316 Refufis
1392 2285 1524 2323 Expenfis
1540 2285 1573 2314 &
1595 2283 1762 2322 sumptibus
1781 2283 2006 2321 rationabilibus,
2024 2284 2103 2315 fastis
2116 2288 2192 2317 circa
2208 2285 2282 2319 Coi-

1215 2324 1368 2354 lectionem
1394 2325 1428 2355 &
1454 2323 1644 2354 Salvationem
1667 2322 1815 2353 Bonorum
1831 2322 2018 2360 eorumdem,
2039 2323 2157 2354 Proviso
2172 2325 2281 2364 semper

1215 2363 1295 2401 quod
1320 2362 1442 2393 Persona
1463 2363 1496 2393 &
1518 2360 1648 2391 Personae
1669 2360 1812 2398 Superstes
1831 2361 1864 2391 &
1887 2361 1931 2390 vel
1945 2360 1984 2390 Su
2007 2361 2110 2393 erstites
2130 2373 2164 2393 ex
2179 2364 2282 2395 eadem

1215 2401 1299 2432 Navi
1321 2401 1356 2432 ad
1370 2402 1490 2432 Terram
1508 2401 1673 2437 venientes,
1692 2399 1727 2429 ad
1745 2397 1835 2428 statim
1847 2399 1926 2437 quta
1946 2409 1962 2429 e

1213 2440 1398 2471 Praesentium
1411 2439 1589 2479 Treugarum
1604 2439 1691 2468 libere
1705 2437 1890 2467 dimittentur.

1249 2478 1322 2510 Ιτε
1334 2487 1360 2510 Μ
1370 2502 1379 2516 ,
1399 2479 1480 2509 fimili
1495 2477 1586 2508 modo
1600 2475 1820 2506 Concordatum
1834 2475 1892 2513 est,
1909 2476 1989 2516 quod
2005 2476 2042 2514 fi,
2059 2476 2142 2509 diistis
2156 2477 2282 2520 Treugi's

2003 2399 2084 2431 &um
2099 2401 2132 2432 &
2150 2410 2282 2435 tenorem

13 2671 69 2700 XI.

0 2718 43 2745 ⁹5·

122 2514 346 2555 Marchandisis‚
363 2515 467 2555 Bonis,
486 2517 520 2548 &
535 2515 635 2546 Rebus
647 2515 698 2545 suis
713 2539 723 2552 ,
742 2514 833 2546 Causa
855 2516 1014 2555 hujusmodi
1040 2519 1161 2550 cessante
1174 2542 1183 2558 ,

121 2563 206 2592 prout
223 2555 260 2585 fic
275 2555 391 2592 Appulsi
404 2564 449 2586 aut
465 2554 657 2594 Naufragium
671 2553 756 2592 paffi,
773 2564 872 2585 eorum
889 2555 964 2586 Navi
988 2556 1127 2595 Rcfechi,
1141 2566 1179 2587 te-

121 2594 263 2625 nebuntur
300 2594 468 2633 quamcitius
483 2593 644 2624 commode
657 2593 764 2623 valeant
779 2592 936 2630 Recedere‚
955 2594 1056 2633 absque
1069 2597 1182 2634 quibui-

123 2640 191 2662 cum
213 2643 248 2663 ue
276 2634 460 2672 mpetitione‚
474 2631 703 2671 Impedimento,
720 2631 940 2671 Molestatione,
966 2634 1098 2672 Arresto,
1125 2634 1182 2665 five

123 2670 176 2701 alia
221 2671 348 2702 ccafione
359 2680 539 2710 quacumque
551 2670 603 2701 fibi
624 2680 673 2708 per
691 2670 802 2700 dictum
825 2669 1042 2703 Illustriffimum
1063 2679 1079 2690 ³‘
1099 2673 1180 2703 Prin-

122 2708 349 2779 §maffia
362 2708 683 2779 sssdsz‘zmsszissigiffss
694 2709 1105 2780 h3ssiQ23V22132÷s²¹³q⁰⁰⁸
1126 2713 1183 2750 e¹¹¹³

159 2785 233 2817 ΙΤΕ
246 2794 291 2823 Μ,
308 2771 528 2816 Concordatur’n
546 2787 579 2818 ὅ(
602 2785 776 2816 Conclusum
800 2786 842 2817 est
866 2789 938 2818 inter
960 2788 1029 2819 Nos
1051 2788 1183 2827 praefatos

122 2825 263 2863 utriusque
276 2824 363 2855 Partis
380 2823 616 2862 CommissariOS,
635 2825 715 2861 quod
730 2825 748 2855 fi
764 2824 873 2864 Aliquis
888 2827 934 2857 vel
959 2827 1004 2857 Ali
1028 2829 1054 2857 ui
1079 2827 1182 2858 Subdi-

121 2873 222 2895 torum
237 2864 279 2895 vel
298 2863 452 2902 Ligeorum
471 2862 696 2894 Metuendiffimi
712 2863 853 2901 Principis
870 2865 983 2902 Angliae
1057 2869 1180 2896 Franciae

121 2905 215 2941 Regis,
230 2902 300 2933 ficut
321 2901 481 2941 praedicitur
496 2924 506 2939 ‚
534 2901 672 2941 Appulsus
692 2901 736 2931 seu
761 2902 894 2941 Appulsi,
920 2913 967 2935 aut
987 2905 1179 2943 Naufragium

121 2941 213 2980 passus
228 2941 271 2971 vel
285 2940 350 2978 paffi
360 2963 370 2979 ,
386 2941 442 2971 five
459 2942 488 2970 in
502 2938 637 2979 Regnum
653 2939 760 2970 Scotiae
772 2940 822 2971 sub
837 2941 924 2972 Salvo
945 2942 1104 2973 conductu
1130 2955 1178 2974 ve-

122 2981 201 3010 niens
215 2980 261 3011 vel
276 2980 420 3010 venientes
442 2987 506 3009 ante
527 2978 617 3008 Diem
639 2977 826 3017 Expirationis
850 2979 927 3010 Salvi
951 2980 1123 3013 Conducifis
1141 2983 1180 3013 sui

121 3017 237 3050 adversa
245 3017 410 3049 Valetudine
423 3018 497 3049 adeo
507 3026 623 3048 vexetur
638 3017 672 3048 &
689 3019 928 3057 vexentur,quod
939 3018 978 3049 fic
987 3020 1125 3058 Appulsus
1134 3022 1180 3051 vel

122 3055 250 3096 Appulfi,
267 3057 312 3087 seu
330 3057 527 3094 Naufragium
543 3055 634 3094 pasius
650 3055 695 3085 vel
712 3055 791 3094 pasfi,
809 3065 855 3087 aut
869 3057 918 3087 sub
928 3057 1015 3088 Salvo
1023 3058 1178 3090 Conducm

119 3097 236 3127 veniens
244 3096 290 3127 vel
304 3097 530 3133 venientes,cum
544 3094 622 3138 Navi
638 3093 681 3125 vel
697 3093 842 3138 Navibus,
851 3095 906 3133 qua
922 3095 968 3126 vel
979 3098 1078 3133 quibus
1091 3097 1178 3135 appli-

122 3135 180 3165 cuit
187 3135 232 3165 vel
245 3134 450 3174 applicuerunt,
459 3135 573 3165 velante
582 3132 672 3164 Diem
681 3131 869 3170 Expitationis
876 3134 914 3164 sui
922 3133 996 3165 Salvi
1007 3134 1181 3167 Conduc‘tsis

119 3170 159 3203 fic
172 3174 286 3204 veniens
302 3173 346 3204 vel
357 3174 502 3204 venientes
515 3179 658 3211 nequeant
673 3171 831 3202 commode
846 3171 1050 3211 Recedere‚&
1067 3175 1094 3204 in
1104 3174 1177 3205 Pro·

156 3211 192 3242 ias
207 3211 300 3256 Partes
315 3212 341 3242 se
355 3214 496 3252 recipere,
514 3220 582 3241 tunc
599 3211 672 3240 bene
689 3210 785 3254 licebit
793 3210 832 3241 fic
849 3211 973 3256 Appulso
988 3213 1021 3243 &
1036 3213 1061 3244 A
1084 3213 1175 3252 pulsis,

122 3248 1041 3332 stiffi&Pasiam&’qziblfsslsszzg‘ail'ffiz‘ss’ra’,
1057 3262 1092 3320 113¹
1096 3251 1178 3322 ‘³122‘ssss

119 3334 182 3364 quo
197 3326 235 3357 fic
251 3327 386 3365 Appulsus
402 3328 445 3359 vel
466 3326 600 3364 Appulfi,
618 3325 811 3365 Naufragium
827 3326 918 3365 paffus
929 3329 974 3358 vel
989 3327 1054 3367 paffi
1064 3350 1073 3366 ,
1089 3338 1123 3368 ap
1145 3330 1178 3359 li-

120 3365 210 3395 cuerit
224 3365 268 3395 vel
282 3366 482 3404 applicuerint,
509 3364 646 3409 Infirmari
667 3366 838 3404 contigerit,
865 3367 1012 3404 expectare
1033 3338 1178 3406 quousgue

120 3400 340 3435 Reconvaluerit
354 3404 398 3434 vel
417 3403 720 3441 Reconvaluermt3&
734 3413 838 3435 extunc
854 3404 966 3436 Litteris
982 3405 1179 3437 Testimonia-

118 3440 193 3484 libus
207 3439 339 3480 Majoris,
356 3442 471 3482 Ballivi,
490 3442 714 3480 Constabularii,
733 3451 780 3473 aut
792 3442 907 3474 alicu'us
922 3443 1030 3474 alterius
1055 3443 1179 3476 Officia-

120 3488 154 3509 rii
172 3478 295 3509 Domini
308 3480 411 3519 Regis,
427 3483 457 3512 in
474 3480 560 3512 Loco
575 3491 634 3521 quo
651 3481 687 3512 fic
701 3480 778 3512 Eutn
791 3481 835 3512 vel
878 3492 910 3512 os
924 3482 1058 3514 infirmari
1083 3485 1177 3515 conti-

121 3519 210 3586 tgrerdit,
218 3516 322 3586 (siisdenC
335 3520 381 3565 vel
398 3520 502 3588 gisdesm
509 3518 755 3588 ostii-blhgoderatis
774 3519 910 3589 Eiffenfis
931 3521 1122 3591 contifdendis
1143 3523 1178 3554 &

144 3566 466 3639 iass‘ssecaaffiissebll?
476 3568 615 3635 ffierissquss
631 3567 762 3627 {12¹3ssssss
775 3569 824 3628 ‘ie‘u
835 3568 1178 3642 iss‘fissssilmjuas'ffnegdi‘sfi'g

121 3605 270 3664 Recedere
284 3632 397 3662 debebit
407 3634 446 3676 ¹&
461 3635 605 3665 debebunt
617 3634 718 3674 absque
736 3635 948 3674 impedimento
964 3638 1009 3668 vel
1032 3636 1176 3669 Obstacu-

120 3673 151 3704 lo
168 3681 350 3709 quocumque
365 3671 414 3701 fibi
430 3680 479 3710 per
490 3673 611 3710 aliquem
627 3672 812 3704 Subditorum
828 3675 871 3705 vel
887 3674 1044 3714 Ligeorum
1070 3676 1177 3707 Domi-

119 3713 150 3742 ni
165 3711 194 3741 R
233 3712 254 3740 is
267 3710 374 3740 Scotiae
390 3711 603 3747 quomodolibet
618 3711 771 3748 faciendis,
792 3713 828 3742 ita
848 3720 944 3744 tamen
964 3713 1044 3752 quod
1065 3715 1177 3746 interim

119 3720 415 3786 nichiigPraejudiciale
430 3755 528 3778 contra
544 3748 671 3792 Regem,
691 3749 844 3788 Regnum,
863 3752 909 3780 seu
928 3750 1033 3791 Ligeos
1055 3753 1178 3790 ejusdem

118 3797 263 3827 attemptet
275 3787 320 3818 vel
333 3793 516 3823 attemptent,
533 3785 630 3816 fierive
643 3797 775 3824 procuret
788 3788 833 3818 vel
847 3798 1013 3826 procurent:
1023 3789 1100 3828 Qiae
1113 3801 1179 3821 orn-

120 3828 167 3858 nia
180 3828 260 3857 simili
281 3824 371 3856 modo
385 3825 417 3855 &
432 3823 544 3860 forma,
557 3823 692 3866 fideliter,
709 3826 850 3865 aequaliter
866 3827 900 3858 ὅ(
914 3826 1068 3859 efficaciter
1083 3831 1179 3860 obier-

119 3866 263 3897 vabuntur
274 3873 308 3895 ex
322 3872 398 3902 parte
414 3860 639 3892 Metuendiffimi
651 3865 727 3900 Regis
745 3863 876 3908 angliae,
902 3864 964 3900 ἀνι.
991 3866 1177 3898 Subditorum

119 3904 154 3935 &
171 3904 325 3942 Ligeorum
343 3901 457 3932 suorum
472 3909 738 3938 quorumcumque,
752 3912 781 3932 in
804 3903 867 3933 casu
888 3913 947 3941 quo
970 3904 1094 3943 aliquem
1117 3907 1178 3937 Re-

118 3942 168 3981 gni
183 3942 288 3972 Scotiae
301 3940 444 3972 subditum
459 3940 502 3983 δι’
517 3938 676 3976 subjeetum
693 3961 715 3982 ,Π
728 3939 772 3983 sic⁴
791 3940 967 3985 Appulsum,
985 3951 1033 3973 aut
1053 3943 1179 3975 Naufra-

118 3979 347 4048 ssfflfflrfffflf‘2
365 3976 1040 4049 “²¹-lzmsszasrrsairfizss‘’ers
1053 3981 1177 4014 ‘mm

119 4020 215 4087 &PUR
224 4027 290 4085 igi-¹
296 4026 579 4086 tianiiiminterpNos
593 4052 816 4097 Commissarios·
825 4028 964 4095 utriusgiie
976 4029 1179 4096 Iffartcis'praedi-

117 4095 200 4132 fios,
218 4094 472 4162 Aoppunffiiatum,
489 4090 935 4138 concordatum-ominatum,
953 4095 987 4126 &
999 4095 1179 4139 Conclusam

115 4133 176 4174 est,
194 4135 276 4202 qu'V
296 4131 499 4200 chqtmgat,
515 4131 618 4163 eisdem
639 4129 756 4170 I'reugis
771 4129 952 4169 durantibus,
972 4133 1105 4172 Aliquem
1119 4145 1180 4166 non

152 4174 225 4204 Tam.
271 4192 279 4201 .
330 4192 337 4200 .
399 4192 405 4199 .

1214 2518 1393 2555 durantibus,
1410 2517 1497 2555 aliqua
1520 2515 1612 2546 Navis
1633 2517 1714 2545 unius
1731 2513 1837 2552 Partis,
1855 2515 1900 2544 vel
1914 2516 2039 2554 alterius,
2059 2515 2201 2556 Personis,
2219 2518 2282 2551 Re-

1215 2558 1284 2594 bus,
1306 2555 1523 2592 Marcbandisis,
1541 2562 1589 2584 aut
1611 2552 1696 2597 Bonis
1720 2552 1848 2596 Onusta,
1869 2553 1926 2584 five
1943 2553 2062 2597 Rupta,
2081 2556 2138 2586 five
2159 2567 2211 2594 pro
2229 2557 2282 2588 Vi-

1216 2595 1355 2626 {tualibus
1379 2595 1414 2625 de
1434 2593 1592 2624 necessitate
1613 2601 1696 2623 eisin
1714 2590 1788 2621 Mari
1805 2591 2164 2635 superveniente-Emendis
2179 2596 2282 2636 Appli-

1217 2635 1306 2665 cuerit
1321 2635 1348 2663 in
1364 2633 1486 2671 aliquem
1505 2632 1624 2672 Portum
1643 2632 1687 2660 vel
1703 2630 1823 2661 Locum
1837 2630 1925 2674 allium
1938 2631 2053 2669 alicujus
2069 2630 2193 2664 Partium
2207 2644 2283 2672 prae.

1216 2673 1372 2709 dictarum,
1391 2682 1443 2709 pro
1464 2670 1520 2711 qua
1541 2669 1708 2700 Rericienda
1723 2668 1842 2700 Navem
1858 2669 1959 2708 ipsam,
1981 2668 2130 2709 Pei-sonas,
2149 2672 2282 2712 Merces,

1217 2711 1291 2748 Res,
1315 2711 1348 2741 &
1374 2709 1454 2741 Bona
1479 2717 1615 2750 contenta
1635 2710 1664 2738 in
1685 2707 1785 2737 eadem
1806 2717 1934 2747 oporteat
1955 2709 1988 2738 ad
2012 2708 2135 2739 Terram
2156 2711 2279 2751 deponi,

1215 2751 1293 2789 quod
1309 2750 1338 2779 in
1352 2749 1411 2779 hoc
1427 2748 1501 2779 Casu
1517 2746 1665 2785 Perionae,
1686 2745 1815 2783 Merces,
1835 2746 1909 2784 Res,
1928 2747 1960 2776 ὅ(
1976 2745 2054 2776 Bona
2071 2747 2125 2785 ipsa
2140 2749 2176 2779 fic
2191 2750 2282 2788 depo-

1216 2790 1280 2827 fita,
1300 2789 1401 2826 absque
1419 2787 1649 2825 Impediment0‚
1667 2785 1701 2815 &
1716 2784 1773 2814 sine
1783 2785 1934 2815 Solutione
1950 2783 2119 2824 Custumae,
2135 2788 2163 2817 in
2180 2787 2282 2819 eadem

1217 2827 1313 2864 Navi,
1331 2837 1401 2857 cum
1425 2826 1546 2856 Resecsia
1559 2825 1660 2862 fuerit,
1679 2823 1722 2852 vel
1737 2825 1765 2853 in
1780 2823 1860 2852 aliam
1875 2833 2064 2862 reponantur,
2079 2825 2112 2855 ὅ(
2128 2825 2214 2857 libere
2229 2828 2283 2858 ab⁴

1215 2867 1371 2903 ducantur,
1391 2864 1510 2896 Proviso
1529 2873 1625 2894 tamen
1641 2862 1720 2900 quod
1735 2871 1788 2905 pro
1805 2861 1970 2905 MercibuS,
1989 2861 2101 2906 Rebus,
2121 2862 2226 2903 Bonis,
2245 2866 2279 2897 δε

1217 2904 1439 2942 Marchandifis,
1455 2902 1559 2934 ibidem
1584 2912 1634 2939 pro
1655 2901 1792 2931 Emenois
1806 2899 1981 2930 Vic'tualibus
1997 2910 2036 2930 eis
2053 2902 2210 2934 necessariis
2226 2914 2281 2942 pro

1215 2944 1355 2974 Numero
1373 2942 1556 2973 Personarum
1569 2939 1716 2977 Venditis,
1733 2937 1884 2969 Custumae
1899 2940 1932 2970 &
1945 2947 2046 2969 caetera
2060 2938 2184 2972 Deveria
2200 2943 2229 2973 in
2246 2943 2281 2975 εδ,

1216 2992 1291 3022 parte
1307 2982 1403 3011 debite
1420 2980 1452 3012 &
1465 2980 1580 3011 fideliter
1602 2977 1802 3017 persolvantur.

1253 3020 1385 3057 ITEM,
1404 3019 1484 3050 firnili
1509 3018 1599 3048 modo
1622 3015 1840 3047 Concordatum
1864 3014 1921 3053 est,
1939 3015 2022 3054 quod
2042 3017 2061 3048 fi
2086 3016 2159 3057 Quis
2173 3018 2208 3049 de
2223 3017 2281 3051 una

1215 3058 1300 3089 Parte
1314 3057 1439 3088 Partium
1455 3056 1650 3096 praedieramm
1664 3053 1781 3092 Capiat,
1801 3053 1884 3084 dietis
1897 3054 2021 3094 Treugis
2035 3056 2212 3094 durantibus,
2229 3058 2278 3087 ali-

1213 3097 1291 3136 quod
1313 3096 1489 3127 Fortalitium
1512 3095 1589 3132 super
1612 3094 1694 3124 aliam
1718 3092 1832 3123 Partem
1850 3116 1860 3128 ,
1885 3091 1944 3132 Ipse
1960 3116 1969 3131 ,
1994 3093 2073 3131 super
2098 3095 2131 3126 ὃ(
2153 3095 2279 3126 adversus

1212 3146 1298 3175 quem
1319 3134 1477 3173 hujusmodi
1494 3133 1669 3163 Fortalitium
1683 3130 1811 3168 Captum
1827 3130 1926 3169 suerit,
1943 3134 2047 3170 poterit
2058 3133 2127 3163 illud
2142 3131 2276 3170 Recupe-

1213 3184 1276 3243 {a‘e
1296 3171 1713 3242 {izitssrilisssslss‘sslslffa
1723 3169 2274 3248 ffl‘szssffifflffisssszi‘gaffiffiffi

1212 3223 1435 3282 {nienebuntur
1459 3248 1679 3279 Conservatores
1700 3246 1786 3278 Partis
1803 3246 1891 3284 illius,
1909 3249 1987 3285 cujus
2009 3247 2141 3277 Subditus
2156 3233 2276 3279 Fortali³

1215 3292 1286 3322 tium
1312 3288 1475 3328 hujusmodi
1498 3287 1623 3325 ceperit,
1645 3286 1816 3317 Succurrere
1840 3285 1873 3316 ὃ(
1897 3285 1997 3323 juvare
2017 3288 2024 3314 i
2045 3285 2122 3328 surn,
2141 3284 2220 3323 super
2239 3288 2276 3318 «Sc

1211 3329 1339 3361 adversus
1367 3327 1466 3396 {uem
1489 3323 1649 3368 hujusmodi
1670 3324 1850 3355 Fortalitium
1867 3321 1993 3367 Captum
2042 3332 2111 3360 erit,
2127 3323 2161 3366 ad
2176 3323 2276 3368 Ipsum

1213 3368 1382 3405 Recuperan
1403 3376 1470 3403 um,
1488 3366 1572 3404 quam
1587 3365 1679 3401 citius,
1696 3362 1730 3393 ὅ(
1746 3364 1831 3401 quam
1846 3361 2008 3398 diligentius
2023 3361 2187 3399 Sumptibus
2201 3362 2276 3394 illius

1214 3405 1302 3437 Partis
1318 3404 1518 3440 Offendentis,
1536 3402 1600 3440 vel,
1617 3402 1638 3432 fi
1655 3402 1742 3443 magis
1754 3401 1900 3443 placuerit,
1919 3399 1978 3439 Ipse
1991 3399 2068 3442 super
2081 3409 2166 3437 quem
2181 3400 2276 3439 hujus-

1215 3445 1296 3476 modi
1320 3444 1497 3475 Fortalitium
1523 3440 1649 3481 Captum
1671 3440 1770 3478 fuerit,
1788 3439 1947 3476 Requirere
1960 3446 2063 3474 poterit
2077 3437 2111 3468 δε
2124 3437 2275 3473 Summare

1212 3483 1330 3523 Regem
1361 3483 1394 3514 &
1421 3480 1642 3512 conservatores
1664 3478 1773 3509 alterius
1796 3477 1882 3507 Partis
1902 3475 1947 3505 seu
1975 3484 2076 3506 eorum
2098 3475 2277 3521 DeputatQS,

1213 3523 1295 3561 quod
1318 3522 1367 3552 sibi
1389 3519 1486 3550 Reddi
1507 3519 1608 3549 faciant
1623 3517 1657 3548 &
1672 3516 1797 3547 Restitui
1812 3515 1921 3545 dietum
1933 3512 2013 3542 suum
2026 3513 2222 3555 Fortalitium,
2237 3517 2273 3548 &

1214 3560 1415 3592 MalefaEtores
1438 3559 1486 3596 qui
1508 3556 1666 3595 hujusmodi
1690 3554 1869 3585 Fortalitium
1881 3559 2033 3589 ceperunt,
2051 3552 2131 3591 quod
2148 3553 2203 3594 Ipfi
2216 3565 2271 3595 pro

1212 3599 1298 3630 Posse
1323 3598 1415 3629 facere
1434 3598 1468 3627 &
1489 3595 1659 3635 perimplere
1680 3593 1867 3628 tenebuntur,
1884 3589 1988 3628 absque
2003 3589 2087 3630 dolo,
2104 3592 2218 3631 fraude,
2235 3594 2271 3625 δε

1211 3638 1289 3668 malo
1303 3637 1428 3676 ingenio.
1972 3668 1980 3676 ,
2189 3670 2193 3675 θ

1248 3676 1358 3706 ITEM
1369 3696 1378 3711 ,
1396 3672 1477 3703 simili
1503 3670 1592 3701 modo
1609 3667 1828 3710 Concordatum
1852 3665 1911 3711 est,
1929 3665 2009 3711 quod
2031 3666 2068 3704 fi,
2087 3668 2206 3712 Treugis
2217 3668 2270 3712 du.

1213 3715 1336 3744 rantibus
1366 3711 1462 3749 aliquis
1484 3710 1528 3739 vel
1548 3709 1630 3745 aliqui
1653 3707 1688 3736 de
1713 3705 1835 3735 Vassallis
1870 3704 1979 3749 Ligeisl,
1994 3706 2039 3736 vel
2054 3706 2175 3737 Subditis
2191 3717 2272 3738 unius

1213 3736 1351 3783 partium'
1367 3749 1562 3790 praediaarum
1580 3745 1736 3787 Deliquerit
1759 3743 1805 3774 seu
1823 3727 2001 3787 fieliqueniit
2014 3745 2044 3774 iri
2059 3744 2218 3775 Territorio
2231 3745 2273 3776 al-

1214 3793 1298 3821 terius
1313 3789 1416 3825 Partis,
1434 3787 1514 3816 liceat
1531 3784 1607 3815 Parti
1617 3805 1626 3820 ,
1644 3783 1673 3811 in
1687 3791 1766 3820 cujus
1778 3783 1939 3813 Territorio
1956 3786 1993 3812 iic
2006 3783 2059 3812 deli
2081 3782 2148 3812 uerit
2162 3784 2206 3813 vel
2220 3783 2274 3814 de·

1213 3829 1361 3869 liquerint,
1379 3826 1470 3864 ipsum
1484 3825 1517 3855 &
1531 3822 1602 3862 ipsos
1618 3830 1719 3857 capere
1732 3821 1765 3851 &
1781 3821 1880 3860 punire
1895 3820 2047 3851 secundum
2090 3829 2154 3864 eges
2169 3820 2272 3853 Patriae

1214 3869 1244 3898 in
1266 3877 1320 3905 qua
1337 3867 1373 3896 fic
1385 3863 1529 3901 deliquerit
1546 3859 1590 3890 vel
1606 3858 1788 3898 deliquerint,
1804 3859 1960 3890 secundum
1976 3860 2142 3900 exigentiam
2152 3859 2272 3902 ‘Deli'ffi

1214 3916 1263 3974 Pel
1275 3896 1943 3974 isssffilellfiffismefflffiVsslffisssslzas}
1956 3895 2272 3975 {SPflziissfflffsSe'f

1215 3955 1335 4012 ilr‘iittitur
1368 3952 1404 4009 siet
1424 3978 1451 4008 se
1467 3976 1606 4006 retraxerit
1618 3974 1663 4005 vel
1675 3977 1835 4006 retraxerint
1849 3975 1876 4004 in
1893 3972 2114 4016 Dominiumip
2125 3983 2171 4004 ius
2180 3974 2272 4016 Regis

1215 4003 1418 4088 tsi?
1433 4010 1970 4088 sffisssss‘zzleaz‘aaflliiffl
1982 4009 2274 4091 &arrisisses

1215 4068 1328 4127 iiiendals
1367 4101 1399 4124 ut
1418 4092 1583 4129 praefertur,
1600 4088 1869 4126 conservatoribus,
1886 4097 1934 4118 aut
1952 4097 2052 4131 eorum
2073 4086 2220 4126 Deputatis
2242 4094 2272 4123 in

1217 4116 1349 4166 Marchi’a
1365 4131 1413 4162 ubi
1429 4129 1577 4169 deliquerit
1592 4129 1638 4162 vel
1652 4129 1832 4197 deligugring
1850 4128 1870 4158 fi
1884 4128 1956 4159 vero
1971 4126 2057 4158 iidem
2071 4125 2273 4201 Malefastoroeif

2260 4178 2278 4200 e
