2555 4266
34 1174 112 1206 Ann.
125 1173 167 1206 D.

62 1214 150 1254 1460.

31 1257 85 1283 An.
105 1262 150 1289 39.

33 1298 68 1320 H.
86 1294 113 1319 6.

31 1335 151 1367 Pat.39.

33 1374 68 1397 H.
85 1371 112 1396 6.

32 1418 69 1437 m.
90 1418 138 1436 20.

33 1789 53 1810 ²³*
64 1787 117 1820 Χῖ.

45 3564 125 3596 'Ann
136 3563 177 3594 D.

66 3603 154 3642 1460.

45 3645 99 3671 An.
118 3653 162 3680 39.

46 3684 84 3710 H.
98 3683 115 3707 6

46 3721 106 3748 Par.

45 3760 82 3785 H.
94 3758 111 3784 6

46 3803 85 3825 m.
103 3804 145 3832 ¹7.

117 3729 152 3756 39
157 3743 163 3749 ·

803 195 913 242 ET
1001 191 1268 242 ACTA
1358 190 1837 242 PUB'L1CA.

26 289 105 321 Ann.
121 285 165 319 D·
220 292 358 330 Cepimus
372 284 549 321 Fidelitatem
563 286 638 329 ipsius
652 287 754 327 Eleffl,
765 288 866 320 Nobis
880 299 933 328 pro
947 281 1166 328 Temporalibus
1179 285 1254 330 Epi:

50 326 138 366 1460-
182 330 312 370 scopatus
326 328 454 367 praediffi
472 328 616 370 debitam,
634 328 668 359 &
682 327 866 366 Temporalia
880 327 942 365 illa,
962 337 1033 358 curn
1050 326 1247 361 pertinentiis,

29 371 93 395 Heu.
113 367 141 395 0'·
181 378 265 408 prout
280 368 367 398 moris
379 367 437 404 est,
455 365 640 397 Reiiituimus
652 366 764 405 eidem,

221 407 259 438 Et
273 407 340 438 ideo
354 405 427 436 Tibi
445 404 508 436 Prae
514 407 630 445 :ipimus
644 405 725 441 quod
738 405 822 436 eidem
836 399 865 433 E
881 403 961 443 ifiopo
976 401 1162 445 Temporalia
1174 407 1249 436 prae*

182 446 275 482 dicia,
292 453 361 475 cum
383 445 571 481 pertinentiis,
591 445 620 473 in
647 443 751 474 Balliva
769 452 831 480 tua,
855 412 1096 485 line-Dilauone,
1114 439 1249 475 Liberes,

182 483 324 515 Habenda
337 484 367 512 in
380 482 472 513 forma
490 483 640 520 praedidia,
658 482 732 511 salvo
743 480 812 519 jure
826 479 982 522 cujussibet.
1137 516 1142 520 -

219 521 310 553 Teste
326 520 409 560 Rege
421 521 496 559 apud
509 519 767 560 lffistmonasterium
777 541 787 556 ,
799 517 938 549 vicefimo
952 516 999 547 die
1016 514 1165 546 Octobris.

287 601 341 628 Per
358 601 452 628 Breve
467 599 502 628 de
518 600 637 628 Privato
654 593 762 633 Sigillo,
779 592 819 629 ό·
833 593 866 622 de
882 593 964 622 Data
975 591 1130 631 praedicza,
1149 589 1210 626 ὅγε.

185 679 356 711 Consimili:
381 677 481 709 Brevia
507 677 662 714 diriguntur
685 673 860 704 Praecentori
890 674 923 705 &
952 671 1090 713 Capitulo
1113 671 1250 703 Ecclefiae

227 718 409 750 Menevenfis
427 717 460 748 &
482 715 624 746 Escaetori
648 713 803 751 subscripto
825 711 876 743 sub
900 711 998 743 eadem
1022 711 1123 749 Data,
1153 711 1252 741 videli-

220 765 285 796 cet,

225 833 332 864 Diledo
350 833 429 869 Regis
449 829 613 861 Willielmo
630 828 733 868 Hulyn
757 827 865 867 Majori
887 826 1088 867 Civitatisfhae
1101 826 1252 856 Londoniae

187 871 226 909 ὀ-
245 871 386 911 Efiaetorr'
395 869 448 908 fi¹⁰
465 872 496 898 in
511 869 604 899 eadem
622 872 756 898 civitate.

219 947 258 979 Et
271 946 444 978 Mandatum
460 945 501 976 est
519 945 661 977 Militibus
671 968 683 984 ,
699 946 761 978 &c.

295 1090 355 1122 Pro
378 1090 481 1122 Priore
507 1088 611 1121 Sanni
643 1090 824 1131 Pancracii‚
851 1085 887 1119 de
902 1084 1131 1120 Pardonatione.

186 1172 313 1229 REX
332 1175 469 1206 omnibus
490 1173 602 1206 Ballivis
624 1175 658 1207 &
680 1173 826 1205 Fidelibus
844 1171 915 1210 suis,
932 1171 967 1203 ad
983 1181 1076 1212 quos,
1091 1169 1152 1201 ἃς.
1170 1168 1252 1200 Salu-

267 1221 338 1244 tem.

223 1249 323 1282 Sciatis
338 1252 435 1291 quod,
1212 1285 1218 1291 ,

224 1288 308 1320 Cum
325 1290 473 1329 Johannes
492 1291 525 1321 de
539 1289 690 1329 Borbonio,
708 1290 817 1320 Sam‘i'ae
839 1287 997 1329 Amicienfis
1013 1287 1115 1331 nullius
1128 1285 1254 1316 Provin-

185 1328 258 1367 ciae,
275 1328 465 1360 Sacrosanetae
487 1330 632 1360 Romanae
652 1328 787 1359 Ecclefiae
810 1329 843 1359 ὃς
867 1328 936 1358 nulli
958 1327 1033 1358 alteri
1053 1336 1082 1356 1n
1105 1334 1251 1364 quoquam

184 1366 324 1406 subjeetus
339 1390 348 1405 ,
373 1367 467 1407 Episto
483 1378 531 1406 us,
558 1367 592 1397 &
615 1366 737 1397 Vallame
759 1370 870 1404 Comes,
894 1365 1043 1405 Abbaffiue
1068 1366 1102 1396 &
1123 1363 1253 1402 Minister

183 1406 298 1437 humilis
310 1405 457 1437 Clunacen
469 1416 491 1436 is
505 1405 641 1436 hcclefiae
651 1430 661 1443 ‚
677 1416 767 1443 nuper
778 1415 829 1443 per
844 1405 951 1435 Literas
966 1409 1038 1441 luas,

220 1443 268 1475 Eo
294 1444 373 1482 quod
394 1444 535 1475 Prioratus
552 1443 664 1474 Montis
677 1444 783 1482 Acuti,
799 1443 989 1473 Bathonienfis
1011 1441 1154 1473 Dioecefis
1166 1464 1176 1480 ,
1193 1440 1252 1471 Or-

182 1481 255 1513 dinis
268 1482 467 1522 Clunacenfis,
486 1492 556 1513 tunc
572 1482 608 1514 de
624 1482 724 1513 Priore
739 1482 785 1513 seu
799 1481 917 1512 Pastore
933 1481 1067 1518 vacabat,

221 1520 271 1551 De
294 1521 469 1560 Religione,
487 1521 665 1559 Honestate,
691 1521 726 1551 ὃς
745 1519 926 1550 Conscientia
945 1519 1089 1558 Johannis
1112 1517 1251 1557 Danyell,

183 1562 286 1589 Prioris
304 1561 449 1604 Prtjpratds
467 1561 562 1590 Sanc‘li
575 1561 719 1590 Pancracii
734 1558 874 1599 Lewenfis
889 1558 1006 1589 Ordinis
1021 1559 1149 1597 praediffl
1163 1558 1253 1588 Cice-

183 1597 292 1628 strenfis
315 1598 470 1636 Dioecefis,
481 1596 600 1637 praefati
620 1597 747 1627 Abbatis
768 1599 797 1627 in
814 1596 1009 1635 Spiritualibus
1024 1597 1056 1627 ὅ(
1070 1596 1254 1634 Temporali-

182 1636 235 1666 bus
257 1637 288 1667 in
309 1636 470 1668 Provinciis
486 1636 616 1675 Angli-se,
631 1636 796 1674 Hiberniae,
820 1637 854 1668 &
869 1635 975 1667 Scotiae
986 1639 1137 1666 camerarii
1150 1637 1183 1667 &
1201 1638 1229 1664 V
1231 1638 1255 1664 ὶ-

182 1675 420 1744 cariz'idGeneralis
444 1685 478 1707 ac
508 1674 687 1714 Commiffizrii
713 1673 884 1707 sufficienter
906 1675 938 1706 ὃ(
959 1675 1086 1714 legitime
1110 1675 1254 1712 deputati,

180 1723 238 1744 con
281 1724 343 1752 ens,

222 1751 273 1782 De
287 1752 368 1784 dicto
383 1753 512 1783 Prioratu
528 1751 645 1783 Montis
659 1752 750 1783 Acuti
763 1751 799 1782 de
816 1751 916 1783 Priore
930 1751 1054 1788 eiusdem
1070 1750 1255 1782 Clunacenfis

183 1790 304 1822 Ordinis
322 1792 341 1811 ³*
359 1791 476 1832 ydoneo
501 1791 534 1822 &
562 1791 710 1822 sufficienti
738 1790 858 1829 praefato
887 1793 977 1821 Priori
996 1792 1092 1820 Sanffi
1112 1793 1255 1820 Pancracii

182 1830 353 1867 providendi
367 1829 536 1861 concefferit
547 1829 724 1861 Potestarern
740 1831 775 1862 &
789 1829 979 1868 Facultatcm,
1000 1838 1049 1869 per
1062 1829 1170 1860 Literas
1180 1839 1252 1867 prae-

182 1869 289 1907 dictas,
306 1869 353 1900 illa
368 1870 434 1900 vice
447 1869 596 1907 duntaxat,

184 1937 191 1941 ,
223 1908 356 1947 Qarum
387 1907 505 1946 quidem
532 1907 695 1939 Literarum
722 1906 899 1938 Auctoritate
921 1907 954 1937 &
975 1906 1084 1945 Vigore
1100 1931 1109 1945 ,
1132 1907 1252 1945 prcefato

182 1945 323 1978 Prioratui
342 1945 456 1979 Montis
476 1946 565 1977 Acuti
585 1946 664 1978 idern
686 1947 766 1976 Prior
789 1947 886 1976 Sanffl
901 1948 1045 1976 Pancracii
1059 1945 1199 1987 Lewenfir
1215 1946 1251 1975 de

181 1984 279 2016 Fratre
296 1985 414 2016 Ro'berto
434 1985 548 2026 Cryche,
567 1984 720 2017 Monach'o
741 1984 812 2016 dieti
834 1984 980 2015 Prioratus
1003 1984 1116 2016 Montis
1138 1984 1249 2022 Acuti,

182 2025 231 2062 qui
255 2024 323 2055 dieti
337 2023 454 2055 Ordinis
471 2024 638 2055 Monachus
672 2023 806 2063 rofeffus,
824 2033 858 2054 ac
873 2022 993 2054 idoneus
1009 2024 1043 2055 &
1058 2023 1199 2055 sufficiens
1213 2023 1250 2054 ad

181 2062 242 2093 hoc
262 2062 400 2101 existens,
416 2062 568 2102 providerit
589 2064 619 2093 in
671 2063 794 2101 riorem,
812 2063 845 2092 &
861 2062 951 2101 ipsum
965 2061 1090 2100 ejusdem
1106 2060 1250 2094 Priorati'is

185 2100 318 2133 Priorem
328 2101 517 2141 ordinaverit,
531 2101 646 2139 fecerit,
657 2101 692 2132 &
708 2102 855 2139 creaverit,
867 2111 898 2132 ut
911 2101 1091 2140 accepimus,

221 2140 286 2179 Qui
298 2139 415 2179 quidem
427 2142 509 2171 Prior
523 2141 618 2171 Saneii
631 2143 775 2171 Pancracii
790 2139 930 2180 Lewenfis
945 2141 1027 2172 timet
1041 2150 1108 2172 eum
1125 2138 1250 2172 Poenam

182 2178 360 2210 statutorum
378 2179 414 2210 de
431 2178 661 2218 Provifionibus,
678 2179 830 2210 Occafione
842 2178 995 2217 praedicta,
1012 2181 1170 2219 incurrere,

218 2217 307 2256 Nos,
321 2217 358 2248 ad
377 2217 621 2255 supplicationem
644 2218 776 2256 praedicti
798 2220 900 2248 Prioris
918 2219 1013 2248 Sanbli
1030 2220 1174 2249 Pancracii
1195 2220 1251 2249 Le-

184 2256 299 2296 ·wenfis,
316 2256 353 2286 de
368 2255 468 2286 Gratia
484 2255 580 2288 nostra
593 2257 718 2297 speciali,
736 2256 1027 2295 PARDoNavmms,
1044 2257 1255 2296 Remmium,

182 2296 219 2328 &
242 2295 486 2326 RELAXAVIMUS
513 2295 609 2326 eidem
636 2297 727 2325 Priori
749 2296 846 2326 Santfffi
867 2298 1011 2326 Pancracii
1031 2295 1188 2337 Lewenfis,
1205 2296 1252 2327 seu

182 2343 371 2372 quocumque
392 2333 448 2364 alio
469 2333 606 2364 Nomine
630 2333 795 2371 censeatur,
817 2333 1029 2373 Contemptus,
1047 2335 1254 2374 Tranigreffio-

180 2376 253 2411 nes,
269 2371 483 2411 Mesprifiones,
500 2371 696 2411 provisiones,
714 2373 748 2404 &
768 2372 967 2404 Forisfaauras
980 2374 1188 2413 quascumque,
1205 2384 1255 2414 per

181 2411 278 2448 ipsum
295 2411 386 2442 Eudios
408 2411 468 2443 five
486 2420 675 2451 perpetratos,
694 2411 725 2442 in
745 2411 801 2442 hac
821 2421 915 2450 parte,
932 2421 964 2442 ac
980 2422 1071 2444 omne
1083 2413 1112 2443 id
1123 2413 1203 2452 quod
1219 2413 1256 2444 ad

184 2449 261 2518 Nq}
274 2450 394 2488 pensinet
416 2450 463 2480 seu
481 2451 623 2488 pertinere
643 2451 748 2490 poterit
766 2450 804 2481 de
824 2449 977 2481 Praemiffis
1001 2450 1048 2481 seu
1063 2451 1160 2490 aliquo
1176 2451 1256 2483 Prae-

186 2497 228 2518 mr
254 2497 358 2518 orum:

182 2547 185 2549 -
225 2526 264 2558 Et
281 2527 414 2564 ulterius,
433 2526 468 2557 de
487 2527 611 2563 uberiori
629 2526 728 2558 Gratia
746 2527 860 2565 nostra,
879 2527 1080 2559 Conceffimus
1099 2530 1132 2560 8(-
1152 2530 1244 2561 Licen

184 2566 254 2597 tiam
279 2565 419 2597 Dedimus
444 2566 563 2604 praefato
589 2568 679 2596 Priori
703 2567 799 2596 Sanffi
823 2568 967 2597 Pana-rarii
991 2567 1148 2608 Lewenfis,
1174 2550 1260 2608 quod

186 2604 251 2641 lpse
268 2604 366 2636 Loeras
380 2605 530 2641 praedictas
547 2615 582 2636 ac
598 2607 696 2636 omnia
712 2605 746 2636 &
765 2605 871 2643 singula
890 2606 919 2636 in
938 2605 1043 2636 eisdem
1059 2616 1193 2639 contenta
1208 2618 1258 2639 ex-

181 2643 307 2684 equi&
322 2652 486 2682 excercere,
511 2643 604 2683 legere
627 2645 661 2675 &
686 2644 741 2683 legi
758 2644 850 2675 facere
877 2643 978 2684 poffit,
1010 2644 1117 2683 libere,
1143 2648 1257 2686 quiete,

184 2682 377 2751 {acinceyssc
402 2683 541 2721 impune,
559 2683 641 2722 juxta
665 2683 745 2721 vim,
759 2681 907 2722 formam,
927 2684 961 2715 &
984 2682 1122 2715 effeetum
1146 2696 1257 2716 earum-

207 2729 270 2757 em,

222 2757 368 2789 Nolentffl
389 2757 471 2798 quod
491 2758 569 2789 idem
592 2762 673 2790 Prior
691 2760 787 2790 Sa‘nlli
803 2758 948 2790 Pancract'i
963 2760 1120 2801 Lewmfis,
1135 2771 1182 2794 aut
1197 2763 1255 2801 ejus

186 2796 406 2834 Procuratores,
422 2796 446 2826 F
448 2805 574 2840 autoreS,
599 2798 755 2836 Consules,
770 2798 804 2829 δε
831 2798 1020 2837 Auxiliantffi,
1039 2800 1070 2830 in
1089 2801 1143 2831 hac
1161 2811 1256 2841 parte,

184 2845 234 2866 aut
252 2835 491 2874 quicumquealu
508 2835 714 2875 Solicitatores,
731 2837 866 2875 Latores,
885 2837 931 2868 seu
955 2837 1149 2870 Publicatores
1173 2841 1256 2872 Lite-

185 2884 284 2905 rarum
301 2873 519 2912 praedictarum,
536 2884 586 2914 per
604 2875 692 2914 Nos,
706 2875 754 2906 vel
771 2874 910 2907 Haeredes
928 2876 1058 2915 nostros,
1073 2879 1256 2918 impetantur,

186 2914 393 2952 inquietentur,
413 2914 628 2952 perturbentur,
647 2912 829 2944 molestentur
844 2915 874 2944 in
892 2914 1006 2953 aliquo,
1025 2915 1071 2946 seu
1089 2925 1255 2958 graventur,

187 2952 378 2989 inquietetur,
397 2951 571 2991 perturbetur
581 2974 591 2990 ,
607 2952 770 2984 molestetur
787 2953 818 2983 in
835 2953 949 2990 aliquo,
965 2954 1011 2985 seu
1028 2963 1178 2994 gravetur,
1195 2957 1256 2988 Sta-

187 2991 270 3028 tutis‚
285 2989 540 3028 Ordinationibus,
555 2989 785 3028 Provifionibus,
800 2990 857 3021 five
880 2990 1018 3030 Actibus,
1036 2994 1067 3023 in
1083 2998 1256 3026 contrarium

189 3029 289 3067 factis,
312 3037 360 3060 aut
376 3029 435 3060 aliis
452 3028 570 3068 Rebus,
596 3029 710 3068 Caufis,
726 3030 760 3059 &
780 3028 910 3060 Materiis
927 3030 1151 3070 quibuscumque
1170 3034 1257 3072 (quae

189 3077 243 3104 pro
261 3066 361 3098 Nobis
377 3070 408 3098 in
425 3067 479 3098 hac
497 3077 573 3106 parte
592 3067 651 3099 dici
665 3092 676 3107 ,
700 3068 826 3107 allegari,
854 3077 901 3099 aut
917 3071 1039 3109 proponi
1054 3073 1206 3110 poterunt)
1226 3074 1257 3104 in

187 3107 223 3138 al'
244 3116 284 3137 uo
299 3116 361 3137 non
377 3106 562 3138 obstantibus.

247 3155 267 3175 n
285 3146 382 3185 cujus,
397 3146 459 3176 &c.

261 3183 358 3252 geste.
382 3183 469 3224 Rege
492 3183 568 3221 apud
593 3181 854 3224 Wstmonasteriam
872 3204 883 3223 ,
917 3183 1089 3217 Undecimo
1117 3187 1163 3218 die
1186 3187 1257 3219 No—

192 3231 260 3253 vem
282 3232 326 3253 ns.

321 3298 375 3368 Pel}
390 3298 477 3368 ἓξὲξ.
489 3300 605 3338 Regem,
621 3297 660 3335 ό·
675 3299 709 3329 de
725 3302 809 3329 Data
819 3298 974 3340 praedilla,
991 3302 1173 3332 Austoritate
1185 3304 1259 3333 Par-

374 3348 392 3366 a
466 3349 485 3368 l·

347 3473 405 3504 Pro
429 3470 586 3506 Edwardo
607 3475 808 3521 Primogenito
830 3476 928 3508 Ducis
953 3472 1101 3511 liborum.

194 3552 318 3612 REX
333 3553 495 3598 Omnibus,
509 3551 544 3588 ad
560 3566 650 3597 quos,
669 3558 731 3590 ὅτε.
747 3558 883 3591 Salutem.

208 3630 214 3636 ·
303 3593 514 3639 SciatisYquod,
537 3595 573 3625 de
584 3595 692 3641 ‘Gratia
710 3597 805 3629 nostra
819 3592 949 3638 speciali,
973 3600 1008 3630 &
1026 3610 1061 3631 ex
1080 3610 1154 3632 certa
1171 3602 1260 3634 scien-

193 3638 232 3675 tia
251 3632 284 3663 &
303 3641 385 3662 mero
404 3640 486 3674 motu
504 3633 621 3672 nostris,
639 3633 840 3666 Conceffimus
855 3638 887 3668 &
904 3647 953 3676 per
970 3639 1124 3670 Praesent&
1142 3639 1260 3672 Conce-

195 3668 291 3701 dimus
307 3689 317 3709 ,
344 3667 515 3702 Praedileeco
535 3670 651 3703 Consam
671 3674 756 3704 uineo
774 3674 892 3713 nostro,
909 3675 1054 3707 Edwardo
1069 3677 1137 3708 Filio
1155 3682 1259 3710 seniori

197 3706 340 3740 Cariffimi
371 3707 586 3752 Consanguinei
613 3720 653 3740 no
691 3713 702 3741 i
734 3711 863 3742 Richardi
883 3715 969 3744 Ducis
993 3714 1115 3745 Eburum
1128 3739 1139 3755 ,
1163 3721 1262 3749 Comiti

196 3747 334 3778 Marchiae
347 3770 357 3786 ,
391 3745 500 3778 Officia
526 3745 734 3780 Constabularii
756 3749 849 3780 Castri
871 3749 958 3782 Villae
975 3753 1081 3784 nostrae
1098 3754 1245 3787 Bristolliae

197 3786 231 3816 &
254 3786 393 3826 Custodis
414 3783 594 3816 Forestarum
614 3786 773 3818 nostrarum
792 3787 828 3819 de
849 3786 1042 3827 Kingeswode
1063 3793 1094 3822 in
1108 3780 1260 3826 Comitatti

197 3824 390 3857 Glaucestriae
418 3825 452 3856 &
471 3823 495 3854 F
514 3822 608 3855 lwode
625 3825 656 3854 in
676 3823 827 3856 Comitatu
846 3826 1025 3859 Somersetiae
1042 3853 1051 3865 ,
1074 3840 1109 3861 ac
1132 3832 1258 3864 Forestae

193 3863 299 3896 nostrae
314 3865 352 3895 de
369 3862 402 3894 G
420 3833 556 3902 llingss'am
576 3863 606 3892 in
626 3860 778 3906 Comitatu
797 3863 952 3903 Dorsetiae,
979 3868 1013 3899 &
1031 3866 1186 3901 Parcorum
1205 3881 1260 3903 no-

193 3902 319 3946 strorum
336 3902 374 3933 de
437 3912 482 3933 ere
501 3902 536 3931 δι’,
561 3899 681 3940 Everley
700 3911 729 3931 m
752 3899 901 3934 Comitatu
918 3904 1055 3936 Wiltefiae
1068 3929 1079 3946 ‚
1103 3917 1137 3939 ac
1153 3910 1181 3939 ei
1196 3910 1259 3940 Cu—

193 3940 297 3972 stodias
319 3940 484 3972 earumdem
503 3938 683 3970 Forestarum
703 3940 738 3971 &
759 3939 916 3972 Parcorum
934 3943 1101 3976 nostrorum
1117 3946 1154 3977 de
1173 3947 1258 3979 Mere

193 3981 229 4012 &
246 3977 348 4010 Everle
379 3989 428 4019 per
446 3979 600 4010 Praesenres
616 3977 834 4017 Concedimus‚
959 4012 963 4017 ,
1103 4014 1106 4017 Δ
1126 3980 1130 3982 ’

230 4015 336 4048 Conoe
359 4028 430 4061 rmus
448 4019 534 4049 etiam
552 4017 635 4062 eidem
654 4013 797 4047 Edwardo
813 4017 894 4056 quod
912 4015 989 4058 Ipse,
1005 4017 1073 4052 Vita
1089 4020 1137 4053 sua
1154 4023 1257 4055 duran-

192 4053 751 4133 gaugojrgriitiitagxeethfflgtgredaffi
764 4055 995 4133 {agrzffiffiia
999 4059 1258 4137 &Pofstffaleet‘ejsulgieffne

2282 222 2355 249 101

1287 281 1381 314 Castri
1393 307 1401 319 ,
1420 294 1453 327 ac
1476 280 1560 316 Duos
1583 286 1692 330 Vigiles¹
1710 287 1743 317 ad
1757 288 1939 327 vigilandum
1951 294 2009 322 tam
2025 303 2072 331 per
2084 295 2176 325 Diem
2193 297 2275 333 quam
2291 306 2340 333 per
2358 291 2432 321 Assn-
2448 291 2493 322 Db

1284 321 1420 352 Nouem
1438 332 1467 352 in
1487 324 1590 355 Castro
1607 326 1762 363 praediea,
2380 333 2464 367 1400—

1320 358 1461 404 Habenda
1477 362 1509 392 &
1521 362 1696 402 Occupanda
1706 364 1784 394 chira
1796 363 1904 395 Officia
1913 389 1923 404 ,
1938 365 2086 400 Custodias
2095 393 2104 408 ,
2113 373 2145 402 δε
2153 371 2256 410 lingula
2265 371 2340 401 Prae-
2361 373 2424 396 Hen.
2432 371 2458 395 6.

1287 397 1368 427 missa
1387 398 1472 427 erdem
1493 401 1637 430 Edwara'o
1658 411 1706 439 per
1728 402 1762 432 Se
1777 425 1786 439 ,
1813 403 1858 432 vel
1887 413 1935 440 per
1958 405 2138 439 sufficientem
2167 410 2343 449 Deputatum

1285 435 1383 478 suum,
1402 445 1452 480 aut
1466 436 1634 469 sufficientes
1647 439 1804 477 Depuratoe
1818 440 1896 479 succ,
1915 451 1986 472 cum
1997 447 2130 477 omnibus
2144 448 2176 478 &
2191 451 2341 480 omnimo-

1286 473 1328 504 dis
1341 472 1474 518 Officiis,
1494 474 1608 512 Vadiis,
1631 477 1748 520 few-23³
1761 478 1891 516 juribus,
1912 479 2061 518 Regardis,
2080 483 2247 517 Redditibus
2282 488 2342 517 Re-

1286 512 1488 551 ventionibuS,
1513 513 1674 558 Proficuis,
1699 517 1979 557 commoditatibus,
1999 520 2032 550 &
2055 511 2264 555 Emolumentis'
2281 528 2342 564 qui-

1287 550 1480 595 buscumque,
1499 552 1637 590 proedicsstis
1653 553 1769 595 Officjs
1785 555 1818 584 &
1838 554 1984 587 Custodiis
2009 558 2043 588 &
2066 562 2169 591 caeteris
2191 563 2342 595 Praemnfis

1288 589 1386 620 debite
1403 591 1606 628 pertinentibus
1621 591 1655 622 δε
1671 593 1826 630 contueris,

1325 628 1515 666 Percipiendo
1534 629 1691 660 Annuatim
1706 654 1716 667 ,
1739 632 1854 661 durante
1871 631 1938 662 Vita
1959 631 2004 662 sua
2020 654 2029 670 ,
2055 643 2108 670 pro
2127 634 2207 666 dicto
2230 639 2343 670 Officio

1289 665 1499 698 Constabularii
1513 667 1621 707 Viginti
1637 668 1737 698 Libras
1748 668 1782 699 ad
1794 668 1953 700 Terminos
1967 669 2064 701 Sancti
2081 672 2227 705 Michaelis
2241 679 2273 708 &
2288 679 2345 709 Pa-

1288 705 1364 736 schae
1382 715 1432 744 per
1444 707 1563 745 aequales
1576 706 1742 744 Portiones,
1760 717 1795 738 ac
1818 717 1871 745 pro
1886 707 1914 737 V
1916 707 1982 738 adiis
2003 718 2056 746 pro
2070 710 2151 740 dicto
2170 712 2292 749 Janitore
2311 727 2345 747 ac

1289 742 1404 776 Officio
1412 744 1549 783 Janitoris
1559 745 1685 784 ejusdem
1708 744 1803 776 Castri
1823 745 1908 776 Duos
1926 746 2066 777 Denarios
2085 758 2133 786 per
2155 749 2260 791 Diem,
2277 763 2347 784 nec-

1287 791 1348 813 non
1363 793 1417 821 pro
1436 782 1531 814 Vadiis
1547 783 1684 815 Duorum
1699 783 1829 823 Vigilum
1849 786 1878 814 in
1893 784 1999 815 Castro
2020 787 2158 823 praedieto
2173 790 2283 828 vigilare
2300 792 2348 822 de-

1287 821 1420 853 bentium
1441 819 1517 853 Tres
1536 821 1679 854 Denarios
1698 831 1747 860 per
1761 823 1851 853 Diem
1862 847 1871 861 ,
1886 824 1919 854 6:
1941 822 2049 854 Unum
2065 825 2198 856 Obolum
2216 838 2264 865 per
2279 829 2348 860 No-

1288 859 1367 891 &em
1377 885 1388 898 ,
1404 870 1438 892 ac
1452 861 1539 891 etiarn
1553 871 1606 901 pro
1625 861 1720 892 Vadiis
1733 861 1958 892 Forestariorum
1974 862 2059 893 dietae
2075 863 2200 895 Forestae
2218 865 2252 895 de
2267 866 2295 896 K
2315 879 2348 898 n-

1289 898 1419 938 geswode
1435 898 1552 937 Septem
1567 900 1709 931 Denarios
1721 901 1754 931 &
1771 901 1879 931 Unum
1892 900 2028 931 Obolum
2043 910 2092 940 per
2104 902 2194 933 Diem
2204 926 2214 941 ,
2232 905 2268 935 de
2309 909 2350 936 xi-

1290 938 1381 975 tibus,
1393 937 1548 977 Proficuis,
1565 939 1599 969 &
1616 937 1848 970 Reventionibus
1861 939 2004 977 praedistae
2019 939 2101 970 Viuae
2114 940 2279 983 Bristolliae,
2293 947 2349 975 tiim

1289 976 1326 1006 de
1338 976 1437 1007 Firma
1449 976 1573 1014 ejusdem
1587 977 1690 1015 Villae,
1704 979 1790 1017 quarn
1812 978 1848 1008 de
1869 979 1927 1009 aliis
1948 977 2092 1017 Exitibus,
2108 980 2262 1020 Proficuis,
2280 983 2300 1001 ²*
2318 983 2350 1014 δί
2368 990 2387 1009 ar
2406 989 2457 1020 Xr

1290 1013 1520 1046 Reventionibus
1539 1016 1577 1047 de
1590 1015 1667 1047 Villa
1688 1016 1733 1047 illa
1751 1018 2000 1055 provenientibus,
2018 1027 2068 1055 pet
2087 1018 2193 1050 Manus
2213 1019 2352 1060 Majoris,
2368 1032 2434 1065 4⁶6·
2450 1016 2456 1019 ἴ

1292 1052 1536 1093 Communitatis,
1558 1055 1593 1086 δε
1615 1054 1790 1086 Ballivorum
1810 1055 1931 1093 ejusdem
1951 1056 2051 1094 Villae,
2076 1067 2110 1088 ac
2130 1057 2354 1099 Firmariorum,

1292 1091 1511 1132 Occupatorum
1526 1117 1537 1133 ,
1566 1093 1611 1125 seu
1634 1094 1833 1134 Receptorum
1855 1094 1922 1124 inde
1942 1104 1995 1133 pro
2013 1103 2144 1134 tempore
2156 1097 2334 1129 existentium
2345 1123 2356 1138 ,

1292 1131 1348 1160 una
1368 1140 1436 1161 cum
1457 1133 1515 1162 aliis
1532 1132 1650 1171 Feodis,
1665 1132 1817 1171 proficuis,
1834 1133 1867 1164 &
1886 1132 2162 1174 commoditatibus,
2184 1135 2299 1167 Officiis
2319 1139 2354 1170 &

1292 1167 1439 1199 Custodiis
1452 1170 1592 1208 praedic'tis
1606 1180 1639 1201 ac
1656 1172 1763 1202 caeteris
1776 1171 1928 1202 Praemisfis
1943 1181 2061 1211 quoquo
2083 1174 2172 1204 modo
2188 1177 2354 1212 pertinenti-

1293 1207 1346 1238 bus
1355 1230 1365 1246 ,
1380 1207 1484 1238 eisdem
1499 1210 1589 1240 modo
1603 1210 1636 1241 ὃ(
1649 1210 1742 1241 forma
1756 1210 1790 1241 &
1805 1211 1878 1241 adet>
1887 1210 1970 1248 plene
1985 1211 2018 1242 &
2031 1211 2143 1249 integre
2158 1211 2228 1244 ficut
2239 1214 2354 1244 Richar-

1290 1245 1340 1275 dus
1356 1246 1388 1275 de
1403 1246 1480 1275 Bello
1495 1250 1611 1285 Campo,
1631 1258 1719 1286 nuper
1734 1252 1824 1278 Comes
1837 1252 2009 1288 Warrewici,
2026 1249 2072 1279 seu
2084 1251 2179 1290 aliquis
2192 1252 2275 1291 alius,
2296 1253 2354 1284 Of-

1291 1284 1356 1315 ficia
1372 1285 1405 1316 &
1421 1283 1572 1315 Custodias
1587 1288 1630 1316 illa
1647 1287 1692 1317 seu
1708 1297 1802 1317 earum
1823 1288 1913 1326 aliqua
1928 1296 1993 1319 ante
2014 1287 2079 1319 haec
2100 1298 2228 1328 tempora
2250 1291 2356 1322 habens

1292 1324 1326 1354 &
1341 1332 1418 1354 occu
1434 1363 1439 1368 .
1455 1334 1487 1367 ¹¹⁵.
1497 1346 1507 1362 ,
1525 1324 1626 1354 melius
1643 1326 1676 1356 ὃς
1692 1326 1805 1356 ulterius
1820 1326 1919 1357 habuit
1941 1328 1975 1358 ὅ(
1991 1328 2117 1367 percepit
2138 1329 2168 1358 in
2191 1329 2294 1360 eisdem
2309 1331 2354 1362 seu

1291 1363 1690 1447 eoxgneitiigqnqigiggoeffimqs
1712 1403 1796 1432 eidem
1818 1401 2012 1441 consanguineo
2033 1403 2120 1443 nostro
2145 1405 2290 1436 Edmrdo
2306 1416 2356 1446 ut,

1290 1438 1359 1470 Vita
1373 1439 1420 1470 sua
1433 1439 1567 1477 durante,
1586 1439 1762 1480 Nominare,
1779 1439 1960 1472 Constituere
1969 1466 1980 1481 ,
1991 1443 2025 1474 &
2038 1442 2143 1474 Facere
2156 1445 2247 1481 polset
2262 1456 2353 1477 unum

1290 1477 1482 1509 Scrutatorem
1497 1479 1527 1508 in
1542 1478 1631 1509 Portu
1653 1478 1736 1510 Villae
1753 1479 1919 1518 Bristolliae3
1939 1491 1992 1518 eo,
2010 1481 2086 1519 quod
2104 1483 2228 1519 expreffii
2244 1486 2354 1515 mentio

1290 1515 1326 1546 de
1341 1526 1413 1547 vero
1427 1516 1530 1547 Valore
1546 1517 1652 1547 Annuo
1675 1518 1721 1547 seu
1738 1519 1834 1556 aliquo
1849 1518 1906 1549 alio
1920 1518 2023 1549 Valore
2044 1519 2221 1552 Officiorum
2242 1524 2274 1553 &
2289 1523 2353 1554 Cu-

1292 1554 1447 1586 stodiarum
1462 1555 1664 1593 praediftorum
1681 1556 1713 1586 δε
1735 1567 1905 1587 caeterorum
1929 1557 2158 1599 Praemifforum,
2175 1570 2221 1591 aut
2241 1562 2276 1592 de
2298 1563 2357 1593 aliis

1291 1593 1386 1624 Donis
1400 1594 1434 1625 &
1446 1593 1704 1632 ConceffionibuS,
1725 1605 1772 1634 per
1786 1595 1853 1625 Nos
1866 1596 1937 1625 dido
1955 1596 2098 1627 Edwardo
2111 1598 2155 1627 seu
2169 1600 2253 1630 alicui
2264 1601 2355 1630 Ante-

1293 1632 1438 1663 cess'orurn
1453 1633 1566 1663 suorum
1581 1642 1644 1664 ante
1658 1634 1720 1663 haec
1734 1643 1862 1672 tempora
1875 1634 1954 1664 factis
1990 1636 2019 1664 in
2033 1635 2214 1672 praesentibus
2231 1640 2354 1669 minime

1293 1671 1368 1715 facia
1383 1671 1491 1715 existit,
1511 1681 1557 1702 aut
1571 1672 1665 1715 aliquo
1686 1672 1818 1716 Statum,
1833 1672 1930 1711 Actu,
1950 1657 2155 1712 Ordinatione‚
2174 1676 2230 1706 five
2244 1676 2354 1707 Restri-

1292 1710 1409 1779 (Stilone,
1421 1721 1453 1754 ‚¹¹¹
1469 1720 1642 1779 co&ntrarium
1657 1711 1754 1750 ἠέλιε,
1772 1713 1802 1741 in
1823 1712 1918 1751 afiquo
1941 1722 2000 1742 non
2017 1711 2202 1745 obstantibus.

1344 1759 1361 1778 n
1379 1759 1415 1779 cu
1428 1759 1474 1786 us,
1527 1759 1552 1779 c.

1347 1759 1439 1856 ‘lgestje
1461 1788 1544 1827 Rege
1565 1787 1640 1826 apud
1661 1787 1938 1828 liestmonasterium,
1956 1789 2073 1820 decimo
2096 1800 2196 1828 quarto
2219 1791 2265 1823 die
2287 1791 2357 1822 No-

1290 1834 1357 1856 vem
1380 1835 1424 1856 ris.

1550 1876 1574 1904 P
1577 1884 1606 1904 er
1623 1877 1715 1906 Breve
1725 1867 1763 1905 ‘de
1778 1876 1898 1906 Privato
1915 1875 2025 1915 sigillo,
2039 1875 2079 1912 &
2094 1877 2126 1907 de
2139 1880 2238 1918 Data,
2255 1879 2315 1915 &m

1597 2004 1656 2035 Pro
1681 2003 1794 2038 Comite
1816 2000 1852 2034 de
1874 2000 2016 2036 Kendall.

1290 2083 1418 2145 REX
1434 2087 1587 2126 omnibus,
1605 2087 1639 2118 ad
1656 2097 1746 2126 quos,
1763 2089 1824 2120 &c.
1845 2086 1979 2119 Salutem.
2371 2097 2447 2130 Am,
2464 2098 2508 2130 D>

1386 2127 1486 2158 Sciatis
1499 2126 1581 2165 quod
1598 2126 1667 2157 Nos
2396 2147 2409 2167 1
2433 2139 2471 2167 60
2498 2125 2507 2132 ”

1326 2166 1451 2197 Nedum
1470 2166 1604 2210 gratuita,
1620 2149 1765 2210 laudabilia
1776 2187 1786 2203 ,
1801 2167 1835 2197 ὃς
1850 2164 1940 2210 fidelia
1954 2165 2114 2210 Obsequia,
2371 2148 2432 2204 Aul
2443 2163 2488 2217 39'.

1323 2204 1405 2236 T'am
1418 2206 1520 2243 nobis,
1538 2205 1626 2242 quarn
1640 2204 1786 2235 nobilibus
1799 2203 2033 2243 Progemtoribus
2040 2206 2146 2238 nostris
2158 2207 2354 2247 RegibusAn-
2375 2220 2409 2244 H.
2425 2219 2452 2244 6.

1289 2242 1371 2284 gliae,
1389 2254 1439 2283 per
1456 2242 1607 2274 Dilectum
1621 2244 1654 2275 &
1670 2242 1801 2274 Fidelem
1820 2243 1951 2274 nostrum
1973 2243 2128 2282 Johannem
2141 2246 2173 2276 de
2187 2250 2256 2277 Foix
2270 2251 2357 2279 Comi·-
2375 2259 2463 2283 func,

1291 2283 1390 2351 tens-de
1404 2281 1598 2351 Kendaleh&
1611 2283 1672 2321 ejus
1687 2281 1821 2320 Patrem,
1840 2291 1926 2321 atque
1940 2282 2156 2324 Anteceffores,
2175 2285 2277 2317 Nobis
2283 2289 2358 2319 mul·
2380 2302 2424 2330 39.
2434 2298 2468 2321 H.
2478 2295 2508 2327 6g

1293 2331 1314 2354 tl
1346 2331 1426 2354 :citer
1440 2331 1541 2359 lmpen
1834 2351 1836 2355 ,

1316 2333 1442 2391 PVerum
1456 2362 1541 2391 etiam
1555 2343 1648 2398 giavia
1666 2359 1896 2398 &importabilia
1910 2358 2061 2398 Dampna,
2080 2360 2359 2404 Exhaereditationes‚

1294 2402 1328 2432 &
1351 2399 1526 2440 Deperdita,
1541 2408 1590 2437 per
1609 2398 1699 2438 ipsos,
1717 2399 1760 2428 ob
1775 2398 1958 2435 Ligeantiam
1978 2401 2012 2431 δε
2027 2400 2205 2431 Fidelitatem
2221 2403 2278 2434 suas
2292 2414 2358 2444 erga

1294 2438 1476 2477 Majestatem
1492 2438 1619 2467 nostram
1634 2436 1758 2476 Regiam
1772 2438 1994 2478 conservandas,
2012 2448 2100 2476 nuper
2113 2439 2252 2480 sustenta,

1332 2477 1466 2508 Necnon
1482 2477 1541 2507 dira
1556 2478 1589 2508 &
1617 2476 1802 2506 intolerabilia
1813 2475 2082 2515 Imprilonamenta,
2099 2488 2164 2516 quae
2179 2480 2234 2516 ipse
2249 2479 2362 2518 Johan-

1292 2526 1341 2546 nes
1354 2519 1459 2555 Comes,
1478 2516 1507 2545 in
1522 2514 1661 2545 Manibus
1673 2515 1864 2545 inimicorum
1879 2513 2044 2546 nostrorum
2059 2526 2156 2555 captus
2170 2518 2204 2549 δε
2219 2518 2357 2559 detentus,

1292 2555 1353 2586 fere
1367 2565 1417 2592 per
1431 2555 1549 2593 Septem
1566 2554 1722 2584 Annorum
1736 2554 1856 2592 spatium
1866 2575 1877 2591 ,
1890 2552 2003 2584 sufferre
2015 2555 2134 2585 coaetus
2147 2557 2218 2594 fuit,

1330 2594 1377 2624 Ac
1391 2594 1475 2624 etiam
1491 2592 1611 2632 grandes
1629 2602 1662 2622 ac
1676 2591 1828 2623 exceffivas
1844 2591 1993 2622 Financias
2013 2594 2048 2624 ὃς
2068 2593 2310 2635 Redemptionec,
2328 2599 2357 2629 in

1292 2633 1395 2670 quibus
1411 2642 1460 2670 per
1472 2632 1566 2662 dietos
1579 2631 1718 2662 Inimicos
1733 2630 1838 2669 positus
1853 2630 1912 2668 est,
1927 2632 1961 2662 &
1975 2641 2042 2669 quas
2060 2641 2113 2663 nec
2128 2632 2191 2671 lpse
2209 2635 2290 2673 (cum
2308 2637 2358 2676 fit,

1291 2671 1455 2702 Occasione
1468 2671 1645 2702 Guerrarum
1662 2669 1821 2700 nostrarum
1831 2693 1840 2706 ,
1857 2672 1891 2701 &
1906 2679 1958 2707 pro
1973 2670 2096 2700 Servitio
2113 2673 2227 2711 nostro,
2246 2676 2358 2711 penitus

1293 2711 1327 2778 ᾗ(
1337 2718 1484 2780 {rigaturum
1496 2708 1678 2746 Destruetus)
1694 2718 1749 2739 nec
1765 2707 1848 2749 ipsius
1864 2709 1964 2739 Amici
1978 2708 2121 2740 sufficiunt
2138 2721 2303 2745 contentare
2325 2716 2358 2746 δε

1309 2758 1343 2779 ati
1385 2758 1448 2779 cere

1332 2772 1672 2818 Attente'confiderantes
1679 2797 1690 2824 ς

1328 2825 1378 2857 De
1392 2825 1491 2857 Gratia
1504 2825 1599 2856 nostra
1612 2824 1739 2863 speciali,
1756 2825 1791 2856 &
1807 2833 1838 2855 ut
1851 2823 1921 2855 idem
1937 2828 2027 2855 comcs
2041 2824 2077 2856 de
2093 2827 2236 2865 prsedicstis
2251 2828 2275 2859 F
2276 2830 2355 2859 inan-

1291 2865 1343 2896 ciis
1356 2865 1510 2903 aliqualiter
1531 2865 1684 2901 relevetur,
1703 2865 1737 2895 &
1756 2873 1847 2894 unum
1869 2873 1903 2893 ex
1924 2864 2000 2894 Filiis
2016 2864 2086 2901 suis,
2100 2875 2185 2904 quern
2205 2876 2258 2906 pro
2272 2878 2308 2899 eo
2324 2870 2354 2898 in

1292 2904 1439 2935 dictorum
1458 2903 1651 2934 Inimicorum
1675 2902 1818 2933 potestate
1836 2902 1960 2940 dimisit,
1978 2903 2357 2942 redimere,Juramentum-

1292 2943 1443 3011 queszssuum
1459 2953 1492 2973 ac
1505 2941 1604 2973 Fidem
1618 2943 1652 2973 ὃς
1668 2940 1908 2978 Promiffionem‚
1925 2950 1956 2971 ea
1969 2940 2004 2971 de
2024 2939 2116 2972 Causa
2136 2947 2210 2974 datas
2224 2967 2234 2984 ,
2248 2944 2355 2977 servare

1357 2990 1380 3012 it

1295 2991 1377 3050 poEx
1387 3004 1472 3050 ’mero
1487 3020 1521 3051 &
1559 3019 1654 3058 roprio
1670 3027 1750 3049 motu
1766 3017 1881 3054 nostro,
1899 3027 1931 3047 ac
1946 3017 1981 3047 de
2001 3018 2186 3050 Avisamento
2199 3021 2233 3051 δε
2252 3020 2353 3051 Assen-

1294 3057 1324 3088 su
1340 3057 1467 3089 Concilii
1481 3068 1521 3088 no
1547 3059 1585 3096 ri,
1602 3059 1635 3089 ὃς
1651 3057 1822 3094 plenitudine
1840 3055 1942 3086 nostrae
1961 3055 2060 3096 Regiae
2077 3058 2239 3096 Potestatis,
2257 3069 2288 3089 ac
2303 3060 2356 3089 Vi-

1294 3106 1364 3135 gore
1379 3098 1413 3128 δε
1428 3096 1606 3127 Aueroritate
1625 3095 1825 3132 parliamenti,
1843 3093 2045 3125 Conceffimus
2063 3097 2096 3127 &
2120 3097 2278 3127 Licentiam
2293 3097 2356 3128 De-

1296 3136 1409 3173 dimus,
1426 3145 1460 3165 ac
1475 3144 1523 3172 per
1537 3133 1688 3164 Praesentes
1705 3133 1910 3171 ,Concedimus
1930 3135 1963 3164 δε
1979 3133 2138 3165 Licentiam
2155 3135 2266 3165 Damus
2285 3146 2357 3172 prae-

1295 3174 1355 3204 fato
1370 3172 1498 3212 Johaenm‘
1519 3173 1552 3203 de
1566 3175 1652 3211 Foix,
1666 3173 1747 3212 quod
1769 3171 1830 3210 Ipse
1844 3182 1892 3211 per
1913 3172 1968 3211 Se,
1985 3181 2032 3203 aut
2053 3172 2230 3212 DeputatOS,
2250 3173 2273 3203 F
2274 3175 2355 3205 aito-

1295 3223 1354 3251 reS‚
1372 3213 1429 3243 five
1444 3212 1610 3243 Attornatos
1622 3211 1701 3249 suOS,
1721 3211 1873 3241 Summam
1881 3213 2003 3240 Duorum
2017 3208 2137 3240 Millium
2151 3215 2287 3241 Sacrorum
2295 3216 2356 3243 La-

1296 3262 1339 3282 nae
1353 3250 1500 3289 Bordatae‚
1518 3250 1658 3288 Forsanae,
1674 3251 1707 3282 δε
1722 3249 1887 3288 Claccatae,
1905 3257 1951 3280 aut
1972 3259 2032 3279 non
2055 3249 2199 3287 Bordatae,
2218 3250 2355 3292 Forlatae,

1296 3291 1353 3322 five
1375 3289 1538 3327 Claccatae,
1562 3290 1621 3320 tarn
1643 3289 1679 3319 de
1701 3289 1782 3320 Lana
1795 3288 1840 3319 sua
1855 3289 1982 3327 propria,
2002 3288 2088 3326 quam
2103 3289 2224 3318 aliorum
2239 3289 2353 3329 indige-

1294 3339 1397 3360 narum
1412 3328 1469 3358 five
1485 3328 1717 3367 Alienigenarum
1730 3336 1999 3367 quorumcumque,
2016 3328 2046 3356 in
2053 3325 2275 3369 quibuscumque
2283 3328 2355 3359 Por-

1294 3368 1379 3399 tubus
1393 3367 1490 3405 Regni
1506 3366 1594 3398 nostri
1610 3366 1724 3405 Angliae
1738 3367 1790 3397 fibi
1803 3366 1954 3406 placuerit,
1967 3366 1998 3394 in
2012 3363 2224 3408 quibuscunque
2238 3365 2355 3407 Galeis,

1298 3406 1442 3445 Canace,
1465 3405 1614 3444 Navibus,
1631 3406 1664 3437 δε
1686 3405 1744 3436 aliis
1765 3404 1858 3443 Vafis,
1876 3414 1930 3434 una
1945 3405 2009 3434 vice
2023 3402 2067 3446 vel
2089 3402 2202 3434 diversis
2224 3406 2355 3447 vicibus,

1297 3445 1420 3477 Carcare
1434 3445 1467 3476 &
1482 3444 1636 3483 Eskippare
1670 3443 1716 3475 seu
1731 3443 1846 3474 Carcari
1867 3444 1900 3474 &
1921 3441 2066 3484 Eskipparr
2081 3440 2189 3480 facere,
2207 3452 2240 3473 ac
2263 3446 2356 3476 versus

1297 3485 1332 3517 &
1346 3484 1431 3524 usque
1445 3484 1626 3521 quascunque
1641 3467 1737 3514 Partes
1751 3483 1800 3513 fibi
1815 3481 1962 3522 placuerit,
1980 3479 2069 3523 libere
2084 3481 2118 3511 &
2132 3481 2233 3521 absque
2255 3481 2352 3521 Impe-

1299 3524 1429 3555 dimento
1442 3522 1538 3559 aliquo
1561 3521 1683 3559 Nostri,
1702 3529 1748 3551 aut
1770 3519 1947 3561 Haeredum,
1970 3516 2204 3556 Offic1ano1·um‚
2223 3520 2268 3551 seu
2293 3522 2355 3553 Mi-

1298 3562 1450 3594 nistrorum
1465 3560 1647 3598 nostrorum,
1666 3559 1807 3596 &absque
1821 3557 1955 3594 aliquibus
1970 3554 2131 3596 Custumis,
2149 3559 2298 3597 SubtidiiS,
2316 3562 2355 3591 ἒς

1296 3601 1355 3633 aliis
1369 3599 1499 3630 Deveriis
1514 3598 1614 3628 Nobis
1629 3598 1697 3629 inde
1711 3596 1860 3634 aliqualiter
1875 3593 2030 3635 solvendis,
2044 3604 2092 3626 aut
2107 3606 2159 3634 pro
2173 3597 2269 3628 Nobis
2277 3609 2349 3635 quo-

1298 3638 1427 3670 vismodo
1448 3637 1574 3676 petendis
1592 3637 1639 3666 seu
1658 3634 1826 3672 clamandis,
1841 3633 1876 3663 δε
1897 3633 2000 3676 abique
2019 3633 2114 3673 aliquo
2133 3635 2286 3674 Compoto
2308 3636 2352 3669 stu

1299 3677 1468 3709 Ratiocinio
1482 3674 1583 3704 Nobis
1605 3674 1650 3703 seu
1670 3672 1841 3703 Haeredibus
1863 3671 1965 3713 nostris
1987 3675 2087 3710 quovis
2106 3674 2195 3703 modo
2218 3674 2356 3705 Redden-

1297 3716 1355 3754 do,
1369 3713 1552 3750 Traducere,
1571 3711 1708 3778 Carcaries,
1727 3711 1760 3741 δε
1782 3709 2002 3748 Trammittere,
2020 3721 2054 3742 ac
2075 3712 2220 3750 Traduci,
2238 3712 2355 3744 Carcari

1298 3756 1332 3786 &
1347 3752 1514 3783 Transmitti
1528 3751 1618 3780 facere
1632 3759 1671 3787 po
1695 3758 1716 3778 rt
1733 3758 1782 3786 per
1797 3747 1842 3778 IN
1854 3757 1875 3778 n
1886 3758 1903 3778 r:
1915 3757 1937 3779 N
1949 3757 1972 3779 T
1981 3757 2002 3780 υ
2014 3758 2038 3780 R
2049 3761 2068 3780 a
2079 3759 2090 3780 s
2100 3773 2110 3788 ,

2379 2342 2415 2361 m.
2435 2333 2462 2360 8.

1335 3792 1405 3823 Inde
1421 3793 1491 3821 inter
1506 3788 1654 3828 praefamm
1669 3785 1828 3824 Johannem
1841 3790 1986 3824 Comitem,
2004 3788 2215 3825 autDeputatos
2225 3810 2234 3826 ,
2252 3787 2356 3820 Facto-

1299 3836 1360 3870 res,
1380 3830 1424 3859 seu
1447 3829 1609 3858 Attornatos
1633 3827 1695 3856 suos
1709 3825 1886 3864 hujusmodi,
1906 3827 1939 3858 ὅς
1965 3825 2162 3857 Custumarios
2182 3826 2237 3855 five
2257 3826 2355 3859 Cone-

1299 3870 1392 3900 &ores
1406 3866 1611 3897 Custumarum
1625 3865 1658 3894 &
1672 3863 1870 3894 Subfidiorum
1887 3864 2050 3899 nostrorum
2059 3887 2068 3902 ,
2088 3865 2115 3894 in
2139 3865 2267 3902 quolibet
2281 3866 2355 3897 Por-

1298 3917 1329 3939 tu
1344 3908 1394 3938 ubi
1408 3903 1567 3935 hu'usmodi
1583 3903 1692 3933 Lanam
1707 3903 1752 3932 vel
1767 3902 1889 3942 aliquam
1911 3903 1976 3933 inde
1992 3902 2144 3932 Partellam
2159 3904 2261 3940 vigore
2276 3904 2356 3936 Prae-

1298 3947 1415 3976 sentium
1430 3915 1582 3980 Elskippare
1602 3941 1769 3980 contigerit,
1786 3952 1838 3979 pro
1858 3941 2008 3977 Tempore
2022 3939 2186 3980 existentes,
2201 3942 2237 3972 de
2259 3942 2355 3974 Tem-

1299 3993 1368 4022 pore
1383 3984 1411 4012 in
1426 3979 1685 4019 Tempus,debite
1700 3979 2048 4010 CONFIC1ENDAS:
2139 4011 2142 4014 ,

1338 4020 1480 4052 Volumus
1493 4018 1622 4056 insuper,
1640 4027 1675 4048 ex
1690 4027 1789 4056 motu,
1806 4018 1839 4048 ὃ(
1853 4018 2040 4053 avisamento‚
2059 4015 2078 4034 *²
2093 4023 2126 4047 ac
2134 4016 2241 4056 Vigore
2251 4020 2355 4052 &Au-
2375 4021 2393 4043 Ἰ
2415 4025 2469 4051 xl.v

1301 4060 1429 4091 ctoritate
1449 4056 1608 4096 praedietis,
1630 4066 1678 4097 per
1700 4056 1852 4087 Praesentes
1870 4077 1880 4092 ,
1905 4054 2101 4085 Conceditnus
2117 4054 2240 4096 prefato
2260 4062 2357 4089 comiti
2378 4065 2446 4097 467.

1299 4098 1380 4137 quod
1395 4097 1453 4128 tam
1473 4095 1620 4131 Fit-iores,
1640 4095 1775 4133 Deputati
1778 4095 1845 4163 1³⁸1&
1871 4094 2014 4124 Attornati
2036 4091 2075 4124 sui
2090 4094 2217 4132 praedicti
2223 4098 2285 4139 ,spe
2307 4107 2357 4126 eo-

1836 4141 1851 4170 3
2299 4145 2364 4165 rum
