2555 4266
665 207 780 249 ET
863 206 1131 252 ACTA
1214 192 1697 249 PUBLICA.
2223 231 2276 268 47

1254 287 1471 336 Ego-Johannes⁴
1486 290 1632 322 Dominus
1652 293 1688 324 de
1705 294 1813 333 Scrope
1838 297 1919 326 Miles
1942 299 1980 332 ὠ·
2006 298 2152 338 Confrater
2183 302 2277 331 Incliti
2300 305 2372 335 Αηη.
2384 305 2424 336 D.

1219 325 1330 371 Ordinis
1348 330 1488 372 fiunem,
1505 329 1726 370 Excellentrffimi
1748 333 1786 368 ὠ
1814 335 1984 373 Potentiffimi
2009 340 2140 376 Principis
2165 337 2201 373 ὠ·
2218 343 2276 369 Do-
2319 351 2406 382 ¹4''4-

1220 374 1286 407 mim
1305 375 1354 393 met
1369 367 1585 409 ,Mtuendiffimi
1609 371 1721 400 Domini
1742 370 1890 409 Edwardi,
1908 377 1961 403 Dei
1979 377 2090 413 gratid,
2109 377 2197 407 Reuis
2215 377 2275 407 An-
2299 366 2369 411 Emis
2378 394 2406 418 4.

1219 401 1284 440 gliae
1301 403 1334 433 &
1355 402 1480 445 Franciae
1499 407 1532 436 &
1553 405 1677 438 Domini
1701 408 1852 440 Hiberniae
1875 413 2035 442 Procurator
2048 437 2056 451 ,
2097 425 2125 443 er
2149 404 2275 445 imeras

1221 441 1351 469 Potentes
1364 440 1478 480 ejusdem
1492 445 1603 473 Domini
1618 449 1668 474 mei
1685 446 1953 486 Metuendtfflmi,ad
1966 422 2183 484 contragi’ndum
2192 457 2275 491 Spon-

0 300 54 330 sin.
63 297 103 328 D.
121 299 246 330 formam
263 296 444 334 Treugarum
463 291 605 324 commiffi
621 293 655 324 &
668 294 834 332 perpetrati,
852 295 890 325 ita
904 293 983 332 quod
1000 301 1095 337 neque
1109 289 1179 320 Nos

0 347 80 376 1474.
122 347 214 376 neque
231 336 314 372 aliqui
332 342 366 363 ex
386 332 510 363 Subditis
526 332 625 369 nostris
638 334 790 370 quicquam
806 333 843 363 de
859 332 960 370 Bonis,
978 333 1007 361 in
1022 330 1100 361 dicta
1112 328 1178 359 Na-

0 379 41 411 dv.
58 390 79 411 q·
123 377 154 407 vi
173 383 303 412 tempore
316 370 478 409 hujusmodi
495 370 643 409 Naufragii
661 372 758 401 habitis
776 371 820 401 seu
840 371 970 409 repertis,
987 369 1023 399 ad
1040 376 1179 406 quorum·

122 422 249 450 cumque
267 410 457 449 Anglicorum
479 408 583 439 Manus
599 409 762 440 devenerint
775 433 784 446 ,
808 418 853 438 aut
872 407 1110 438 AEstimationem
1129 414 1180 434 eo-

123 452 255 482 rumdem
272 449 432 483 Poenamve
451 448 496 478 seu
514 447 675 478 Emendam
691 472 701 484 ,
718 457 770 485 pro
789 446 930 481 Vulnere,
951 444 1068 481 Morte,
1086 451 1132 472 aut
1150 452 1178 471 a-

0 1334 63 1365 knn.
78 1331 118 1362 D.

7 1380 94 1410 1474·

0 1415 40 1459 3¹¹·
59 1420 100 1446 ¹4·
140 1426 251 1448 *rear
272 1424 524 1448 annexu-rm<
543 1416 641 1455 quod,

7 3871 24 3889 ⁶
41 3872 83 3900 XI

9 3908 74 3938 8²2.

123 491 165 520 liis
185 482 326 519 Molestiis
341 510 351 524 ‚
377 485 480 517 nostris
499 485 623 517 Subditis
642 496 710 516 tunc
729 486 806 515 illatis
819 507 829 522 ,
854 492 946 521 petere
963 505 973 520 ,
990 483 1097 521 exigere
1104 502 1121 523 ,ν
1132 479 1178 523 seu

123 527 267 560 vindicare
286 525 424 564 poffimus
441 534 487 555 aut
506 525 673 561 debeamus,
691 523 736 553 sed
754 523 790 552 ab
803 522 885 552 omni
904 521 1047 557 Astione,
1062 518 1179 561 Penno-

123 576 161 596 ne
173 590 182 603 ,
202 565 278 604 Juris
302 565 335 599 ὃς
355 564 434 600 Faffl
453 563 598 598 Remedio
617 570 800 599 quocumque
817 582 827 598 ,
852 559 936 603 causa
960 558 1006 589 seu
1025 560 1180 602 ¹occalione

123 603 330 642 praemistorum
345 626 355 642 ,
383 603 466 633 simus
482 604 687 639 imperpetuum
704 598 815 629 Exclusi
831 610 841 635 ς
858 597 939 641 dicto
958 597 1032 636 Regi
1050 594 1180 640 Consan-

124 644 229 682 guineo
245 642 344 672 nostro
369 641 456 672 libera
471 639 610 670 Potestate
628 637 766 667 Puniendi
784 636 917 667 Subditos
936 635 998 666 suos
1016 634 1178 672 Culpabiles

124 683 153 712 in
182 680 330 711 Praemissis
344 703 354 717 ,
380 680 473 716 deque
497 678 529 708 &
556 677 634 713 super
658 675 721 712 ipsis
749 673 947 713 Recuperandi
971 674 1048 704 Bona
1063 682 1128 710 quae
1142 672 1183 716 ’de

124 720 224 756 spolio
244 719 384 757 praedicto
401 718 438 748 ad
454 725 552 753 eorum
563 713 667 744 Manus
682 713 871 751 devenerunt,
890 712 1045 751 nostrisque
1061 711 1184 742 Subditis

126 758 247 790 Petendi
263 759 295 789 &
315 756 365 788 Exi
387 755 452 786 endi
470 754 629 784 Wraccum
643 751 776 783 Ass'erum
794 753 851 783 sive
867 751 1044 782 Tabularum
1059 749 1183 788 ejusdem

127 797 222 828 Navis
235 819 245 835 ,
273 805 342 827 cum
389 793 472 828 imbis
488 792 521 822 &
542 792 682 828 Apparatu
701 791 850 829 eidemque
869 790 1105 832 appertinentibus
1120 813 1129 827 ‚
1147 788 1182 818 ad

129 845 253 874 quorum
272 834 377 864 Manus
387 832 577 868 devenerunt,
598 829 908 868 Redemptionibusque
921 829 954 859 &
971 829 1117 866 Fluantiis,
1135 836 1185 866 per

130 875 269 912 Anglicos
291 880 358 902 tunc
377 869 514 904 Extortis,
533 869 561 898 in
581 869 715 898 omnibus
731 869 839 907 semper
857 868 943 899 salvis.

169 914 189 932 *
208 911 242 942 In
268 911 345 946 cujus
371 910 409 938 rei
433 906 648 937 Testimonium
674 908 721 937 has
749 908 868 938 Litteras
892 906 998 936 nostras
1014 905 1065 935 sub
1081 912 1185 943 magno

132 943 233 987 sigillo
255 947 354 977 nostro
371 945 429 976 fieri
446 945 565 976 fecimus
583 944 712 976 Patentes
736 946 809 984 apud
829 944 1015 983 Edenburgh,
1043 943 1188 986 Vicesimo

131 990 232 1027 quinto
248 986 293 1015 die
309 984 416 1015 Mensis
432 984 586 1022 Ostobris,
603 984 691 1014 Anno
707 984 831 1015 Domini
847 983 1002 1014 Millesimo
1013 1006 1022 1021 ,
1042 981 1189 1025 Quadrin-

129 1025 301 1067 gentesimo,
320 1022 534 1064 Septuageslmo
549 1032 650 1061 quarto
659 1046 669 1060 ,
687 1024 720 1056 ὃς
733 1024 827 1063 Regni
841 1023 930 1053 nostri
938 1022 1065 1053 Decimo
1079 1028 1189 1059 quinto.

875 1101 965 1141 Sigillo
979 1099 1084 1140 avulso.

1212 477 1290 522 fiilia
1304 478 1477 522 Nomi-'nesio
1484 489 1534 518 pro
1546 481 1721 549 Illussrtffima
1737 487 1856 515 Domina
1870 489 1988 515 Domina
2008 488 2114 520 Cecilia
2139 492 2206 522 Filia
2220 492 2275 530 Ju-

1220 526 1302 547 more
1317 517 1439 554 ejuldetn
1454 517 1577 549 Domini

1213 554 1282 595 fimo
1298 557 1419 594 Principe
1429 556 1543 594 Jacobo
1560 557 1632 588 Filio
1650 558 1847 595 primogenito
1864 560 1903 596 ό·
1925 562 2048 594 Haerede
2064 568 2217 606 Sereniffimi
2237 567 2277 603 ὀρ

1221 591 1442 632 Excellentiffimi
1464 596 1555 625 Princi
1571 599 1593 624 it
1613 595 1715 633 jacobi
1736 597 1826 635 Regis
1845 599 2018 637 Scotorum,
2037 601 2074 634 ό
2097 607 2197 636 AEtate
2218 607 2279 645 Ju-

1221 633 1293 662 niore
1308 655 1318 670 ,
1332 631 1462 670 legittime>
1484 637 1539 668 con
1562 637 1647 669 iturus
1660 657 1669 672 ,
1688 636 1803 664 Nomine
1822 635 1860 672 όν

1224 673 1301 708 Regis
1314 693 1323 707 ,
1342 673 1447 701 Animo
1463 672 1648 702 Contrahendi
1665 673 1803 712 Sponsalia
1822 697 1831 710 ,
1850 674 1887 707 ὠ
1902 673 2012 711 futuras
2028 679 2147 713 Nuptias
2164 684 2281 712 Promit-

1224 707 1300 744 tendi
1315 731 1325 746 ,
1354 713 1427 739 inter
1451 710 1535 740 dicias
1547 710 1696 779 bJacobum
1717 711 1822 742 Filium
1842 712 1880 746 ό·
1903 713 2041 744 Ceciliam
2064 716 2159 747 Filiam
2182 723 2280 756 Regum

1219 746 1426 785 praediciorum,
1445 748 1546 778 meliori
2244 751 2247 753 ⁵

1225 789 1304 820 mitto
1319 785 1357 820 ό·
1372 790 1418 822 Do
1433 788 1542 825 Fidem,
1557 791 1586 817 in
1602 791 1707 819 Manm
1719 795 1782 823 tuas
1803 789 1977 819 Honorabilis
1996 790 2127 822 Domine
2147 793 2285 826 Procura-

1622 523 1694 559 egis,
1708 525 1810 552 AEtate
1822 523 1907 553 adhoc
1919 521 2054 563 Juniore,
2074 539 2129 558 cum
2146 529 2200 563 Illo
2224 533 2276 561 ris—

1882 641 1909 668 V
1909 641 1945 666 ice
1969 638 2083 678 ejusdem
2099 644 2208 675 Domini
2228 648 2280 675 mei

1563 760 1593 779 us
1607 750 1707 785 modis,
1724 753 1795 787 viis,
1815 748 1961 790 &formis
1980 753 2071 792 quibus
2089 761 2196 794 potero,
2215 761 2283 788 Pro-

1227 833 1272 854 tor
1297 823 1362 855 disti
1382 829 1459 863 Regis
1478 829 1626 866 Scotorum,
1643 827 1753 856 eundem
1777 830 1921 863 Dominum
1936 837 2022 858 meum
2037 832 2132 867 Regem
2155 833 2285 871 Anghae,

1227 864 1340 898 Patrem
1352 863 1467 904 ejusdem
1491 867 1616 898 Domine
1635 863 1771 903 Ceciliae,
1786 869 1950 900 Curuturum
1960 889 1970 904 ,
1985 868 2141 906 Asturum,
2157 869 2196 904 ό
2218 875 2285 900 Fac-

1228 908 1320 937 turum
1334 910 1364 937 ut
1379 906 1438 939 Det
1452 904 1572 939 eandem
1589 904 1688 939 Filiam
1696 903 1778 943 fitam
1793 904 1991 952 dicfioslacobo
2013 907 2193 944 Primogeuito
2210 911 2287 946 Regis

1227 943 1381 979 Scotorum,
1399 942 1502 971 AEtate
1515 939 1723 981 superveniente
1745 941 1894 981 legittima,
1911 946 1945 973 in'
1961 946 2077 974 Uxorem
2092 967 2102 983 ‚
2121 944 2159 980 ῤ’
2181 947 2222 980 od
2240 948 2287 978 hoc

1229 980 1347 1009 Nomine
1362 980 1477 1020 ejusdem
1490 983 1602 1011 Domini
1616 984 1668 1012 mei
1680 983 1756 1018 Regis
1770 983 1871 1013 Patris·⁴
1878 982 1994 1022 ejusdem
2008 981 2084 1013 Filiae
2098 995 2142 1020 ego
2163 987 2191 1013 in
2204 984 2289 1052 futu-

1230 1027 1275 1046 ras
1289 1019 1409 1056 Nuptias
1426 1018 1576 1063 hujusmodi
1592 1020 1732 1059 Consentio
1752 1018 1790 1055 ἔγ
1811 1020 1913 1058 easdem
1936 1023 2084 1059 Promitto,
2102 1021 2202 1061 Sponfiy
2223 1033 2291 1064 aque

1224 1064 1276 1094 pro
1292 1057 1384 1087 eadem
1398 1057 1506 1089 Cecilia
1523 1069 1579 1088 cum
1590 1058 1662 1088 dicto
1672 1058 1787 1096 Jacobo
1802 1058 1869 1088 Filio
1882 1058 1920 1093 ὠ·
1933 1059 2050 1093 Haerede
2063 1063 2140 1098 Regis
2157 1065 2292 1096 Scotorum

1230 1096 1308 1129 Facio
1329 1094 1366 1130 ὠ
1390 1096 1528 1127 Contraho
1548 1099 1665 1127 Nomine
1684 1095 1722 1131 ό·
1743 1099 1771 1124 V
1771 1101 1808 1126 ice
1825 1095 1942 1136 ejusaem
1959 1101 2067 1128 Domini
2082 1103 2133 1129 mei
2146 1102 2223 1137 Regis
2248 1110 2289 1131 me

1231 1133 1413 1172 constituentis
1425 1159 1435 1173 ,
1461 1137 1500 1165 ad
1513 1146 1612 1166 omnem
1626 1135 1710 1174 Jurz‘s
1723 1134 1845 1175 effen-‘lum
1863 1139 1907 1175 qui
1924 1147 1959 1166 ex
1975 1136 2021 1170 hoc
2033 1137 2112 1178 sequi
2121 1143 2226 1176 poterit
2242 1145 2292 1173 aut

1188 1195 1192 1196 γ
1233 1171 1347 1205 debebit.

332 1243 565 1288 Instrumentmn
578 1246 670 1291 ficper
686 1241 874 1290 Sponstzlibus
889 1247 996 1277 Scotiae.

175 1341 211 1372 N
238 1339 320 1371 Det
345 1339 527 1373 Nonum-2
554 1338 689 1371 Antan.

206 1379 260 1410 Per
279 1379 338 1409 hoc
356 1379 473 1416 praesens
491 1378 638 1416 publicum
663 1378 885 1410 instrumentum
911 1376 969 1408 Cu
980 1384 1003 1407 N
1012 1386 1028 1408 c
1038 1384 1079 1406 τι
1090 1384 1102 1406 s
1132 1383 1151 1407 Ρ
1160 1385 1194 1406 Α-

172 1456 260 1486 Anno
284 1466 299 1486 a
325 1455 484 1486 Nativitate
511 1454 635 1485 Domini
668 1454 824 1486 Millesrmo
839 1477 850 1492 ,
875 1452 1196 1498 Quadringentefim03

0 1490 100 1562 {2:4¹⁹
136 1494 350 1532 Septuagesimo
369 1501 490 1531 quarto,
509 1492 566 1523 Die
584 1495 655 1523 vero
676 1493 783 1523 Mensis
803 1493 942 1524 octobris
957 1491 1099 1523 Vicesima
1112 1490 1196 1529 seitta,

135 1533 296 1565 Indictione
313 1531 427 1563 octava
442 1554 452 1569 ‚
475 1530 663 1562 Pontificatfis
680 1530 850 1562 Sanc'hsfimi
876 1532 904 1561 in
922 1530 1038 1562 Christo
1057 1529 1144 1559 Patris
1162 1539 1196 1559 ac

134 1571 261 1603 Domini
287 1569 378 1600 nostri
400 1570 524 1600 Domini
545 1573 620 1601 sixti
646 1570 755 1601 Divina
781 1569 965 1601 Providentia
984 1571 1069 1607 Papae
1087 1569 1195 1610 Qarti

136 1610 226 1640 Anno
263 1617 352 1638 uarro.

169 1647 203 1678 In
229 1618 362 1676 nssstrfim
387 1644 581 1676 Notariorum
607 1645 794 1677 Publicorum
821 1646 854 1678 &
873 1645 1007 1677 Testium
1026 1645 1197 1684 subscripto-

134 1695 200 1717 rum
218 1683 373 1716 Praesentia
392 1684 569 1721 personaliter
585 1684 746 1723 constituti,

172 1722 327 1754 Clariffimi
350 1724 384 1755 &
404 1722 556 1762 Magnifici
575 1722 721 1761 Domini,
741 1723 845 1753 David
855 1722 991 1762 Lindesizy
1009 1726 1098 1752 Comes
1111 1725 1197 1752 Crau-

128 1760 233 1802 furdiae
251 1763 285 1793 ὃς
305 1761 451 1792 Dominus
469 1761 505 1792 de
524 1761 641 1792 Lindesa
677 1761 846 1793 Sereniffimi
860 1762 893 1792 &
911 1761 1098 1792 Potentiffimi
1116 1760 1197 1791 Prin-

136 1803 205 1839 cipis
222 1810 256 1830 ac
276 1800 398 1830 Domini
415 1799 539 1830 Domini
557 1800 630 1839 Jaco
647 1804 672 1839 i,
693 1800 750 1830 Dei
767 1799 853 1839 gratia
890 1803 1024 1829 Scotorum
1048 1802 1124 1837 Regis
1144 1809 1194 1837 per

135 1839 256 1871 Litteras
276 1838 402 1869 Parentes
420 1839 545 1869 Tenoris
563 1839 726 1877 infrascripti
744 1861 754 1877 ,
779 1848 812 1869 ac
840 1823 959 1868 Nobilis
977 1838 1123 1868 Dominus
1139 1837 1198 1906 ἔο-

137 1878 240 1908 hannes
254 1877 286 1907 de
300 1881 392 1915 Scrope
410 1876 494 1908 Miles
507 1879 540 1908 &
555 1876 709 1908 Confrater
722 1878 818 1907 incliti
834 1876 951 1907 Ordinis
970 1877 1092 1908 Gartani
1103 1899 1112 1913 ,
1164 1885 1196 1906 x-

138 1915 328 1948 cellentiffimi
343 1915 480 1953 Principis
498 1915 624 1946 Domini
638 1916 777 1946 Edwardi
792 1915 847 1945 Dei
860 1915 964 1954 gratia,
981 1918 1058 1954 Regis
1073 1915 1198 1953 Anghae,

138 1954 200 1990 &a
219 1964 268 1994 per
284 1954 402 1985 Litteras
418 1953 546 1984 Patent&
559 1954 679 1989 eiusdem
694 1954 799 1993 Regis,
815 1955 938 1984 Tenoris
951 1955 1020 1984 infra
1037 1953 1145 1992 inserti,
1162 1954 1197 1984 ad

140 1994 307 2030 Negotium
325 1993 528 2030 infrascrIptum
544 1993 743 2024 Procuratores
760 1992 911 2030 specialiter
925 1992 1099 2030 Constituti,

175 2031 247 2063 Post
262 2041 390 2062 mutuam
405 2031 634 2070 Exhibitionem,
654 2031 862 2069 inspectionem
873 2032 924 2068 ,&
943 2032 1096 2062 Lecturam
1104 2028 1199 2062 Com-

141 2070 308 2102 miffionum
324 2070 380 2102 five
395 2070 552 2100 Literarum
567 2069 827 2102 Procuratoriarum
841 2069 1057 2109 praedictarum,

180 2108 362 2140 Affetuerunt
381 2110 415 2140 δε
437 2109 567 2139 dixerunt
588 2108 645 2139 suas
660 2109 833 2139 Intentiones
851 2108 964 2140 existere
982 2107 1134 2140 commissa
1148 2108 1200 2139 fibi

143 2147 253 2179 Officia
266 2146 464 2178 Procuratoria
478 2147 635 2185 hujusmodi
650 2149 679 2177 in
696 2147 759 2178 Sese
773 2147 912 2178 affumere
925 2149 1026 2186 exequi
1043 2149 1144 2187 pariter
1165 2149 1199 2180 &

141 2195 294 2218 excercere
309 2208 318 2224 ,
339 2186 536 2225 Sponsaliaque
559 2187 631 2216 inter
651 2186 867 2216 illustrissimum
887 2185 1049 2225 Principem
1063 2186 1201 2225 Jacohum

142 2227 351 2262 Primogeuitom
368 2226 401 2256 ὅ(
416 2225 560 2254 Haeredem
576 2225 643 2254 dicti
663 2228 741 2263 Regis
759 2228 894 2254 Scotorum
906 2249 916 2263 ,
941 2234 975 2255 ex
997 2225 1069 2262 una,
1088 2235 1121 2256 ac
1137 2225 1203 2256 Illu-

143 2263 305 2299 strisfimam
320 2262 515 2299 Principislam
532 2262 692 2294 Dominam
709 2263 835 2293 ceciliam
850 2263 947 2294 Filiam
962 2264 1028 2294 didli
1041 2267 1119 2301 Regis
1135 2267 1202 2294 An-

139 2301 204 2345 gliae
241 2310 277 2331 ex
298 2301 381 2332 altera
405 2301 531 2332 Partibus
545 2324 554 2339 ,
573 2301 648 2333 Vice
660 2303 693 2333 &
713 2301 893 2333 Nominibus
905 2303 1047 2333 diffitorum
1067 2302 1204 2341 Regum,

143 2350 178 2372 ac
196 2325 309 2371 uirtute
331 2340 365 2371 &
391 2340 569 2370 Auctoritate
592 2339 841 2371 Commisfionum
855 2341 888 2371 &
904 2341 1076 2372 Litterarum
1090 2341 1202 2373 Procu-

143 2380 311 2411 rator-iarum
326 2378 508 2416 earumdem,
525 2379 618 2410 facere
632 2380 666 2410 δε
681 2379 849 2410 contrahere
859 2402 869 2415 ,

183 2417 277 2447 Unde
292 2416 383 2447 dietus
401 2416 543 2447 Dominus
562 2418 666 2448 David
682 2422 770 2447 Comes
782 2418 972 2458 Craufurdiae,
990 2418 1096 2455 praefati
1114 2417 1202 2457 Regis

145 2454 302 2486 Scotorum
315 2454 503 2494 Procurator,
521 2457 553 2486 &
570 2455 772 2486 Procuratorio
788 2457 923 2487 Nomine
933 2480 942 2493 ,
957 2458 1070 2495 animo,
1090 2465 1119 2487 ut
1134 2458 1203 2487 affe-

147 2495 220 2531 ruit,
237 2493 378 2532 Sponsalia
394 2494 593 2532 contrahendi,
615 2505 668 2531 pro
683 2495 754 2524 dicto
769 2494 838 2524 Filio
852 2494 890 2530 ὠ·
904 2495 1020 2525 Haerede
1036 2495 1111 2535 ipfius
1126 2499 1204 2534 Regis

146 2532 239 2570 ipsum
262 2531 488 2570 Constituentis,
513 2542 546 2563 ac
567 2533 688 2569 ejusdem
709 2533 795 2572 Regis
823 2533 895 2564 Vice
915 2536 948 2566 ὃ(
964 2534 1116 2573 Nomine,
1133 2544 1204 2564 cum

146 2570 262 2609 preci-'ata
275 2570 373 2601 Cecilia'
380 2570 451 2600 Filia‘
457 2575 535 2608 Regis
545 2571 673 2610 Angliae,
685 2573 713 2601 in
729 2571 850 2610 quadam
858 2571 968 2602 Cedula
984 2572 1110 2611 papirea,
1119 2582 1204 2610 quam

149 2610 261 2641 tenebat
272 2611 300 2639 in
315 2609 426 2647 Manu,
443 2610 530 2647 legit,
546 2610 632 2647 dixit,
649 2612 682 2642 ὅ(
699 2611 817 2647 protulit
832 2611 918 2641 verba
933 2621 996 2647 quae
1010 2611 1180 2649 sequuntur,

188 2647 256 2684 Ego
270 2646 366 2678 David
384 2648 534 2686 Lindesaye
550 2648 660 2679 Comes
675 2648 853 2679 Crausurdiae
871 2651 904 2680 &
923 2648 1071 2680 Dominus
1089 2650 1124 2679 de
1136 2650 1206 2679 Lin-

149 2685 264 2725 desaye,
280 2685 498 2726 Excellentiffl'mi
511 2685 547 2721 ὠ·
566 2686 742 2726 Potentffinzi
758 2689 887 2727 Principis
901 2686 938 2723 ὠ·
954 2691 1066 2718 Domini
1080 2692 1129 2718 mei
1143 2692 1204 2718 Me-

148 2723 308 2764 tuendifflmi
321 2727 432 2754 Domini
452 2725 556 2764 Jacobi
572 2729 627 2756 Dei
636 2725 733 2763 gratid
754 2725 841 2766 Regis
856 2727 1009 2757 Scotorum
1025 2729 1206 2765 Procurator,

144 2770 194 2800 per
207 2765 334 2792 Litteras
349 2764 478 2793 patentes
487 2763 601 2803 ejusdem
615 2767 727 2794 Domini
742 2768 792 2794 mei
805 2764 1013 2804 Metuertdffmi
1021 2789 1030 2804 ,
1038 2766 1078 2794 ad
1089 2771 1207 2795 Contra-

149 2799 266 2830 hendum
281 2800 415 2839 Spofalia,
431 2804 549 2832 Nomine
558 2802 622 2841 sico,
634 2811 684 2841 pro
699 2802 873 2843 Illustriffimo
890 2806 1009 2841 Principe
1028 2807 1146 2834 Domino
1158 2804 1206 2842 Ja-

148 2839 229 2870 cobo
244 2838 317 2869 Filio
334 2838 530 2879 primogenito
545 2840 583 2874 &
598 2841 714 2870 Haerede
728 2842 794 2871 dieii
810 2845 921 2872 Domini
939 2846 990 2872 mei
1005 2845 1096 2881 Regis,
1115 2846 1207 2872 AEta-

148 2884 177 2908 te
190 2876 277 2907 adhuc
287 2876 405 2916 Juniore
419 2899 430 2915 ,
454 2889 511 2907 cum
532 2878 709 2918 Illustrissima
727 2883 846 2911 Domina
860 2884 980 2911 Domina
994 2880 1118 2919 Cecilia,
1136 2881 1208 2911 Filia

149 2915 269 2955 Juniore
282 2914 439 2955 Sereniffimi
450 2915 488 2950 ἐφ’
505 2917 725 2956 Excellentiffimi
745 2920 875 2956 Principis
895 2919 1025 2950 Edwardi
1041 2920 1130 2957 Regis
1146 2920 1207 2950 An-

149 2955 229 2993 gliae,
244 2958 328 2984 etiam
340 2956 443 2984 AEtate
459 2954 578 2993 Juniore
592 2978 601 2993 ,
619 2955 747 2992 legittime
764 2957 937 3023 Cotffitutis,
955 2959 1073 2987 Nomine
1088 2958 1126 2993 &⁶
1140 2961 1168 2988 V
1170 2963 1208 2988 ice

150 2992 266 3032 ejusdem
289 2995 403 3022 Domini
428 2996 479 3022 mei
493 2996 586 3031 Regis,
604 2997 692 3023 animo
705 2997 808 3023 Contra
827 2995 890 3024 endi
907 2995 1046 3035 Sponfhlia
1056 3018 1066 3033 ,
1080 2995 1119 3032 ὠ·
1130 2996 1209 3034 futu-

149 3041 198 3059 ras
211 3033 332 3070 Nuptias
346 3032 526 3061 Promittendi
537 3055 546 3070 ,
562 3036 636 3062 inter
649 3032 733 3061 dictos
745 3033 889 3071 jacobum
900 3033 1002 3063 Filium
1017 3033 1056 3069 ό
1069 3035 1208 3066 Ceciliam

153 3067 253 3100 Filiam
261 3069 451 3109 praedid‘t'orum
467 3073 582 3108 Regum,
600 3070 750 3100 melioribus
768 3071 868 3110 modis,
886 3075 941 3102 viis
953 3095 962 3109 ,
989 3071 1028 3107 ὠ
1038 3071 1134 3111 formis
1167 3078 1209 3103 ui-

151 3106 200 3136 hus
208 3115 303 3145 potero
317 3131 326 3146 ,
347 3112 478 3146 promitto
497 3109 535 3143 (ἔγ
556 3109 588 3138 do
601 3109 691 3139 Fidem
707 3113 736 3139 in
749 3121 844 3140 manus
856 3118 918 3140 tuas
928 3135 936 3147 ,
954 3112 1126 3142 Honorabilis
1175 3122 1208 3143 o-

152 3147 230 3177 mine
243 3145 416 3177 Procurator
427 3147 494 3178 dieti
508 3147 598 3181 Regis
617 3148 730 3187 Angliae
739 3173 748 3186 ,
766 3150 876 3178 eundem
888 3152 1034 3178 Dominum
1046 3162 1132 3180 meum
1148 3150 1208 3181 Re-

151 3191 220 3220 gem
234 3184 359 3223 Scotiae,
377 3187 490 3216 Patrem
503 3186 618 3226 ejusdem
630 3186 733 3225 Jacobi
747 3187 881 3225 Principis
890 3210 900 3225 ,
916 3192 1097 3227 curaturum,
1115 3191 1208 3220 Αθη-

152 3231 213 3255 rum
228 3245 238 3261 ,
263 3222 301 3258 ὠ
323 3225 470 3254 Εαὲῖιινιιηι
490 3232 522 3254 ut
547 3228 604 3254 Det
625 3225 734 3255 eundem
756 3225 859 3256 Filium
883 3227 963 3257 suum
986 3227 1067 3256 dictae
1087 3227 1208 3260 Ceciliae

152 3258 230 3294 Filiae
242 3264 321 3299 Regis
335 3261 449 3299 Angliae
462 3286 472 3299 ,
493 3266 596 3292 AEtate
612 3263 819 3303 ficperveniente
841 3264 991 3303 legittima,
1007 3269 1037 3295 in
1053 3269 1208 3306 Maritum,

151 3295 190 3332 ᾤ’
203 3298 296 3329 adhoc
309 3301 427 3330 Nomine
437 3301 552 3339 ejusdem
568 3305 680 3331 Domini
696 3306 746 3335 mei
762 3306 839 3339 Regis
862 3305 955 3333 Patris
976 3303 1089 3342 eyufilem
1103 3308 1209 3336 Princi-

147 3338 191 3373 pis
201 3347 245 3373 ego
258 3341 287 3367 in
300 3338 410 3375 βᾶσαι·
424 3341 544 3377 Nuptias
558 3339 707 3380 hujusmodi
720 3345 774 3371 Con
788 3344 872 3372 centio
888 3341 926 3376 ὠ
940 3342 1044 3381 easdem
1059 3345 1209 3383 Promitte,

153 3373 340 3416 sponsaliaque
354 3385 405 3416 pro
425 3379 514 3407 eodem
530 3378 644 3416 jacobo
668 3379 737 3409 Filio
812 3381 927 3409 Haerede
942 3383 1054 3411 Domini
1067 3386 1117 3412 mei
1130 3386 1209 3421 Regis

152 3415 287 3442 Scotorum
304 3418 361 3448 cuni
376 3416 451 3445 dieia
468 3415 574 3451 Cecilia
591 3417 663 3447 Filia
677 3421 754 3456 Regis
775 3418 888 3456 Angliae
911 3422 988 3449 Facio
1002 3418 1040 3454 &
1055 3421 1209 3460 Contraho‚

154 3451 271 3479 Noniae
289 3451 410 3497 &allice
430 3454 545 3494 ejusdem
569 3458 681 3485 Domini
703 3460 753 3486 mei
774 3461 850 3494 Regis
865 3481 874 3495 ,
890 3469 930 3487 me
944 3458 1151 3499 Constituentis,
1166 3461 1208 3491 ad

153 3499 253 3518 omnem
267 3488 348 3527 Juris
361 3491 480 3530 effffl‘um
494 3498 540 3533 qui
557 3505 592 3523 ex
604 3495 651 3524 hoc
657 3494 735 3536 sequi
743 3500 845 3534 poterit
856 3504 907 3526 aut
918 3496 981 3526 debe
999 3500 1031 3527 it.

183 3565 254 3609 'Qui
280 3565 395 3602 quidem
420 3567 566 3600 Dominus
585 3571 689 3600 David
706 3576 795 3603 Comes
819 3571 991 3614 Craufiardiae
1015 3575 1049 3605 &
1065 3575 1210 3607 Dominus

154 3602 290 3641 Lindesay
300 3627 308 3639 ,
327 3603 498 3649 Procurator
511 3609 593 3645 ipsius
611 3609 698 3646 Regis
710 3611 864 3642 Scotorum
874 3636 883 3649 ,
900 3616 926 3642 in
944 3613 1122 3644 Proferendo
1136 3616 1211 3645 dicta

154 3641 275 3687 Verba⁸⁷
298 3643 344 3671 Do
364 3643 457 3671 Fidem
476 3647 504 3673 in
522 3657 616 3676 manus
629 3655 692 3680 tuas
708 3650 881 3679 Honorabilis
897 3654 1012 3680 Domine
1026 3654 1189 3683 Procurator
1199 3677 1208 3691 ,

154 3680 277 3720 Accepit
294 3680 439 3717 praefatum
453 3683 597 3712 Dominum
611 3685 643 3714 de
658 3689 749 3724 Scrope
766 3697 815 3724 per
833 3697 949 3717 manum
968 3689 1121 3721 Dexteram
1133 3716 1140 3728 ,
1161 3692 1210 3722 sub

153 3720 212 3750 visu
240 3720 273 3750 ὃς
297 3719 408 3758 aspectu
431 3718 563 3750 nostrum
585 3722 777 3754 Notariorum
798 3726 1002 3762 praedictorum
1021 3730 1054 3760 ὃ(
1076 3729 1210 3761 Testium

154 3758 371 3796 fiibscriptorum
380 3780 390 3795 ,

163 3851 166 3853 >
190 3833 228 3864 Et
253 3833 459 3872 consequenter
479 3833 570 3864 dictus
593 3837 724 3866 Dominus
739 3840 829 3876 Scrope
843 3861 852 3877 ,
870 3839 978 3876 praefati
994 3840 1085 3879 Regis
1101 3843 1212 3875 Anoliae

157 3870 329 3903 Procurator
343 3896 353 3910 ,
377 3874 410 3903 &
432 3872 634 3903 Procuratorio
657 3874 792 3905 Nomine
810 3899 819 3913 ,
844 3877 954 3908 Animo
969 3902 979 3917 ,
1004 3890 1035 3911 ut
1053 3883 1072 3900 ¹¹*
1088 3870 1195 3913 asserint

157 3909 297 3953 {sponsalia
317 3910 536 3949 contrahendi,
556 3921 607 3950 pro
619 3913 693 3942 dieta
707 3913 804 3943 cecilia
821 3915 888 3945 Filia
903 3917 985 3953 ipfius
1000 3918 1088 3958 Regis
1102 3907 1212 3960 Angiiaef

158 3947 247 3985 lpsum
267 3949 472 3980 Constituentis
487 3973 496 3988 ,
521 3959 553 3980 ac
575 3950 696 3987 ejusdem
720 3950 807 3990 Regis
831 3952 903 3984 Vice
922 3956 955 3985 ὅ(
972 3956 1107 3989 Nomine
1142 3970 1210 3989 curn

157 3987 274 4024 praefato
285 3988 404 4056 ¹§Jacolao
424 3989 496 4019 Filio
519 3990 552 4020 δε
576 3988 702 4033 Haerede
725 3989 812 4029 Regis
833 3991 988 4023 Scotorum
1004 4019 1013 4032 ,
1038 3997 1067 4025 in
1091 3982 1211 4034 quadam

159 4023 268 4055 Cedula
312 4037 400 4064 apirea
414 4051 423 4064 ,
447 4037 533 4065 quarn
555 4028 667 4059 tenebat
685 4038 715 4058 in
732 4027 843 4069 Manu,
862 4030 943 4071 legit,
960 4033 1046 4073 dixit,
1064 4036 1096 4067 ὃ(
1111 4037 1213 4073 potulit

157 4064 243 4096 verba
256 4073 322 4102 quae
337 4065 487 4104 sequuntur
495 4089 505 4105 ,

1238 1286 1244 1292 ι
1273 1247 1336 1289 Qi
1353 1248 1468 1287 quidem
1485 1249 1616 1279 Dominus
1629 1249 1660 1279 de
1673 1252 1782 1289 Scrope,
1799 1247 1970 1284 Procurator
1986 1251 2067 1290 ipsius
2079 1253 2156 1290 Regis
2171 1252 2294 1292 Angliae,

1235 1297 1264 1316 in
1291 1287 1466 1318 Proferendo
1490 1288 1564 1318 dicta
1586 1287 1699 1326 Verba,
1715 1290 1760 1318 Do
1780 1289 1872 1319 Fidem
1891 1292 1923 1319 in
1936 1301 2031 1322 manus
2043 1298 2107 1322 tuas
2120 1291 2295 1322 Honorabilis

1236 1327 1351 1356 Domine
1364 1328 1546 1363 Procurator,
1563 1328 1670 1364 accepit
1688 1327 1839 1365 praefatum
1857 1327 2022 1360 Dominum
2043 1331 2147 1360 David
2166 1334 2295 1360 Comitem

1243 1363 1409 1408 Craufurdiae
1427 1374 1476 1403 per
1499 1364 1622 1394 Manum
1645 1365 1818 1403 Dexteram,
1834 1366 1883 1396 sub
1905 1366 1961 1396 visu
1981 1370 2014 1398 δε
2037 1368 2148 1406 aspectu
2163 1369 2295 1399 nostrum

1237 1402 1431 1471 Nffianorum
1463 1403 1652 1434 Publicorum
1682 1403 1885 1442 praedictorum
1915 1405 1948 1436 δε
1973 1406 2107 1437 Testium
2127 1407 2297 1446 subscripto-

1238 1451 1270 1471 ru
1305 1462 1312 1471 .

1273 1516 1403 1548 Tenores
1417 1520 1489 1548 vero
1503 1518 1672 1549 Litterarum
1688 1518 1969 1559 Procuratoriarum‚
1987 1521 2022 1552 de
2047 1523 2148 1560 quibus
2172 1523 2250 1561 supra
2267 1519 2298 1555 fit

1239 1558 1350 1587 mentio
1359 1579 1368 1593 ,
1386 1556 1556 1595 sequuntur,
1570 1558 1604 1587 &
1618 1558 1679 1587 sunt
1692 1558 1757 1588 tales
1769 1582 1777 1595 ‚

1276 1594 1399 1634 Jacobus
1414 1618 1424 1632 ,
1444 1595 1501 1625 Dei
1523 1595 1611 1632 gratia
1628 1619 1637 1634 ,
1655 1598 1715 1629 Rea·
1737 1599 1872 1626 Scotorum
1885 1621 1894 1635 ,
1911 1597 2041 1627 universis
2060 1600 2092 1629 ὃς
2115 1598 2224 1638 singulis
2238 1623 2247 1638 ,
2264 1598 2300 1631 ad

1242 1644 1366 1672 quorum
1381 1635 1494 1664 notitias
1507 1634 1652 1671 praesentes
1672 1635 1784 1664 Litterae
1801 1636 1994 1673 pervenerint,
2010 1635 2142 1666 Salutem.

1280 1672 1375 1710 Qiia,
1394 1674 1466 1704 inter
1480 1672 1549 1703 Nos
1565 1673 1598 1704 &
1617 1672 1834 1704 Illustriffimum
1854 1676 1887 1706 &
1905 1673 2118 1704 Sereniffimum
2136 1676 2301 1713 Principem

1240 1711 1413 1740 Edu-ardum
1439 1710 1552 1749 Angliae
1579 1714 1675 1749 Regem
1698 1711 1828 1742 nostrum
1857 1711 2027 1743 carissimum
2052 1712 2303 1752 Consunguineum

1241 1749 1276 1780 de
1297 1749 1487 1781 Matrimonio
1504 1774 1511 1786 ,
1540 1751 1610 1780 inter
1628 1750 1763 1788 Jacobum
1780 1751 1876 1780 filium
1896 1750 2025 1781 nostrum
2045 1752 2162 1781 unicum
2182 1754 2214 1784 &
2236 1753 2308 1783 Hae-

1241 1788 1352 1825 redern,
1371 1789 1404 1819 &
1423 1787 1609 1819 Clariffirnam
1630 1789 1824 1826 Principissam
1844 1800 1876 1819 ac
1897 1789 2058 1819 Dominam
2078 1791 2238 1821 Dominam
2253 1796 2305 1821 Ce-

1240 1826 1329 1857 ciliam
1351 1826 1420 1857 dicti
1446 1825 1623 1857 Illustrisfimi
1646 1827 1782 1865 Principis
1799 1827 1939 1858 Edwardi
1965 1831 2043 1865 Regis
2060 1828 2213 1867 Juniorem
2238 1839 2305 1861 natu

1242 1865 1340 1896 Filiam
1356 1888 1365 1903 ,
1389 1865 1457 1895 cum
1475 1865 1509 1895 ad
1527 1864 1658 1896 AEtatem
1677 1866 1841 1905 legittimam
1861 1869 2064 1905 pervenerint,
2086 1877 2132 1905 per
2152 1867 2208 1897 Dei
2228 1868 2305 1899 Gra-

1241 1905 1309 1935 tiam
1326 1902 1532 1940 Contrahendo
1546 1927 1556 1942 ,
1581 1904 1690 1934 trastari
1707 1912 1822 1942 ceptum
1842 1905 1873 1935 sit
1889 1928 1898 1943 ,
1919 1905 2101 1943 cupimusque
2119 1905 2196 1937 Rem
2217 1908 2304 1944 ipsam

1241 1942 1274 1972 ad
1294 1951 1422 1980 optatum
1439 1942 1554 1980 perduci
1570 1941 1720 1974 Effectum
1736 1965 1746 1981 ,
1762 1953 1776 1972 a
1796 1943 1900 1981 talique
1917 1943 2014 1980 Opere
2031 1945 2156 1981 incipere
2172 1946 2249 1981 quod
2268 1946 2305 1976 ab

1242 1980 1346 2011 eisdem
1367 1980 1496 2011 Pcrsonis
1539 1979 1649 2012 effectis
1668 1982 1839 2020 majoribus,
1856 1982 1892 2013 de
1908 1982 1981 2013 facili
2000 1982 2090 2020 posset
2110 1983 2142 2014 ὃ(
2163 1984 2307 2015 vereximi·

1242 2020 1304 2050 liter
1321 2019 1421 2051 debeat
1440 2005 1598 2059 ratiti-icari,

1282 2057 1331 2088 De
1351 2058 1421 2088 Fide
1436 2059 1540 2096 igitur,
1560 2058 1730 2097 Legalitate‚
1747 2057 2031 2096 circumspectione,
2048 2060 2083 2091 δε
2098 2058 2238 2091 Industria
2253 2058 2308 2091 Di-

1242 2096 1310 2128 lecti
1324 2096 1413 2127 nostri
1428 2096 1637 2137 Consanguinei
1653 2097 1757 2127 David
1768 2100 1877 2130 Comitis
1890 2097 2061 2137 Craufurdiae
2084 2099 2117 2130 &
2134 2098 2257 2130 Domini
2270 2100 2307 2131 de

1244 2135 1380 2174 Lmdesay
1397 2136 1521 2174 plenarie
1536 2135 1712 2167 confidentes
1722 2159 1731 2174 ‚

1281 2173 1377 2212 Ipsum
1396 2173 1527 2205 nostrum
1548 2173 1781 2204 Commissarium
1795 2196 1806 2212 ,
1830 2173 2048 2205 Procuratorem
2064 2199 2073 2213 ,
2096 2177 2130 2207 ὃς
2152 2176 2186 2206 N
2190 2177 2309 2207 uncium

1245 2213 1412 2251 specialem,
1429 2213 1592 2244 melioribus
1609 2212 1720 2250 modis,
1737 2213 1808 2251 viis,
1826 2212 1926 2247 formis
1950 2214 2049 2252 quibus
2074 2214 2237 2254 possumuS,
2257 2215 2311 2246 Fa-

1247 2253 1353 2290 cimus,
1371 2251 1561 2289 Ordinamus,
1579 2251 1612 2282 &
1629 2250 1837 2281 Constituimus
1854 2262 1903 2288 per
1918 2251 2089 2290 Praesentes,

1284 2289 1391 2320 Dantes
1407 2291 1441 2322 &
1461 2289 1662 2320 Concedentes
1680 2290 1771 2320 eidem
1790 2291 1893 2320 David
1908 2290 2079 2321 Potestatem
2098 2290 2256 2331 generalem
2275 2291 2309 2323 &

1249 2328 1419 2359 Mandatum
1435 2328 1552 2366 speciale
1565 2351 1574 2366 ‚
1600 2338 1654 2366 pro
1666 2328 1774 2359 .Nobis
1792 2328 1826 2358 &
1844 2329 1981 2360 Nomine
2001 2329 2098 2360 nostro
2112 2352 2122 2368 ,
2141 2341 2209 2361 cum
2228 2331 2310 2361 dic'to

1247 2366 1491 2399 Excellentisfimo
1520 2366 1654 2404 Principe
1679 2367 1824 2401 Edwardo
1849 2365 1962 2403 Angliae
1987 2371 2056 2404 Rege
2088 2368 2312 2407 Consanguineo

1247 2406 1347 2436 nostro
1359 2430 1369 2444 ,
1392 2405 1479 2436 suisve
1498 2404 1709 2436 Commissariis
1727 2413 1773 2435 aut
1793 2404 2000 2437 Commiffario
2019 2407 2192 2437 Potestatem
2211 2408 2245 2438 ad
2268 2409 2313 2437 in-

1245 2445 1384 2482 frascripta
1409 2455 1458 2482 per
1482 2444 1600 2475 Litteras
1623 2444 1680 2474 suas
1704 2443 1833 2474 Parentes
1857 2443 2044 2475 sufficientem
2070 2446 2236 2477 habentibus
2264 2447 2310 2477 seu

1246 2484 1384 2521 habente,
1401 2484 1429 2513 in
1449 2482 1552 2513 futuras
1572 2482 1716 2521 Nuptias,
1744 2484 1815 2512 inter
1836 2483 2004 2519 praediorum
2024 2484 2158 2522 Jacobum
2175 2484 2310 2515 nostrum

1247 2523 1350 2553 Filium
1374 2523 1493 2553 unicum
1513 2522 1546 2552 &
1575 2520 1734 2551 Dominam
1758 2519 1883 2550 Ceciliam
1901 2521 1971 2551 dieti
1990 2521 2200 2562 Consangviinei
2222 2522 2312 2553 nostri

1247 2562 1346 2592 Filiam
1363 2560 1546 2598 supradictam
1563 2569 1694 2596 tempore
1713 2560 1850 2589 levittimo
1869 2557 2102 2599 Contrahendas,
2121 2559 2314 2592 Consentien-

1248 2600 1296 2638 di,
1313 2598 1529 2637 hujusmodique
1542 2598 1668 2635 Nuptias
1684 2582 1893 2635 &Sponsam
1911 2600 2091 2636 temporibus
2114 2600 2247 2637 legitimis
2268 2599 2314 2631 su-

1249 2638 1497 2677 pervenientibus,
1516 2635 1659 2667 Contrahi
1675 2637 1706 2666 δε
1726 2635 1800 2666 Fieri
1817 2635 2025 2675 Promittendi,

1250 2676 1403 2746 F‘Ipsaqii‘?
1418 2675 1559 2713 sponsalia
1571 2683 1606 2706 ex
1623 2675 1803 2706 habundante
1816 2675 2059 2713 inpraesentiarum
2069 2674 2266 2707 Contrahendi
2280 2676 2314 2708 <Sc

1276 2725 1367 2745 lrman
1390 2726 1398 2745 1

1287 2754 1389 2784 Fidem
1406 2736 1523 2790 quoque
1539 2752 1572 2783 &
1587 2750 1941 2796 Juramentum'quodque
1954 2774 1964 2790 ,
1989 2752 2100 2784 licitum
2118 2753 2162 2784 seu
2184 2751 2316 2784 Canoni-

1249 2802 1344 2862 cipmp,
1367 2791 1467 2860 ird'hac
1486 2800 1563 2830 parte
1582 2790 1746 2829 requilitum
1759 2813 1769 2827 ,
1794 2801 1824 2820 m
1843 2791 1983 2821 Animam
2001 2791 2129 2822 nostram
2158 2791 2254 2823 Dandi
2279 2792 2315 2823 ὃς

1279 2841 1317 2861 rae
1344 2840 1378 2861 an
1401 2840 1428 2868 1,

1289 2868 1459 2906 Caeteraque
1472 2866 1622 2905 Faciendi,
1640 2866 1834 2904 Excercenffi,
1849 2867 1880 2897 δε
1898 2866 2093 2906 Expediendi,
2112 2877 2176 2906 quae
2191 2869 2218 2898 in
2235 2867 2315 2899 Prae-

1251 2908 1340 2939 missis
1355 2931 1365 2946 ,
1384 2906 1429 2938 vel
1448 2906 1543 2944 aliquo
1562 2905 1781 2936 Praemissorum
1795 2928 1804 2942 ,
1830 2905 1978 2935 necess-aria
1999 2907 2099 2937 fuerint
2121 2907 2165 2937 seu
2187 2916 2316 2944 quomo-

1249 2947 1358 2977 dolibet
1380 2954 1524 2982 oportuna
1539 2967 1549 2982 ,
1571 2945 1606 2975 &
1629 2953 1693 2981 quae
1718 2942 1834 2981 Nosspfi
1862 2943 2018 2974 faceremus
2041 2945 2085 2975 seu
2110 2945 2201 2975 facete
2221 2946 2315 2982 posse-

1250 2994 1315 3016 mus
1331 3008 1351 3052 ,ι
1365 2983 1473 3015 etiamfi
1496 2983 1557 3014 talia
1581 2982 1684 3013 fuerint
1709 2991 1774 3019 quae
1800 2982 1836 3012 de
1853 2981 1880 3012 se
1902 2981 2074 3013 Mandatum
2093 2984 2205 3021 exigant
2226 2984 2316 3023 magis

1250 3023 1267 3053 s
1282 3023 1342 3053 ecia
1353 3033 1384 3053 e·

1261 3033 1490 3092 pProm'ittentes
1507 3082 1516 3097 ,
1539 3057 1616 3089 bona
1634 3057 1702 3087 Fide
1721 3057 1753 3088 &
1772 3058 1801 3087 in
1819 3056 1923 3088 Verbo
1943 3059 2036 3098 Regio
2052 3083 2060 3097 ,
2081 3060 2222 3090 habituro<
2242 3058 2314 3090 Nos

1253 3099 1365 3131 Rarum
1379 3100 1412 3130 &
1438 3097 1565 3129 Gratum
1583 3096 1720 3140 quicquid
1746 3105 1795 3134 per
1821 3096 1934 3128 dictum
1958 3099 2063 3128 David
2077 3102 2203 3127 Comitem
2223 3101 2310 3127 Crau-

1242 3135 1349 3177 fiardiae
1368 3136 1501 3168 nostrum
1516 3134 1769 3172 consanguineum
1784 3159 1794 3172 ,
1820 3133 2061 3167 commissarium
2087 3138 2119 3166 &
2138 3137 2311 3167 Procurato-

1251 3186 1315 3207 rem
1334 3178 1352 3196 2*
1373 3174 1559 3213 praedicam,
1575 3173 1676 3203 nostro
1692 3173 1842 3211 Nomine,
1862 3174 1990 3213 Adrum,
2008 3175 2150 3211 Gestum,
2171 3174 2310 3212 Dicium,
2330 3193 2346 3209 0
2360 3194 2401 3222 XI

1250 3214 1456 3251 Promissum,
1488 3212 1532 3242 seu
1559 3211 1749 3243 Procuratum
1776 3213 1857 3242 fuerit
1885 3214 1913 3242 in
1942 3213 2117 3249 Praemislis,
2145 3214 2190 3243 seu
2216 3213 2310 3252 aliquo

1251 3253 1471 3284 Praemifforum
1488 3273 1498 3289 ,
1523 3249 1574 3281 sub
1593 3250 1728 3288 Ypoteca
1746 3251 1778 3282 ὃ(
1796 3250 1981 3290 obligatione
1998 3253 2132 3282 omnium
2156 3251 2310 3285 Bonorum

1250 3291 1417 3323 nostrorum
1432 3289 1611 3328 praesentium
1628 3289 1661 3320 &
1681 3289 1853 3320 futurorum.

1287 3376 1321 3407 In
1344 3376 1422 3414 cujus
1445 3376 1484 3406 rei
1509 3374 1730 3406 Testimonium
1754 3374 1801 3405 has
1821 3374 1926 3405 Literas
1942 3372 2048 3403 nostras
2065 3374 2116 3405 sub
2135 3374 2249 3414 Magno
2267 3375 2313 3407 Ss-

1250 3416 1319 3456 gillo
1339 3415 1439 3445 nostro
1458 3414 1518 3445 fieri
1535 3415 1657 3444 fecimus
1677 3413 1805 3446 Patentes
1823 3411 1893 3449 apud
1913 3412 2089 3455 Edinburglq,
2109 3414 2240 3446 Decimo
2259 3426 2314 3446 ος-

1250 3464 1318 3486 tavo
1337 3454 1396 3485 Die
1415 3453 1523 3484 Mensis
1540 3452 1698 3490 octobris,
1717 3453 1804 3483 Anno
1823 3451 1947 3494 Domini
1968 3450 2126 3482 Millelirno
2139 3477 2148 3491 ‚
2170 3454 2313 3492 Qadrjn-

1250 3493 1411 3533 gentefimo
1421 3516 1430 3531 ,
1443 3491 1655 3531 Septuagefimo
1669 3500 1784 3530 quarto,
1802 3490 1833 3520 &
1849 3488 1945 3527 Regni
1960 3489 2046 3519 nostri
2056 3490 2185 3523 Decimo
2199 3494 2310 3530 quinto.

1287 3578 1446 3610 Edwardus
1461 3601 1471 3616 ,
1497 3577 1556 3609 Dei
1573 3577 1673 3608 Gratia
1686 3599 1697 3615 ,
1721 3579 1781 3605 Rex
1803 3572 1915 3610 Angliae
1936 3573 1975 3610 ῤ’
1994 3578 2116 3606 Franciae
2130 3602 2138 3614 ,
2156 3577 2194 3613 όν
2213 3581 2311 3608 Domi-

1251 3629 1300 3647 nus
1322 3617 1461 3647 Hibermae
1475 3639 1484 3653 ,
1503 3617 1640 3646 omnibus
1653 3636 1663 3652 ,
1681 3615 1715 3645 ad
1733 3624 1803 3652 quos
1819 3612 1963 3650 praesentes
1985 3613 2089 3645 Literae
2107 3618 2286 3654 pervenerint
2301 3639 2312 3655 ‚

1250 3656 1384 3687 Salutem.

1291 3695 1368 3732 Quia
1386 3716 1395 3730 ,
1419 3694 1490 3721 inter
1515 3691 1584 3721 Nos
1610 3691 1644 3720 δε
1668 3688 1886 3719 Illustrisfimum
1911 3700 1944 3720 ac
1963 3690 2176 3722 Serenissimum
2198 3692 2313 3723 Princi-

1253 3742 1320 3771 pem
1342 3731 1477 3771 Jacobum
1498 3732 1593 3765 Regem
1619 3731 1752 3756 Scotorum
1775 3726 2028 3765 Consanguineum
2055 3730 2183 3760 nostrum
2209 3731 2312 3761 carissi-

1254 3781 1338 3802 mum
1356 3775 1390 3799 de
1410 3768 1605 3801 MatrimonO,
1624 3767 1695 3795 inter
1712 3765 1847 3804 Jacobum
1861 3767 1958 3796 Filium
1976 3770 2032 3806 ejus
2051 3769 2168 3798 unicum
2188 3770 2219 3799 ὃ(
2237 3768 2311 3800 Hae-

1252 3810 1351 3839 redern
1371 3808 1529 3843 Filiamque
1547 3804 1673 3834 nostram
1691 3803 1832 3842 ceciliam,
1852 3804 1950 3836 AEtate
1969 3808 2059 3836 adhuc
2071 3805 2218 3843 juniores,
2239 3817 2309 3839 cum

1251 3847 1285 3877 ad
1306 3845 1437 3877 AEtatem
1456 3845 1613 3882 legitimam
1633 3843 1809 3879 pervenerint
1824 3865 1834 3881 ,
1860 3854 1907 3880 per
1926 3844 1985 3875 Dei
2005 3845 2136 3875 Gratiam
2152 3868 2161 3883 ‚
2182 3843 2309 3876 Contra..

1253 3885 1366 3921 hendo,
1386 3882 1514 3913 Trastari
1533 3889 1650 3918 ceptum
1669 3880 1714 3918 sit,
1731 3881 1931 3919 cupiamusque
1948 3883 2026 3912 Rem
2045 3883 2127 3918 ipsam
2143 3907 2152 3920 ,
2170 3894 2310 3922 quantum

1253 3926 1282 3954 in
1302 3922 1401 3954 Nobis
1419 3920 1476 3956 est,
1492 3918 1524 3948 ad
1539 3926 1666 3956 optatum
1686 3919 1800 3956 perduci
1819 3919 1982 3957 Effectum,
1999 3931 2014 3950 a
2033 3915 2135 3957 talique
2153 3921 2251 3960 Opere
2267 3924 2311 3953 in·-

1253 3963 1349 3999 cipere
1376 3958 1453 3997 quod
1481 3958 1516 3987 ab
1543 3956 1646 3987 eisdem
1671 3956 1821 3994 Personis,
1846 3956 1955 3987 effetus
1974 3959 2150 3997 majoribus,
2177 3962 2213 3992 de
2238 3961 2314 3993 facili

1256 3999 1338 4038 possit
1358 3999 1391 4028 δί
1409 3997 1445 4026 de
1461 3995 1606 4025 verefimili
1626 3995 1726 4026 debeat
1743 3995 1886 4033 ratificari‚

1293 4038 1342 4069 De
1363 4035 1506 4066 Fidelitate
1524 4035 1624 4070 igitur,
1644 4033 1926 4070 circumspectione,
1946 4035 1979 4065 ὅ(
2002 4033 2157 4075 Industria,
2177 4036 2313 4069 Di'esto.

1256 4086 1321 4106 rum
1333 4074 1512 4108 nostrorum,
1530 4071 1664 4110 Radulphi
1677 4075 1788 4102 Domini
1801 4071 1833 4100 de
1851 4071 1983 4111 Grastok,
2001 4074 2035 4104 ὃ(
2047 4073 2189 4112 Johannis
2203 4078 2315 4107 Domni

1256 4114 1288 4145 de
1303 4117 1398 4151 Scrop,
1417 4109 1565 4148 Militum,
1580 4111 1704 4149 plenarie
1719 4109 1906 4147 confidentes,

2270 4149 2320 4189 Ite

2332 3215 2413 3269 823..
