2555 4266
715 228 834 276 'ET
890 235 1145 276 ACTA
1231 234 1707 284 PUBLICA.

0 338 4 344 ›
19 313 106 351 'Am
116 319 156 351 D.
172 317 244 348 datis
259 318 428 355 Principum
442 318 604 350 nostrorum
618 319 821 358 praedinorum
831 345 840 360 ,
865 331 898 352 ac
918 322 1022 352 virtute
1041 320 1232 352 Commiffio·

54 368 65 387 1
73 368 140 397 502.

22 401 90 426 {0:471-
106 408 134 434 7.

19 970 39 990 ²⁸
61 973 128 1000 XII.

17 1010 83 1040 801.

5 3765 23 3781 ὓ
43 3762 111 3791 XII.

6 3802 72 3829 802.

176 367 247 387 num
260 357 368 387 suarum
387 356 487 398 Nobis
501 359 528 387 in
543 368 574 389 ea
590 368 664 395 parte
677 360 802 390 datarum
819 363 853 391 &
866 360 1060 390 concessarum
1085 360 1095 395 (
1110 369 1228 398 quarum

174 396 291 432 quidem
309 393 557 426 Commiilionum
572 397 701 428 Tenores
715 398 831 427 inferius
842 398 1009 435 sequuntur)
1035 397 1232 436 subsequentes

176 433 321 463 Articulos
338 431 552 472 Tractavimus,
570 433 787 473 Convenimus,
803 435 1072 472 Concordavimus,
1088 436 1124 465 &
1149 436 1232 464 Con-

171 471 314 539 cinglmus'
333 481 366 502 ac
388 481 436 510 per
449 471 600 505 Praesentes
615 473 830 512 Convenimus,
850 472 1082 510 Concordamus,
1099 474 1132 504 &
1148 472 1232 503 Con—

168 519 186 541 c
198 520 216 540 u
235 518 319 539 lmus.

210 585 395 626 hiemans,
412 589 485 620 inter
502 590 589 629 Nos,
607 588 843 627 Commiffarios,
862 588 1011 626 Oratores,
1036 588 1071 619 ὃς
1091 588 1231 619 Procura-

173 632 250 656 tores
264 627 438 666 praediEtos,
463 630 634 660 Tractatum
654 652 664 667 ,
689 628 876 658 Conveniam
892 651 900 665 ,
928 625 1146 658 Concordatum
1162 651 1172 666 ,
1197 629 1230 658 &

173 662 354 695 Conclusum
368 666 408 696 est
418 689 427 704 ,
446 668 525 705 quod
539 668 558 698 fi
575 668 718 704 contingat
731 666 837 703 aliquos
850 665 1030 704 Homicidas,
1050 666 1133 698 Fures
1145 689 1154 704 ,
1176 665 1231 695 La-

171 710 285 742 trones,
305 703 496 744 Transfugas,
514 715 561 736 aut
575 706 640 736 alios
655 704 853 734 Malefaeiores
872 705 1072 743 quoscunque,
1095 714 1128 735 ex
1156 704 1230 734 Sub-

172 740 236 771 ditis
252 742 360 773 alterius
375 742 542 780 Principum
557 742 764 780 praediCtorum
778 753 916 773 eorumve
930 742 1084 773 Haeredum
1101 745 1134 775 ὃς
1155 743 1229 773 Suc-

172 780 314 811 celiorum
327 781 547 820 praediistorum,
565 781 598 810 ad
613 780 721 811 alterius
736 781 868 819 Regnum
878 806 886 819 ,
902 782 1004 811 Terras
1020 804 1029 819 ,
1047 781 1093 811 vel
1114 781 1230 811 Locum

167 817 351 850 Obedientiae
366 819 526 857 Aufugere,
551 819 585 849 &
604 819 633 848 in
657 819 754 850 eadem
773 821 810 850 Se
834 819 990 857 Recipere,
1011 820 1055 849 vel
1077 821 1105 849 in
1125 820 1229 850 eisdem

168 856 309 896 Latitare,
327 857 484 889 Gardianus
496 857 568 886 illius
586 856 741 894 Marchiae,
760 868 809 897 pei·
827 868 911 896 quam
932 858 1019 888 iidem
1042 857 1231 896 Homicidae,

168 894 270 934 Fures,
286 896 436 932 Latrones,
450 895 618 934 Transfugae
628 918 638 934 ,
653 906 698 926 aut
714 896 758 926 alii
780 896 977 927 Malefaetores
999 897 1125 934 praedidti
1145 898 1230 927 intra-

166 943 285 972 verunt,
303 933 348 964 vel
360 934 389 962 in
403 942 489 970 quam
504 934 530 964 se
546 933 744 972 Receperunt,
762 935 807 966 vel
823 936 851 964 in
868 945 922 973 qua
938 934 1097 966 Latitfirunt
1121 944 1167 965 aut
1187 935 1227 965 la-

164 973 263 1010 titant,
282 970 375 1010 ejusve
389 973 405 988 *
425 971 641 1003 Locumtenens
654 973 699 1002 vel
715 972 971 1010 LocumtenenteS,
991 972 1167 1011 Deputatum
1183 973 1228 1004 vel

165 1010 342 1048 DeputatOS,
359 1009 438 1047 super
450 1010 508 1041 hoc
524 1021 572 1048 per
590 1011 695 1041 Literas
708 1010 763 1041 suas
779 1013 883 1042 certior
899 1011 998 1048 faetus,
1015 1013 1048 1043 &
1065 1013 1098 1042 ad
1113 1022 1229 1042 eorum-

167 1049 236 1079 dem
250 1048 491 1087 Homicidarum,
511 1049 644 1086 Furium,
664 1050 823 1081 Latronum
834 1073 844 1088 ,
869 1051 1092 1089 Transfugarum
1108 1073 1118 1089 ,
1136 1059 1184 1081 aut
1200 1061 1230 1081 a-

163 1087 270 1117 liorum
298 1086 521 1118 Malefactorurn
535 1087 711 1127 Captionem
732 1089 765 1119 ὃς
785 1089 1029 1119 Deliberationem
1053 1089 1229 1127 Requiiitus,

162 1125 258 1156 statim
273 1126 307 1157 &
323 1125 379 1156 fine
392 1125 542 1165 dilatione,
559 1128 642 1157 omni
657 1127 743 1165 dolo,
767 1128 863 1157 fraude
877 1151 887 1166 ,
911 1128 946 1158 &
963 1127 1128 1165 necligentia
1150 1129 1180 1157 in
1199 1138 1230 1158 ea

164 1164 249 1195 Parte
263 1163 446 1202 cessantibus,
461 1175 581 1195 omnem
597 1164 724 1204 Operam
741 1166 773 1195 &
788 1165 972 1205 Diligentiam
993 1165 1077 1196 faciet
1105 1166 1138 1196 &
1157 1176 1231 1203 prae—

165 1201 249 1233 stabit
262 1212 294 1234 ut
308 1203 470 1240 hujusmodi
493 1203 653 1234 Homicida
668 1227 676 1239 ,
701 1203 802 1242 Fures,
822 1204 975 1242 Latrones,
995 1204 1180 1242 Transfugae‚
1196 1206 1229 1236 &

164 1240 212 1270 alii
228 1240 427 1272 Malefaetores
442 1241 513 1272 infra
533 1241 648 1272 Decem
667 1242 739 1272 Dies
751 1264 761 1280 ‚
786 1243 806 1272 fi
828 1243 898 1272 ultra
918 1242 1047 1272 Centum
1070 1243 1192 1273 Miliaria
1214 1254 1230 1273 a

163 1279 320 1311 Limitibus
334 1280 531 1311 Marchiarum
552 1281 661 1311 illarum
679 1290 728 1317 per
749 1290 816 1317 quas
837 1283 1006 1311 intraverunt
1025 1290 1084 1310 non
1111 1281 1229 1312 distave-

165 1318 238 1356 rint,
260 1319 385 1357 alioquin
399 1320 470 1349 infra
484 1318 596 1356 Viginti
612 1318 701 1356 Dies,
717 1318 826 1350 dietam
845 1318 1091 1349 Certificationem
1112 1321 1146 1350 &
1167 1319 1229 1348 Re-

555 1358 722 1388 immediate
742 1356 902 1395 sequentes,
921 1356 1094 1394 Capiantur,
1119 1359 1153 1389 &
1177 1357 1230 1387 Li-

163 1357 346 1394 quisitionem
360 1359 441 1395 proxi

551 1397 572 1425 ri
587 1404 634 1426 aut
650 1395 708 1425 Alii
723 1396 753 1426 in
767 1395 872 1426 eisdem
886 1395 986 1426 Literis
1007 1397 1155 1426 nominato
1173 1404 1227 1427 tra-

163 1403 288 1426 terarum
302 1396 462 1434 hujusmodi

164 1433 266 1465 dantur
283 1435 316 1465 ὃ(
333 1435 540 1473 deliberentur,

200 1472 239 1503 Et
254 1473 274 1503 fi
292 1473 370 1503 idem
392 1472 568 1512 Gardianus,
591 1473 685 1513 ejusve
707 1473 924 1506 Locumtenens
943 1474 989 1505 vel
1014 1473 1228 1505 Locumtenen-

160 1518 219 1548 tes,
238 1511 395 1549 Deputarus
410 1512 453 1542 vel
470 1511 628 1551 Deputati,
651 1513 705 1550 fic,
733 1523 763 1544 ut
781 1514 976 1552 praemittitur,
1001 1512 1164 1550 Requisitus
1182 1513 1227 1542 vel

162 1549 322 1587 Requisiti,
342 1552 373 1580 in
387 1550 520 1588 praediCta
543 1551 641 1588 Opera
668 1550 823 1589 Diligentia
841 1552 875 1582 &
895 1551 976 1592 Cura
995 1552 1168 1590 praestandis,
1183 1551 1227 1580 vel

161 1588 192 1617 in
208 1589 410 1626 praedictorum
427 1588 665 1628 Homicidarum,
681 1589 815 1627 Furium,
840 1590 1017 1626 Latronum,
1045 1590 1078 1620 &
1104 1590 1225 1620 aliorum

159 1624 382 1658 Malefaeiorum
406 1626 551 1666 Captione
562 1651 571 1665 ,
589 1627 772 1665 Traditione,
791 1629 824 1657 &
840 1626 1072 1666 Deliberatione,
1099 1628 1227 1665 culpabi-

161 1664 194 1694 lis
207 1666 252 1696 vel
266 1667 424 1705 necligens,
440 1676 536 1696 coram
550 1666 717 1702 Principum
731 1665 938 1702 praedic‘torum
963 1665 1171 1697 Commiffiiriis
1190 1667 1224 1698 ad

156 1703 217 1734 hoc
235 1704 404 1735 sufficienter
421 1704 591 1735 auc'torisatis
604 1727 614 1741 ,
639 1704 798 1734 secundiirn
826 1704 916 1743 Leges
937 1705 970 1735 &
1002 1703 1227 1736 consuetudines

156 1740 372 1780 Marchiarum,
393 1744 422 1772 in
437 1744 529 1779 aliqua
545 1741 631 1772 Dieta
649 1742 694 1772 vel
709 1742 736 1771 in
750 1742 891 1780 aliquibus
913 1742 1006 1773 Dietis
1022 1743 1056 1774 ad
1076 1743 1133 1774 hoc
1147 1767 1158 1782 ,
1175 1754 1225 1781 per

156 1779 230 1818 ipsos
240 1780 338 1811 Princi
401 1781 447 1810 vel
464 1780 684 1811 Commiffarios
698 1780 761 1810 suos
776 1781 926 1817 praedidios
943 1803 953 1818 ,
970 1781 1145 1820 assignandis,
1162 1781 1223 1813 Re-

153 1827 250 1855 pertus
264 1820 298 1851 &
366 1819 480 1849 nvi'etus
496 1819 594 1855 fuerit,
611 1818 746 1855 Princeps
758 1818 814 1857 ille,
831 1820 911 1858 cujus
926 1819 1086 1851 Gardianus
1102 1821 1147 1851 vel
1161 1820 1224 1852 Lo-

155 1866 326 1888 cumtenens
336 1867 383 1888 aut
398 1857 661 1894 Locumtenentes,
680 1855 839 1895 Deputatus
853 1867 899 1888 aut
919 1857 1071 1897 Deputati,
1089 1858 1224 1891 Subditus

154 1896 209 1926 ve}
216 1896 325 1927 Subditi
339 1896 461 1926 exriterit
475 1897 521 1925 vei
536 1896 686 1932 extiterint,
706 1895 823 1935 &ipsos
839 1896 877 1926 fic
892 1895 1071 1927 Convietum
1088 1898 1132 1927 vel
1141 1897 1223 1928 Con-

154 1934 252 1965 victos
267 1945 327 1965 non
342 1935 435 1965 solum
452 1933 568 1964 Officiis
582 1933 635 1963 suis
649 1934 784 1971 privabit,
805 1934 848 1964 sed
864 1936 951 1965 etiarn
968 1935 1060 1973 {psum
1077 1936 1110 1967 δε
1128 1936 1223 1975 Ipsos,

155 1980 243 2010 prout
256 1973 351 2004 eidem
365 1973 507 2011 Principi,
525 1972 681 2003 secundum
695 1973 751 2009 eius
772 1971 927 2003 Honorem
946 1974 979 2004 &
1002 1973 1224 2013 Conscientiam,

154 2010 358 2051 dietorumque
373 2011 612 2047 Homicidarum,
629 2010 757 2048 Furium,
776 2010 954 2050 Latronum²
973 2013 1006 2044 &
1019 2012 1141 2043 aliorum
1157 2014 1225 2044 Ma-

155 2049 327 2081 lefatimmm
340 2049 525 2081 Offensarum
537 2049 679 2088 qualitates
692 2050 725 2080 δε
744 2051 925 2088 quantitateS,
942 2051 1062 2088 dignum
1081 2052 1115 2082 δε
1131 2052 1223 2082 visum

153 2088 254 2127 fuerit,
274 2089 377 2120 Puniet
397 2089 430 2119 &
454 2087 648 2126 Cohercebit3
672 2089 706 2119 &
730 2088 932 2118 nichilominus
953 2089 1087 2127 Princeps
1108 2089 1152 2120 ille
1173 2101 1224 2130 pro

152 2127 315 2166 'hujusmodi
334 2127 578 2164 Homicidarum,
597 2126 733 2163 Furium,
752 2125 929 2164 Latronum,
947 2128 980 2158 &
993 2127 1114 2158 aliorum
1133 2128 1224 2161 Male-

152 2166 299 2197 saelorum
314 2165 520 2204 ptaedieitorum
536 2164 679 2202 Captione
692 2166 725 2196 &
736 2164 945 2195 Deliberatione
959 2165 1098 2204 Operam,
1112 2166 1223 2199 Curam

155 2205 190 2235 &
206 2205 393 2275 ffihgefndam
405 2204 558 2236 secundum
567 2205 625 2244 ejus
651 2202 804 2235 Honorem
824 2205 858 2236 ὅ(
878 2202 1092 2237 Conscientiam
1115 2205 1171 2237 fieti
1191 2208 1224 2239 δε

153 2254 213 2281 prae
256 2255 277 2274 ri
304 2253 385 2276 aciet.
815 2281 818 2282 ⁷

196 2282 211 2312 Ι
221 2293 244 2313 T
253 2294 271 2314 E
280 2292 324 2322 M,
344 2283 533 2323 Conventum
547 2285 580 2315 ὅτ
594 2281 776 2315 Conclitsum
789 2284 830 2314 est
848 2284 927 2324 quod
944 2284 1114 2316 Homicidae
1131 2284 1222 2316 modo

154 2322 190 2353 &
204 2322 299 2354 forma
311 2323 486 2363 sequentibus
501 2325 669 2362 puniantur,
686 2323 835 2360 videlicet,
861 2323 879 2353 ii
898 2325 1048 2361 contingat
1069 2324 1104 2354 de
1118 2333 1223 2354 caetero

151 2360 278 2399 aliquem
292 2362 336 2393 vel
350 2362 458 2400 aliquos
470 2362 622 2393 Subditum
637 2362 681 2391 vel
696 2361 832 2392 Subditos
846 2361 914 2392 dieti
930 2364 1008 2399 Regis
1023 2362 1136 2400 Angliae
1151 2363 1221 2401 ejus-

147 2405 192 2429 ve
205 2399 365 2432 Haeredum
380 2401 425 2432 vel
438 2400 640 2431 Succefforum
656 2400 859 2437 praedietorum
873 2422 882 2437 ,
902 2400 936 2430 ali
960 2410 1027 2430 uem
1051 2402 1095 2431 vel
1116 2402 1222 2440 aliquos

152 2437 307 2470 Subditum
320 2440 366 2471 vel
384 2439 520 2471 Subditos
532 2439 604 2470 dieti
616 2441 694 2475 Regis
709 2442 802 2468 Scotiae
815 2439 907 2476 ejusve
955 2438 1077 2469 aeredum
1094 2441 1138 2470 vel
1147 2440 1223 2470 Sub-

152 2476 279 2508 ditotum
295 2478 516 2516 praedictorum,
531 2477 603 2508 infra
625 2476 771 2508 Marchias
793 2476 910 2513 Angliae
930 2477 975 2508 vel
998 2478 1118 2508 Limites
1140 2477 1222 2509 Mar-

152 2516 283 2547 chiarum
296 2517 420 2555 Scotiae,
436 2516 574 2548 violenter
590 2515 929 2553 Interficequardianus
943 2515 1139 2547 Marchiarum
1147 2527 1222 2555 prae-

154 2555 296 2585 diciatum
315 2556 446 2594 Angliae,
461 2556 507 2586 vel
523 2556 582 2592 ejus
595 2554 810 2585 Locutntenens
824 2562 871 2584 aut
889 2554 1145 2591 Locumtenentes,
1159 2555 1223 2586 De-

153 2601 265 2629 putatus
276 2602 324 2624 aut
337 2593 494 2632 Deputati,
512 2603 582 2624 cum
598 2593 680 2623 omni
703 2602 772 2623 cura
796 2593 829 2624 δε
848 2592 1005 2631 diligentia,
1018 2595 1098 2623 omni
1114 2593 1222 2625 Favore

152 2630 329 2670 postposito,
345 2642 379 2663 ac
391 2633 462 2663 dolo
471 2656 481 2671 ,
496 2632 596 2663 fraude
610 2632 643 2661 &
662 2630 768 2661 finistra
783 2631 992 2661 machinatione
1006 2632 1221 2670 quibuscunque

148 2671 184 2699 'in
199 2669 252 2700 hac
269 2670 353 2701 Parte
367 2671 558 2708 cessantibus,
580 2669 787 2708 Prosequentur
805 2669 839 2700 &
861 2669 978 2707 quilibet
997 2679 1098 2700 eorum
1121 2669 1220 2701 Prose-

152 2717 265 2747 quetur,
278 2717 308 2739 ut
327 2709 388 2740 talis
400 2708 571 2740 interfetstor
583 2708 630 2739 seu
641 2707 840 2739 Interfeetores
855 2708 1026 2746 Capiantur:
1046 2709 1112 2746 qui,
1121 2709 1222 2747 siquo-

151 2756 212 2785 quo
225 2747 315 2778 modo
330 2747 416 2786 Capti
430 2746 550 2786 fuerint,
567 2747 707 2778 ducantur
724 2746 760 2778 ad
777 2746 896 2776 Dietam
913 2756 961 2784 per
976 2746 1137 2778 Gardianos
1152 2749 1220 2778 utri-

153 2786 240 2823 usque
252 2785 411 2825 Marchiae,
431 2787 477 2818 vel
491 2796 541 2824 per
567 2795 668 2816 eorum
693 2785 901 2816 Locatenentee
925 2785 970 2815 vel
993 2785 1152 2824 Deputatos
1172 2796 1221 2824 ap-
1258 2792 1277 2819 P

151 2824 380 2860 punituandam:
399 2826 469 2864 ubi,
485 2826 503 2855 fi
523 2834 572 2864 per
595 2824 688 2863 Leges
705 2833 753 2855 aut
777 2822 1002 2854 Consuetudines
1023 2823 1221 2854 Marchiarum

153 2862 292 2900 legittime
306 2864 533 2899 convincantur,
550 2863 596 2892 vei
610 2863 706 2899 aliquis
721 2871 822 2891 eorum
836 2862 1045 2899 convincatur,
1064 2871 1133 2893 tunc
1149 2861 1225 2894 Gar·

152 2901 249 2931 dianus
266 2899 465 2931 Marchiarum
480 2899 591 2938 Angliae
605 2899 698 2937 ejusve
715 2898 931 2929 Locumtenens
946 2900 990 2929 vel
1009 2900 1222 2931 Locumtenen-

152 2946 212 2978 teS,
229 2939 390 2977 Deputatus
405 2938 451 2969 vel
463 2937 615 2975 Deputati,
633 2937 718 2968 talem
739 2936 956 2967 Interfectorem
979 2938 1025 2968 vel
1050 2937 1220 2969 Interfecto-

153 2988 213 3015 res,
229 2987 261 3008 ut
274 2978 352 3015 supra
372 2976 555 3008 Conviemm
576 2975 622 3006 vel
642 2973 806 3006 convictos
818 2998 828 3013 ,
854 2974 1000 3006 Gardiano
1024 2975 1220 3007 Marchiarum

151 3016 262 3047 Scotiae
279 3016 371 3054 ejusve
389 3014 612 3046 Locumtenenti
627 3014 672 3044 vel
691 3013 986 3051 Locumtenentibus,
1006 3013 1156 3052 Deputato
1177 3015 1222 3045 vel

153 3053 305 3091 Deputatis
325 3055 472 3085 Liberabit
484 3054 531 3084 seu
550 3052 674 3082 Liberari
695 3051 800 3089 Faciet,
826 3052 874 3090 qui
897 3051 1054 3084 Gardianus
1076 3051 1222 3084 Marchia-

153 3102 217 3122 rum
231 3092 356 3132 Scotiae,
373 3093 463 3130 ejusve
485 3092 700 3122 Locumtenens
720 3091 765 3121 vel
786 3091 1044 3130 Locumtenentes,
1064 3091 1223 3129 Deputatus

154 3131 200 3161 vel
214 3130 353 3169 Deputati
387 3132 478 3170 ipsum
494 3129 687 3161 Homicidam
698 3129 746 3160 vel
758 3128 941 3168 Homicidas,
951 3129 989 3160 fic
1005 3138 1037 3160 ut
1049 3129 1128 3169 supra
1136 3129 1223 3160 Con-

154 3170 267 3200 vietum
281 3170 328 3200 vel
341 3154 522 3208 donvicios,
541 3170 574 3201 ὅ(
590 3168 640 3198 sibi
656 3166 862 3212 Confignamm
881 3168 928 3200 vel
946 3166 1154 3206 Consignatos,
1168 3178 1222 3207 pro

155 3207 317 3246 hujusmodi
329 3208 499 3239 Homicidio
515 3208 618 3239 ultimo
630 3206 781 3246 Supplicio
793 3206 963 3237 demandare
977 3207 1074 3246 poffit:

193 3246 251 3286 Et,
266 3247 346 3277 simili
361 3247 494 3286 m0d0‚si
511 3247 658 3284 contingat
672 3245 708 3275 de
720 3253 826 3275 caetero
838 3245 873 3275 ali
894 3255 958 3275 uem
972 3246 1017 3275 vel
1028 3246 1135 3283 aliquos
1143 3245 1219 3276 Sub-

152 3286 247 3318 ditum
261 3286 309 3316 vel
323 3285 457 3317 Subditos
470 3285 542 3316 dieti
552 3287 630 3322 Regis
644 3287 748 3321 Scotiae,
765 3284 856 3321 ejusve
900 3283 1027 3315 aeredurn
1040 3285 1086 3315 vel
1100 3284 1219 3314 Succes-

153 3325 250 3357 sorurn
263 3325 464 3362 praediftorum
479 3347 489 3362 ‚
505 3323 629 3361 aliquem
653 3323 700 3353 vel
719 3322 824 3361 aliquos
843 3321 994 3353 Subditum
1016 3323 1062 3352 vel
1085 3321 1219 3352 Subditos

154 3363 225 3394 dieti
239 3366 317 3401 Regis
329 3363 461 3401 Angliae,
485 3362 578 3399 ejusve
600 3360 760 3392 Haeredum
783 3360 828 3391 vel
847 3360 1047 3391 Succefforum
1065 3360 1217 3399 praedisto·

153 3412 234 3440 rum,
252 3403 325 3433 infra
338 3401 481 3433 Marchias
492 3401 598 3431 Scotiae
612 3400 658 3431 vel
671 3399 791 3429 Limites
805 3398 998 3429 Marchiarum
1022 3399 1133 3437 Angliae
1153 3399 1216 3429 vio-

151 3441 242 3471 lenter
253 3441 429 3479 interficere,
447 3439 606 3470 Gardianus
617 3437 817 3476 praedictarum
834 3436 1031 3468 Marchiarum
1051 3437 1168 3475 Scotiae,
1184 3447 1213 3468 e-

150 3478 231 3516 jusve
250 3480 463 3512 Locumtenens
476 3478 522 3508 vel
537 3478 796 3515 Locumtenentes,
822 3475 980 3514 Deputatus
999 3475 1044 3506 vel
1064 3476 1210 3515 Deputati,

151 3525 224 3547 cum
238 3519 321 3548 omni
333 3529 401 3549 cura
425 3519 459 3549 ὃς
481 3516 636 3555 diligentia,
662 3516 742 3545 omni
763 3516 859 3546 favore
873 3513 1044 3552 postposito,
1068 3524 1102 3545 ac
1117 3514 1214 3553 Dolo,

151 3554 261 3585 Fraude
274 3557 319 3587 vel
335 3556 553 3588 Machinatione
565 3555 780 3593 quibuscunque
793 3555 822 3584 in
835 3563 866 3584 ea
879 3553 957 3584 Parte
969 3552 1135 3583 cessantibus
1142 3552 1212 3584 Pro-

151 3593 300 3632 sequentur
314 3597 348 3627 &
372 3595 490 3634 quilibet
511 3603 613 3624 eorum
633 3593 820 3630 Prosequetur
849 3601 880 3622 ut
903 3592 960 3622 talis
979 3591 1145 3622 Interfeetor
1168 3592 1212 3621 vel

150 3631 352 3664 Interfectores
363 3634 522 3671 capiantur:
539 3633 606 3669 qui,
625 3631 645 3661 fi
660 3641 778 3670 quoquo
799 3630 889 3660 modo
912 3629 998 3673 Capti
1019 3630 1138 3667 fuerint,
1159 3630 1211 3660 du-

146 3681 251 3702 cantur
265 3671 300 3701 ad
315 3671 432 3701 Dietam
445 3680 495 3708 per
509 3669 670 3700 Gardianos
682 3670 822 3706 utriusque
833 3667 1039 3711 Marchiaehvel-
1048 3679 1097 3706 per
1111 3677 1210 3698 eorum

151 3710 402 3741 Locumtenentes
421 3710 468 3739 vel
482 3708 643 3744 Deputatos
657 3706 918 3744 appunetuandam:
938 3706 1002 3749 ubi,
1022 3709 1041 3736 ii
1054 3717 1102 3744 per
1125 3707 1213 3746 Leges

153 3750 187 3780 ὃ(
201 3747 427 3779 Consuetudines
440 3746 638 3776 Marchiarum
659 3745 802 3781 legittime
823 3744 841 3762 ³*
863 3742 1086 3775 Convmcantur
1100 3746 1145 3775 vel
1163 3755 1212 3774 eo-

150 3796 217 3818 rum
232 3787 329 3825 aliquis
343 3785 543 3817 Convincamr
560 3806 570 3822 ,
594 3792 664 3814 tunc
686 3782 842 3813 Gardianus
866 3780 1063 3813 Marchiarum
1083 3783 1210 3820 Sc0tiae,

150 3826 242 3862 ejusve
260 3826 475 3856 Locumtenens
487 3822 532 3853 vel
545 3822 806 3859 Locumtenentes,
824 3820 982 3856 Deputatus
998 3821 1041 3850 vel
1064 3821 1210 3859 Deputati,

153 3862 239 3893 talem
253 3863 470 3895 Interfe&0rem
484 3860 530 3891 seu
543 3859 760 3896 Interfeetores,
775 3859 814 3889 sic
827 3868 858 3890 ut
870 3859 948 3895 supra
968 3856 1147 3890 convicium
1164 3859 1209 3889 vel

155 3900 334 3941 ConviCtos,
356 3901 502 3932 Gardiano
525 3897 722 3929 Marchiarum
741 3898 852 3936 Angliae
873 3896 966 3933 ejusve
989 3896 1208 3928 Locumtenenti

153 3939 201 3971 vel
219 3939 511 3975 Locumtenentibus‚
528 3936 678 3974 Deputato
691 3935 736 3967 vel
749 3935 894 3974 Depuratis
909 3933 1052 3965 Liberabit
1063 3936 1108 3966 seu
1124 3936 1210 3966 Libe-

154 3979 206 4008 rari
223 3978 323 4017 faciet3
340 3980 390 4017 qui
402 3976 564 4008 Gardianus
578 3973 775 4004 Marchiarum
791 3974 919 4012 Angliae,
934 3972 1031 4015 ejusve
1050 3974 1207 4005 Locumte-

155 4025 224 4047 nens
237 4016 283 4046 vel
298 4016 555 4052 Locumtenentes,
573 4012 733 4052 Deputatus
744 4012 788 4043 vel
805 4011 952 4050 Deputati,
968 4011 1056 4044 ipsum
1070 4012 1208 4042 Homici-

153 4056 219 4086 dam
232 4054 277 4085 vel
291 4053 483 4092 Homicidas,
498 4053 537 4084 fic
553 4059 585 4083 ut
599 4051 677 4090 supra
691 4050 873 4081 ConviEtum
895 4049 940 4080 vel
964 4047 1126 4081 convictos
1141 4074 1150 4088 ,
1173 4052 1206 4081 δε

152 4095 205 4126 fibi
220 4091 427 4125 Conseruarum
438 4093 485 4123 vel
499 4090 706 4129 contiguam,
722 4098 776 4130 pro
790 4087 945 4128 hujusmodi
958 4086 1128 4121 Homicidio
1143 4089 1206 4121 ulti-

152 4142 204 4164 mo
215 4131 362 4171 Supplicio
375 4129 543 4163 demandare
555 4128 650 4171 poffit2

192 4173 267 4206 Tam.
287 4171 319 4202 V.
341 4171 375 4199 P.
393 4170 445 4206 IV.

2241 262 2314 301 171

1308 320 1381 353 I'r'E
1392 331 1436 361 M,
1454 323 1641 358 Conventum
1656 328 1688 359 &
1704 328 1878 361 Conclusum
1895 330 1953 368 est,
1972 321 2052 369 qued
2067 330 2185 370 Nares,
2203 332 2322 372 Nautae,
2339 332 2470 367 Ann.D‚

1271 357 1469 399 Mercatores,
1495 366 1527 395 &
1549 366 1591 396 alii
1616 366 1726 398 Subditi
1749 369 1887 407 utriusque
1914 370 2080 407 Principum
2103 372 2320 411 praedic‘torum,

1270 406 1427 435 eorumque
1441 400 1594 433 Haeredum
1617 405 1650 435 &
1665 405 1865 437 Succeffornm
1881 408 2106 452 praedietorum„
2116 419 2164 447 per
2178 410 2300 440 Terram
2310 431 2320 447 ,
2334 413 2371 437 He

1273 434 1373 478 Mare,
1392 437 1425 466 &
1438 438 1529 481 Aquas
1542 441 1637 472 dulces
1651 443 1770 482 Euntes,
1789 444 2011 483 Conversantes,
2029 446 2218 486 Navigantes,
2239 449 2323 478 Nau-

1271 473 1397 522 fragffisss
1412 476 1513 519 paffizrr
1527 479 1559 507 &
1575 479 1789 518 permanentes,
1804 483 1978 513 Trac‘tentur
1992 486 2024 514 &
2038 484 2222 523 Recipiantur
2236 495 2321 525 prout

1272 521 1371 541 meiius
1387 512 1515 556 TraCiari
1537 516 1579 560 δε7
1592 516 1694 555 Recipi
1715 521 1920 551 consueverunt
1938 523 1968 552 in
1987 521 2183 560 Temporibus
2205 524 2320 555 aliarum

1270 548 1448 593 {Trengarum
1463 560 1553 588 priuS,
1570 561 1641 582 mter
1655 560 1746 586 Scotiae
1756 558 1794 592 ὠ,
1807 559 1920 595 Angliae
1933 562 2014 596 Reges
2029 561 2061 590 &
2076 571 2175 591 eorum
2198 562 2320 600 Regna,

1269 589 1448 632 mirarum&
1464 590 1678 633 conclusarum,
1693 596 1726 624 ὃς
1740 599 1879 632 praecipue
1896 599 1974 635 quod
1994 598 2175 636 Recipiantur
2194 602 2227 632 &
2241 602 2318 631 Tra-

1269 626 1382 658 &entur
1395 637 1473 671 juitta
1494 637 1568 665 vim,
1589 633 1732 671 sormam,
1751 635 1783 663 ὃς
1803 634 1941 665 effectum
1966 636 2120 667 Transsatus
2142 639 2320 677 Treugarum

1269 665 1395 696 conclusi
1411 675 1481 696 inter
1495 665 1694 697 Illustriffimos
1707 668 1838 705 Jacobum
1857 676 1977 702 'Tertium
1998 675 2131 713 quondam
2151 680 2245 706 Scotiae
2264 680 2318 706 Re-

1265 714 1342 740 gem,
1359 705 1392 734 &
1412 705 1585 734 Edwardum
1608 705 1749 744 Quartum
1767 717 1846 744 nuper
1860 711 1970 746 Angliae
1987 715 2081 749 Regem
2114 713 2148 743 de
2166 714 2239 745 Dua
2258 715 2321 745 Psi.

1270 743 1312 771 mi
1326 742 1395 773 Diei
1412 742 1520 773 Mensis
1533 743 1628 781 Junii,
1648 745 1735 774 Anno
1750 744 1871 775 Domini
1884 747 2054 789 Miliesimo,
2073 736 2321 792 Quadringentesi-

1272 790 1339 818 m0,
1358 780 1551 820 Sexagesimo,
1568 791 1676 820 quarto.

1303 818 1350 862 ir
1361 827 1379 848 E
1390 827 1415 848 M
1424 842 1434 862 ,
1454 819 1640 863 Conventum
1655 822 1688 852 &
1706 820 1881 852 Conclusum
1894 822 1934 852 est
1948 826 2040 863 quod,
2059 828 2077 857 si
2092 829 2188 867 aliquis
2201 838 2235 859 ex
2245 829 2318 860 Sub-

1269 855 1333 886 dtus
1354 857 1480 901 Patrium
1503 859 1700 895 praedictarum
1720 861 1871 897 quicquam
1896 860 2079 898 Depraedatus
2106 867 2187 897 fuerit
2205 868 2250 897 seu
2265 870 2318 899 At-

1269 902 1446 934 temptaverit
1458 897 1528 927 infra
1544 896 1686 927 Marchias
1707 907 1753 928 aut
1768 897 1891 929 Terram
1906 900 2015 930 alterius
2037 900 2158 933 Partium
2175 906 2319 942 praedic'ta-

1265 943 1347 971 rum,
1366 936 1400 966 &
1413 933 1475 973 post
1490 934 1743 973 Depraedationem
1756 936 1914 971 huiusmodi
1928 938 1973 968 seu
1980 938 2185 976 Attetnptatum
2201 943 2323 982 Fugien-

1267 971 1307 1002 do
1322 982 1474 1004 revertatur
1489 973 1523 1003 ad
1539 973 1682 1004 Marchias
1705 974 1750 1005 vel
1765 975 1889 1005 Terram
1911 976 1982 1006 illius
1997 976 2084 1007 Partis
2101 979 2177 1014 cuius
2193 981 2233 1010 est
2247 982 2321 1013 Sub-

1267 1009 1357 1048 ditus,
1381 1011 1477 1042 licebit
1498 1012 1551 1049 illi,
1578 1020 1678 1043 contra
1697 1023 1782 1050 quem
1802 1013 2011 1051 Attemptatuin
2031 1015 2131 1054 fuerit,
2149 1018 2178 1046 in
2202 1022 2303 1050 recenti

1266 1049 1311 1079 vel
1326 1049 1397 1080 infra
1410 1049 1463 1081 Sex
1482 1050 1550 1080 Dies
1564 1052 1769 1088 computandos
1789 1061 1804 1080 a
1821 1052 1972 1088 Tempore
1989 1053 2097 1084 Delieti
2115 1054 2153 1085 fic
2169 1045 2322 1094 attemptati

1267 1087 1312 1116 vel
1334 1088 1498 1126 commissi,
1523 1089 1700 1120 Auc'toritate
1724 1089 1864 1127 praesentis
1885 1090 2080 1121 Ordinationis
2101 1093 2134 1122 &
2152 1093 2322 1134 Tractatsis,

1267 1125 1367 1164 absque
1381 1128 1437 1156 aliis
1452 1127 1565 1158 Litteris
1580 1127 1623 1158 vel
1640 1127 1724 1158 Salvo
1737 1128 1913 1166 Conductu,
1932 1130 2010 1159 illum
2028 1129 2246 1162 Malefaeiorem
2254 1143 2322 1172 pro-

1264 1163 1359 1202 sequi,
1377 1165 1511 1203 &ipsum
1529 1166 1566 1197 sic
1579 1165 1775 1204 prosequendo
1792 1168 1892 1198 intrare
1914 1167 1989 1198 salvo
2011 1170 2043 1199 &
2067 1169 2160 1200 secure
2178 1170 2322 1203 Marchias

1267 1204 1301 1233 &
1316 1202 1438 1233 Terram
1460 1205 1488 1233 in
1511 1214 1596 1243 quam
1614 1204 1694 1234 idem
1714 1204 1885 1235 Malefac'tor
1907 1205 1933 1236 se
1955 1207 2121 1242 contulerit,
2140 1208 2322 1250 dummodo,

1265 1242 1413 1279 quamcito
1426 1242 1585 1280 hujusmodi
1601 1242 1743 1273 Marchias
1758 1244 1812 1274 sive
1831 1244 1954 1274 Terram
1972 1245 2025 1274 hac
2044 1244 2079 1274 de
2096 1244 2184 1277 Causa
2201 1249 2322 1279 intrave-

1266 1281 1319 1317 rit,
1338 1279 1415 1310 adeat
1435 1282 1555 1317 aliquem
1577 1280 1679 1312 Virum
1701 1282 1784 1311 bonae
1805 1282 1902 1312 Famae
1924 1283 1957 1312 &
1972 1282 2124 1320 Opinionis
2139 1286 2227 1315 illaesae
2241 1287 2321 1317 habi-

1265 1326 1372 1349 tantem
1389 1318 1459 1349 infra
1478 1319 1638 1351 Marchiam
1654 1330 1738 1357 quam
1762 1320 1800 1350 sic
1814 1322 1916 1358 intrat,
1932 1322 1965 1352 &
1981 1322 2072 1351 eidem
2098 1322 2218 1354 declaret
2242 1325 2321 1356 Cau-

1264 1356 1321 1386 sam
1343 1356 1478 1387 introitus
1501 1358 1562 1396 sui,
1586 1358 1737 1396 videlicet,
1754 1359 1786 1388 ad
1809 1359 2041 1397 Prosequendum
2068 1359 2320 1399 Depnedationem

1261 1393 1352 1432 suam,
1371 1395 1506 1426 describat
1528 1397 1562 1427 δε
1581 1395 1722 1433 specificet
1739 1397 1839 1436 quibus
1861 1397 1946 1428 Bonis
1965 1399 1998 1428 ὅτ
2017 1397 2128 1429 Catallis
2151 1402 2195 1430 vel
2219 1401 2319 1433 Rebus

1263 1432 1449 1470 Depraedatus
1462 1434 1506 1464 seu
1520 1434 1656 1473 Spoliatus
1671 1435 1770 1472 fuerit,
1785 1445 1818 1466 ac
1833 1436 1941 1475 insuper
1955 1438 2074 1474 requiret
2082 1437 2216 1468 Eandem
2226 1441 2320 1479 quod,

1263 1471 1397 1508 quamdiu
1410 1472 1567 1510 hujusmodi
1582 1472 1815 1504 prosecutionem
1835 1474 1912 1504 suam
1936 1474 2050 1512 fecerit,
2068 1474 2165 1506 secum
2186 1487 2248 1515 eat,
2270 1487 2321 1518 ut,

1263 1510 1343 1549 super
1358 1510 1448 1540 Faecis
1462 1511 1512 1540 suis
1526 1520 1654 1550 tempore
1667 1511 1750 1542 dietae
1772 1511 1995 1549 Prosecurionis,
2012 1513 2094 1550 poffic
2111 1515 2181 1544 cum
2205 1517 2321 1554 requiri-

1264 1557 1308 1578 tus
1321 1549 1403 1579 fuerit
1417 1548 1496 1585 supet
1512 1550 1570 1580 hoc
1585 1549 1800 1580 Testimonium
1815 1551 1961 1588 perhibere
1977 1551 2102 1582 Veritati.

1300 1586 1345 1617 ΙΤ
1357 1597 1375 1618 ε
1385 1595 1429 1624 M,
1449 1586 1637 1618 Conventum
1654 1590 1686 1619 &
1698 1587 1876 1619 Conclusum
1890 1589 1950 1627 est,
1967 1590 2046 1628 quod
2060 1600 2159 1621 omnes
2174 1593 2207 1622 &
2221 1594 2320 1633 finguli

1262 1625 1358 1664 Scoti,
1375 1627 1424 1664 qui
1436 1624 1608 1657 devenerunt
1626 1626 1707 1665 Ligei
1719 1629 1796 1663 Regis
1809 1626 1935 1664 Angliae,
1953 1637 2096 1658 teneantur
2111 1630 2144 1659 ad
2158 1629 2318 1663 Observan-

1262 1664 1332 1694 dum
1352 1664 1496 1695 Articulos
1516 1664 1656 1702 praesentis
1677 1665 1830 1695 Tractatus
1855 1665 1931 1694 Pacis
1954 1666 1986 1695 ὃ(
2008 1666 2171 1706 Amicitiae,
2189 1669 2222 1700 &
2239 1671 2320 1708 qu‘od

1261 1702 1437 1742 Attemptata
1454 1713 1505 1741 per
1524 1713 1573 1733 eos
1588 1702 1667 1741 super
1683 1703 1818 1733 Subditos
1839 1706 1916 1741 Regis
1937 1706 2030 1732 Scotiae
2049 1704 2153 1735 debent
2167 1716 2202 1736 eo
2227 1709 2318 1739 modo

1260 1740 1425 1772 Reformari
1442 1751 1500 1779 quo
1514 1740 1760 1771 Reformabuntur
1775 1742 1948 1778 Attemptata.
1963 1752 2011 1779 per
2029 1742 2203 1781 Originarios
2217 1745 2322 1776 Subdi-

1261 1787 1305 1809 tos
1326 1783 1403 1817 Regir
1425 1779 1555 1816 Angla»,
1581 1779 1660 1809 idem
1682 1789 1730 1816 per
1748 1782 1845 1809 omnia
1865 1779 2072 1811 observandum
2088 1791 2122 1811 ex
2143 1780 2222 1813 Parte
2245 1787 2323 1822 Regis

1258 1821 1352 1848 Scotiae
1366 1819 1385 1849 ii
1400 1820 1449 1858 qui
1465 1819 1579 1856 Anglici
1591 1827 1656 1849 ante
1671 1818 1735 1849 haec
1755 1818 1906 1857 Tempora
1922 1818 2007 1856 Ligei
2022 1822 2099 1856 Regir
2120 1823 2256 1851 Scotorum
2271 1826 2321 1854 de-

1261 1866 1408 1888 venerunt.

1296 1895 1369 1926 ΙΤΕ
1380 1905 1406 1926 M
1418 1919 1427 1934 ,
1445 1895 1635 1928 Conventum
1650 1897 1683 1928 δί
1699 1895 1876 1927 Conclusum
1892 1896 1932 1927 est
1949 1896 2046 1934 quod,
2064 1897 2082 1927 si
2106 1898 2200 1936 aliquis
2218 1898 2322 1930 Subdi-

1260 1942 1304 1965 tus
1318 1935 1444 1966 Partium
1460 1936 1672 1974 praedistarum,
1689 1937 1737 1976 qui
1750 1932 1838 1974 passus
1861 1935 1944 1965 fuerit
1962 1935 2104 1974 Rapinam
2127 1937 2170 1966 vel
2187 1937 2320 1974 Spolium

1259 1983 1275 2003 a
1293 1973 1414 2004 Subdito
1427 1973 1536 2005 alterius
1549 1975 1710 2006 earumdem
1721 1998 1729 2012 ,
1749 1973 1860 2012 proprii
1879 1973 2050 2003 Austoritate
2065 1974 2110 2004 sua
2131 1984 2243 2012 propter
2258 1976 2318 2008 hoc

1260 2010 1464 2049 Spoliationem
1474 2037 1483 2051 ,
1499 2012 1585 2043 Prisas
1601 2014 1646 2043 vel
1656 2012 1852 2042 DistriCiiones*
1866 2011 2049 2042 Personarum
2065 2013 2108 2041 vel
2119 2012 2261 2044 Bonorum
2277 2014 2320 2045 fe-

1261 2051 1348 2089 cerit,
1365 2061 1401 2081 eo
1414 2051 1473 2089 ipso
1486 2052 1565 2083 cadat
1579 2061 1594 2081 a
1610 2050 1699 2082 Causa
1713 2051 1772 2088 saa,
1793 2051 1825 2081 &
1843 2050 2042 2081 nichssomiaus
2064 2050 2220 2082 secandum
2236 2052 2320 2084 Deli-

1262 2088 1302 2119 &i
1315 2091 1485 2129 exigentiam
1499 2092 1638 2130 puniatur.

1298 2126 1426 2167 irati,
1444 2127 1632 2160 Conventum
1651 2129 1684 2160 ἃ
1700 2127 1878 2160 Conclusum
1900 2127 1940 2159 est
1959 2128 2056 2167 quod,
2076 2129 2093 2159 fi
2114 2129 2231 2167 aliquid,
2249 2140 2320 2162 cori-

1261 2173 1301 2196 tra
1324 2167 1488 2204 praesentem
1509 2168 1680 2198 Trac‘tatum
1698 2167 1796 2205 Pacis,
1813 2167 2089 2205 Confcederationis,
2108 2169 2140 2198 &
2163 2169 2322 2209 Amiciiiae,

1260 2213 1308 2235 aut
1320 2206 1355 2236 ali
1378 2216 1444 2236 uem
1459 2206 1622 2237 Articulum
1640 2206 1684 2237 seu
1702 2205 1867 2244 Capitulum
1880 2205 2023 2244 ejusdem,
2043 2216 2090 2244 per
2105 2206 2226 2245 Ligeos,
2243 2207 2321 2243 Sub2

1261 2243 1350 2282 ditos,
1399 2244 1520 2282 affillos,
1543 2244 1748 2282 Inhabitantes,
1768 2245 1811 2274 vel
1830 2243 1938 2274 incolas
1955 2244 2103 2281 praedicto>-
2117 2246 2159 2275 vel
2174 2254 2274 2274 eorum
2289 2256 2318 2276 a-

1260 2282 1364 2321 iiquem
1383 2284 1461 2314 unius
1474 2284 1518 2313 vel
1532 2284 1641 2314 alterius
1655 2282 1780 2313 Partium
1794 2282 1991 2322 praedictarum
2001 2305 2010 2320 ‚
2028 2284 2070 2312 vel
2089 2282 2174 2312 alium
2192 2284 2235 2313 vel
2250 2284 2319 2314 alios

1260 2330 1462 2359 quemcunque
1474 2322 1520 2352 vel
1535 2322 1732 2360 quoscunque,
1750 2331 1799 2358 per
1811 2320 1935 2351 Terram
1951 2321 2007 2351 sive
2016 2331 2063 2358 per
2073 2319 2155 2351 Mire
2173 2322 2214 2351 vel
2225 2322 2318 2360 Aquas

1257 2359 1369 2397 dulces,
1385 2359 1442 2390 fieri
1456 2361 1501 2390 vel
1508 2361 1666 2397 attemptari
1674 2361 1840 2398 contingat,
1854 2367 1996 2398 propterea
2011 2369 2069 2389 non
2085 2369 2165 2389 erunt
2181 2370 2234 2390 nec
2249 2370 2318 2391 cen-

1258 2398 1388 2428 sebuntur
1405 2398 1529 2437 Ruptae,
1547 2398 1699 2429 Infirmatae
1715 2398 1760 2429 vel
1777 2397 1932 2428 Adnullatae
1941 2396 2083 2437 praedictae
2094 2397 2168 2436 Pax,
2188 2397 2317 2429 Confoe-

1257 2436 1379 2474 deratiO,
1399 2437 1432 2468 δε
1448 2437 1607 2474 Αῐηίεἰιίεε,
1625 2436 1670 2468 sed
1693 2436 1896 2466 nichilominus
1915 2437 1943 2466 in
1966 2435 2016 2466 suo
2032 2436 2151 2466 Robore
2172 2446 2318 2476 permane-

1257 2475 1346 2512 bunt,
1364 2476 1398 2506 &
1412 2475 1585 2513 Attemptata
1598 2473 1761 2512 hujusmodi
1777 2475 1873 2505 debite
1886 2475 2115 2505 reformabuntur
2125 2498 2134 2514 ,

1294 2513 1331 2543 Et
1348 2513 1367 2543 si
1385 2514 1541 2551 hujusmodi
1556 2514 1800 2551 Reformationes‚
1820 2522 1867 2550 pet
1879 2512 2038 2543 Gardianos
2060 2512 2255 2544 Marchiarum
2271 2523 2319 2545 aut

1255 2561 1357 2582 eorum
1381 2551 1605 2591 Locatenentes,
1634 2551 1698 2590 post
1726 2551 1950 2589 Requisitionem
1973 2551 2028 2581 sive
2046 2550 2318 2591 Interpelzationem,

1256 2600 1306 2627 per
1326 2589 1440 2620 Partem
1457 2591 1611 2621 Gravatam
1627 2592 1660 2621 δε
1673 2590 1876 2629 Qerelantem
1892 2591 1921 2620 in
1937 2599 1968 2619 ea
1987 2589 2085 2626 Parte,
2103 2591 2198 2619 debite
2215 2591 2316 2628 factas,

1254 2628 1419 2659 immediate
1441 2639 1502 2660 non
1526 2630 1611 2667 fiant,
1628 2638 1697 2660 tunc
1725 2629 1878 2665 Princeps,
1898 2629 1976 2664 cujus
1999 2628 2131 2657 Subditos
2153 2628 2315 2658 Gra-»rarum

1255 2676 1302 2697 aut
1317 2667 1564 2705 Dampnificatum
1579 2668 1605 2699 se
1621 2667 1785 2705 praetendit,
1798 2675 1850 2736 ξεν
1879 2666 1983 2696 Literas
2003 2665 2060 2696 suas
2078 2665 2212 2705 Requiret
2239 2666 2319 2695 Prin-

1258 2706 1371 2743 cipem,
1389 2716 1437 2745 per
1451 2707 1531 2745 cujus
1555 2706 1706 2737 Subditum
1731 2714 1778 2735 aut
1820 2704 1934 2735 ubditos
1954 2704 2126 2741 Dampnum
2145 2713 2191 2734 aut
2220 2704 2318 2739 iniuria

1257 2744 1374 2782 irrogata
1389 2745 1583 2782 praetenditur,
1601 2753 1632 2774 ut
1646 2742 1860 2780 Dampnificato
1872 2742 1978 2780 justitia
1991 2742 2162 2772 ministretur
2175 2743 2207 2772 &
2227 2743 2319 2774 Dim-

1279 2792 1315 2812 na
1335 2782 1531 2813 resarciantur:
1558 2784 1592 2813 &
1609 2781 1683 2812 Casu
1706 2789 1765 2818 quo
1790 2780 1926 2819 Princeps
1948 2780 1967 2799 *⁴
1988 2781 2146 2818 requiritus,
2171 2781 2241 2811 infra
2265 2781 2319 2811 Sex

1259 2819 1374 2851 Menses
1387 2820 1546 2860 hujusmodi
1559 2819 1786 2857 Requilitionem
1800 2820 1941 2860 proxime·
1951 2818 1982 2847 &
1996 2818 2159 2860 immediate
2166 2820 2320 2859 sequentes,

1260 2858 1334 2889 Parti
1351 2858 1668 2898 QerelantiJustitiam
1682 2866 1741 2887 non
1759 2856 1957 2887 ministraverit
1973 2856 2017 2885 seu
2031 2855 2177 2898 ministrari
2200 2857 2318 2897 fecerit,

1259 2906 1321 2926 non
1356 2907 1480 2934 ropterea
1493 2896 1644 2935 Princeps,
1663 2896 1741 2932 cujus
1762 2894 1897 2924 Subditus
1923 2892 2152 2931 Dampniiicatus
2168 2896 2317 2933 praetendi-

1257 2941 1319 2971 tur,
1359 2935 1447 2964 ellum
1465 2943 1512 2965 aut
1532 2934 1653 2963 Guerras
1676 2932 1776 2970 quovis
1796 2931 1885 2961 modo
1911 2931 2058 2969 movebit,
2077 2941 2129 2962 nec
2146 2931 2254 2964 Pacem
2270 2934 2315 2965 di·-

1259 2972 1338 3003 rect'e
1352 2980 1398 3002 aut
1411 2972 1546 3002 indirecie
1572 2971 1705 3009 infringet
1727 2978 1775 3000 aut
1795 2969 1926 3006 violabit,
1944 2969 1987 2998 seu
2008 2969 2043 2998 ab
2065 2970 2122 2999 aliis
2138 2971 2251 3009 infringi
2269 2980 2318 3004 aut

1258 3011 1356 3041 violari
1371 3012 1526 3050 permittet:
1545 3008 1609 3048 sed,
1627 3010 1708 3040 dietis
1729 3008 1782 3038 Sex
1804 3006 1951 3037 Mensibus
1972 3007 2012 3036 ela
2036 3006 2084 3045 fis,
2102 3008 2197 3039 licebit
2221 3009 2316 3041 eidem

1259 3048 1388 3087 Principi
1401 3050 1430 3079 iti
1446 3047 1521 3080 Casu
1536 3048 1678 3086 denegatae
1697 3055 1745 3077 aut
1761 3055 1819 3076 non
1841 3045 2002 3075 ministratae
2013 3015 2150 3084 ffustitiae,
2168 3047 2317 3087 postquam

1260 3087 1296 3117 de
1310 3087 1567 3127 denegatajustitia
1584 3087 1683 3116 debite
1707 3085 1755 3114 sibi
1777 3084 1952 3120 constiterit,
1971 3083 2076 3114 Literas
2099 3083 2316 3122 Reprisaliarum

1258 3125 1308 3156 suo
1323 3126 1444 3157 Subdito
1458 3135 1504 3156 aut
1518 3124 1640 3155 Subditis
1653 3124 1689 3154 fic
1703 3122 1917 3159 Dampnificato
1931 3130 1976 3152 aut
1993 3121 2228 3161 Dampnificatis,
2245 3135 2317 3155 con-

1259 3173 1300 3195 tra
1313 3165 1347 3196 ὃς
1361 3165 1441 3203 super
1452 3174 1552 3194 omnes
1562 3164 1594 3194 &
1604 3162 1721 3201 singulos
1735 3160 1869 3191 Subditos
1889 3160 1960 3189 illius
1975 3159 2113 3190 Marchiae
2122 3184 2131 3199 ,
2147 3161 2166 3191 si
2180 3171 2227 3198 per
2239 3162 2315 3193 Ter-

1257 3212 1317 3233 ram
1328 3226 1338 3241 ,
1354 3205 1399 3233 vel
1415 3202 1516 3232 Portus
1529 3203 1562 3233 &
1574 3211 1677 3231 eorum
1693 3199 1798 3230 Crecas
1816 3208 1849 3230 ac
1866 3197 1952 3228 Villas
1973 3199 2006 3230 &
2020 3198 2133 3238 Villagia
2153 3199 2232 3237 super
2253 3200 2316 3232 Lit-

1256 3243 1364 3272 toribus
1377 3241 1499 3279 ipsorum
1516 3240 1658 3270 Portuum
1670 3239 1710 3269 =&
1729 3236 1884 3268 Crecarum
1899 3235 2040 3280 ertistentia
2063 3246 2216 3281 eorumque
2231 3237 2317 3270 Inha.

1258 3281 1375 3311 bitantes
1391 3281 1424 3311 &
1442 3278 1567 3314 incolas,
1584 3278 1602 3307 li
1617 3287 1665 3315 per
1683 3275 1783 3314 Mare,
1802 3277 1849 3305 ubi
1875 3274 1909 3304 &
1923 3284 1952 3304 in
1967 3283 2024 3312 quo
2048 3275 2091 3305 vel
2106 3285 2135 3305 in
2152 3286 2205 3313 qua
2219 3277 2262 3307 vel
2282 3279 2314 3309 in

1255 3319 1356 3356 quibus
1372 3316 1533 3356 hujusmodi
1554 3316 1732 3353 Attemptans
1754 3314 1801 3344 vel
1819 3311 2050 3350 Dampnificans,
2065 3321 2198 3356 *tempore
2219 3313 2313 3346 Dam-

1255 3358 1304 3393 pni
1319 3357 1363 3388 vel
1382 3356 1548 3393 Attemptati
1566 3354 1649 3390 fieti,
1667 3353 1805 3383 habitabat
1820 3351 1863 3382 vel
1879 3359 1991 3380 moram
2004 3359 2099 3388 traxit,
2116 3353 2149 3382 &
2165 3362 2223 3382 non
2238 3362 2312 3384 cou-

1254 3402 1296 3426 tra
1310 3396 1396 3426 alium
1411 3395 1453 3426 vel
1468 3394 1535 3423 alios
1551 3393 1651 3431 quovis
1666 3392 1758 3422 modo
1781 3391 1844 3421 dare
1859 3390 1892 3420 &
1904 3389 2076 3427 concedere,
2095 3398 2148 3420 nec
2166 3399 2311 3429 propterea

1254 3435 1398 3474 praedicta:
1422 3433 1508 3469 Paci,
1527 3431 1689 3468 Amicitiae,
1709 3429 1806 3467 Ligre,
1822 3436 1869 3457 aut
1891 3426 2139 3471 Confoederatiorii
2161 3431 2192 3459 in
2216 3430 2311 3474 aliquo

1253 3473 1393 3505 censeatur
1408 3471 1602 3508 Derogatum,
1620 3469 1666 3500 sed
1681 3469 1777 3498 omnia
1792 3469 1818 3496 in
1832 3465 1972 3507 praedieta
1982 3465 2070 3503 Pace,
2091 3465 2180 3505 Liga,
2198 3467 2310 3499 Ammi-

1251 3513 1309 3548 tii.⁷
1325 3513 1357 3542 δε
1371 3510 1626 3541 Confoederatione
1639 3508 1705 3537 inita
1721 3506 1753 3536 δε
1768 3505 1896 3535 conclusa
1911 3505 1940 3533 in
1955 3506 2006 3533 luo
2024 3503 2159 3546 Robore,
2177 3503 2307 3545 Virtute,

1251 3554 1286 3583 ὅ(
1299 3549 1439 3580 Firmitate
1452 3548 1653 3578 nichilominus
1667 3543 1836 3580 manebunt,
1854 3550 1986 3579 tanquam
2008 3541 2042 3571 &
2055 3545 2074 3572 il
2092 3543 2177 3573 nichil
2190 3545 2218 3573 iri
2236 3553 2308 3575 con-

1251 3591 1365 3621 trarium
1382 3588 1507 3623 Acium,
1526 3586 1663 3620 Factum,
1679 3581 1802 3612 Gestum
1813 3604 1821 3618 ,
1838 3588 1883 3610 aut
1899 3581 2105 3617 Attempratum
2122 3581 2223 3612 fuisset.

1286 3628 1410 3663 ITEM,
1429 3623 1633 3659 Conventum,
1649 3618 1929 3662 Concordatqu&
1951 3616 2128 3649 Conclusam
2149 3620 2206 3657 est,
2226 3619 2307 3657 qued

1250 3665 1387 3696 Haeredes
1410 3664 1441 3693 &
1454 3661 1579 3700 praediffi
1599 3657 1776 3690 Successores
1797 3657 1963 3693 Principum
1977 3657 2175 3693 praediCtorum
2199 3657 2233 3687 &
2257 3667 2307 3688 eo·

1249 3714 1313 3734 rum
1336 3702 1430 3733 sinouli
1452 3698 1615 3735 succeliive,
1635 3697 1706 3726 infra
1726 3695 1779 3725 Sex
1802 3694 1915 3725 Menses
1936 3696 2071 3731 proximo
2094 3696 2306 3726 &immediate

1247 3727 1393 3780 sequentets'
1407 3738 1536 3769 Mortem
1551 3737 1590 3766 sui
1608 3733 1797 3765 Antecessoris
1813 3733 1857 3762 vel
1875 3732 2087 3763 predecessoris
2103 3731 2204 3772 Regis,
2225 3733 2303 3765 Lite-

1247 3791 1288 3810 ras
1303 3781 1376 3818 suas,
1395 3777 1532 3817 praeseniis
1545 3774 1575 3804 Τ
1576 3772 1695 3804 ηιξὶειῦε
1708 3774 1740 3802 &
1757 3772 1886 3801 omnium
1909 3771 1942 3801 &
1964 3771 2136 3806 singulorum
2160 3772 2304 3802 Articulo-

1248 3827 1314 3849 rum
1329 3820 1358 3848 in
1373 3816 1472 3847 eodem
1497 3820 1697 3843 contentorum
1717 3808 1920 3840 Ratificatorias
1939 3809 1972 3840 δε
1993 3807 2241 3848 Οοηῆτιῃειοτίες,
2257 3810 2304 3840 Si-

1247 3857 1314 3887 05110
1335 3857 1384 3886 suo
1398 3854 1537 3888 flammas,
1556 3852 1589 3882 &
1612 3849 1702 3879 Minu
1720 3847 1764 3878 sua
1786 3847 1963 3885 subscriptas,
1983 3847 2058 3876 alteri
2083 3846 2178 3877 Princi
2200 3849 2207 3877 i
2229 3857 2302 3880 tunc

1247 3881 1393 3933 §uperstiti
1407 3879 1439 3923 <Soc
1453 3900 1504 3927 pro
1520 3897 1648 3928 tempore
1662 3885 1789 3918 existenti
1802 3885 1910 3916 Tradet
1923 3886 1955 3915 &
1968 3884 2158 3922 Deliberabit,
2207 3887 2304 3917 radive

1252 3935 1285 3965 &
1303 3932 1458 3963 Deliberari
1472 3929 1562 3959 faciet.

1284 3971 1330 4002 Ιτ
1339 3980 1356 4000 ε
1367 3977 1415 4006 M,
1426 3967 1614 3997 Conventum
1626 3965 1659 3996 &
1671 3963 1886 3994 Concordatum
1901 3961 1942 3991 est
1955 3960 2034 3998 quod
2049 3960 2165 4004 praesens
2181 3961 2303 3994 Trai-tia-

1247 4019 1291 4040 tus
1327 4019 1360 4039 ac
1375 4006 1471 4037 omnia
1483 4006 1516 4036 δε
1531 4004 1634 4040 lingula
1644 4001 1774 4039 Capitula
1790 4003 1817 4031 in
1829 4000 1932 4030 eodem
1944 4008 2092 4042 contenta,
2108 4009 2178 4030 citra
2186 4000 2302 4033 Festum

1248 4032 1412 4078 Naiivitatis
1429 4043 1612 4080 Dominicae,
1626 4041 1705 4080 quod
1719 4038 1876 4069 secundum
1891 4036 2147 4075 computationem
2163 4038 2303 4071 Ecclesia-

1249 4095 1312 4117 rum
1342 4083 1500 4115 Scoticmae
1520 4082 1553 4112 ὃς
1576 4080 1741 4118 Anglicanae
1763 4078 1814 4107 erit
1834 4077 1862 4106 in
1886 4076 1976 4105 Anno
1996 4075 2121 4106 Domini
2143 4076 2300 4108 Millesimo

1250 4121 1491 4162 Qingentefimo
1509 4117 1651 4157 secundo,
1677 4114 1852 4184 perYLiteras
1872 4113 2000 4146 Parentes
2022 4114 2163 4154 utriusque
2181 4116 2299 4152 Regum

1769 4162 1788 4184 2
2236 4161 2309 4192 Ρῑῧῆ

2368 381 2455 411 1502.

2373 422 2397 440 ri.
2417 421 2462 447 7.>

2337 2797 2351 2843 ’Ἰ
2373 2797 2441 2825 xti.

2338 2840 2402 2871 δεῇ,
