2555 4266
236 146 314 188 180

76 228 158 260 bna-
171 226 213 257 D·
273 231 318 262 En
337 229 496 268 Tesmoing
522 228 558 259 de
581 237 659 268 quoy
683 228 771 259 Nous
795 226 834 259 les
857 228 929 259 dites
946 226 1082 258 Orateurs
1095 226 1129 257 &
1149 225 1299 257 Ambasta-

100 267 189 306 1486.
236 271 319 301 deurs
337 270 376 301 du
395 270 435 300 dit
451 271 513 297 Duc
533 267 567 296 de
591 270 738 304 Bretaigne
757 267 854 297 nostre
878 266 1031 297 Souverain
1055 264 1193 304 Seigneur
1210 274 1300 295 avons

83 310 148 334 h'en.
163 305 192 333 6·
236 309 324 347 Signe
350 318 395 338 ces
419 305 561 337 Presentes
584 305 620 337 de
645 315 703 336 noz
727 305 829 343 signes
852 304 992 336 Manuelz
1007 327 1017 342 ,
1035 302 1168 334 &.sellez
1185 303 1221 334 de
1239 311 1300 333 rioz

239 347 340 378 Seaulx
357 356 393 376 en
412 346 437 375 la
454 347 514 373 Cite
529 345 560 373 de
574 344 715 388 Londres,
734 344 760 374 le
778 344 834 382 xxij
851 343 922 383 Jour
939 343 976 374 de
988 342 1100 382 juillet,
1118 342 1186 372 l'An
1205 341 1301 379 Mille,

240 386 418 424 Quatrecens
432 407 441 420 ‚
462 383 654 421 Qiatrevmgs
669 384 702 415 &
717 383 755 414 fix
770 406 781 423 ‚
806 393 879 424 pour
904 381 962 413 este
987 381 1096 413 baillees
1112 382 1146 413 ὃς
1165 380 1301 411 delivrees

239 435 275 455 au
293 424 360 460 Roy
379 422 586 458 d'Angleterre.

292 503 317 535 Ι.
335 512 386 534 LE
407 502 735 534 Βουτῐειωεκ.

319 543 606 573 -Τκουςεῐειζ,

331 589 405 612 ,ΒΕ
424 589 476 611 LA
499 579 711 611 VrLLEoN.

298 619 334 650 F.
351 628 406 650 Du
426 619 522 650 Pon.

280 695 335 727 Sub
351 695 450 736 sigillis
463 696 574 727 Duobus
585 705 650 726 cerae
667 691 757 725 rubrae
765 716 776 733 ,
787 690 963 732 pendentibus·
976 701 994 720 a
1009 689 1108 721 Caudis
1121 690 1303 728 Pergamena.

101 824 201 859 *XIL
243 825 366 860 *Bulla
387 817 423 860 de
446 825 648 860 Matrimonia
668 823 745 853 inter
766 822 938 853 Henricum
955 820 1122 864 Septimum
1138 819 1174 854 6·-
1193 815 1303 848 Eliza-

126 877 140 905 3
153 878 192 905 ¹3·
470 871 589 907 betham
604 870 718 904 Filiam
736 867 888 901 Edwards*
907 870 1038 913 Quini.

496 956 562 987 Ru.
579 947 661 997 apud
677 960 724 981 me
742 949 815 982 Hie.
835 946 1013 980 Balbmmm.

87 1049 165 1082 Arm.
177 1049 220 1083 D.
245 1047 308 1103 IN
318 1055 342 1078 N
354 1054 424 1076 ocr:
436 1053 459 1075 N
470 1053 493 1075 τ
502 1053 513 1074 r
524 1051 546 1072 u
557 1052 569 1073 s
590 1039 745 1085 Episcopus
760 1061 769 1078 ,
787 1038 890 1069 Servus
911 1037 1067 1068 Servorum
1087 1035 1147 1067 Dei
1161 1057 1171 1074 ,
1188 1033 1224 1065 ad
1238 1043 1301 1072 per-

107 1090 194 1128 1486.
290 1094 403 1122 petuam
419 1083 476 1113 Rei
492 1086 674 1123 memoriam..
774 1117 780 1122 .
942 1115 948 1121 ι
977 1115 982 1120 ¹
1065 1115 1070 1119 .

85 1132 140 1156 An.
159 1138 169 1157 1
282 1123 488 1160 Redemptoris
502 1123 535 1153 δε
549 1120 676 1151 Domini
693 1115 781 1146 nostri
795 1115 859 1154 Jesu
874 1113 1003 1153 Christi,
1022 1123 1072 1153 qui
1086 1121 1118 1144 ut
1131 1112 1303 1155 Humanum

88 1171 124 1194 H.
138 1176 165 1201 7.
175 1151 183 1158 ’
244 1161 345 1194 Genus
359 1170 472 1200 propter
487 1160 570 1197 primi
586 1157 711 1187 Parentis
727 1155 850 1192 Lapsum
868 1153 937 1184 Deo
952 1153 1028 1184 Patri
1043 1152 1255 1189 reconciliaret,
1273 1158 1303 1179 m

87 1208 127 1232 Ex
143 1207 217 1244 orig.
241 1200 345 1232 Crucis
363 1201 417 1230 Ara
431 1198 560 1229 Mortem
578 1197 684 1232 subire,
701 1195 734 1225 ὃ(
748 1193 863 1224 tandem
879 1192 915 1223 ad
931 1191 1034 1223 Coelos
1048 1191 1236 1229 Ascensurus,
1253 1188 1306 1219 Pa-

241 1246 309 1272 cem
325 1236 479 1276 Discipulis
492 1236 543 1267 suis
556 1234 745 1265 Testamento
761 1233 916 1271 relinquere
937 1231 1064 1270 dignatus
1081 1230 1121 1260 est
1137 1253 1147 1269 ,
1171 1232 1249 1261 vices
1271 1228 1306 1258 li-

242 1287 290 1310 cet
303 1278 437 1308 immeriti
451 1283 577 1307 tenentes
590 1275 619 1302 in
634 1273 750 1311 Terris,
764 1281 797 1301 ea
809 1280 873 1311 quae
887 1270 1042 1301 Sacrorum
1057 1268 1214 1313 Canonum
1230 1276 1305 1312 tem-

281 1325 339 1347 rato
360 1318 454 1354 rigore
477 1324 528 1353 pro
547 1312 687 1344 Fidelium
705 1310 898 1348 quorumlibet
910 1332 920 1348 ,
937 1307 1081 1349 potiffime
1100 1308 1143 1339 Di
1184 1315 1256 1338 itatis
1273 1305 1307 1335 &

241 1327 388 1394 Perosapiae
417 1351 602 1392 praerogativa
631 1350 803 1387 fulgentium
825 1371 836 1388 ,
872 1347 1006 1392 perpetua
1028 1345 1102 1378 Pace
1215 1347 1308 1389 Qiie-

245 1403 276 1425 te
296 1417 305 1431 ,
341 1404 375 1424 ac
398 1394 568 1424 Animarum
591 1389 686 1421 Salute
701 1409 711 1426 ,
740 1389 774 1419 &
797 1396 828 1418 ut
854 1387 959 1418 Fideles
974 1385 1028 1430 'ipfi
1044 1408 1055 1423 ‚
1071 1385 1214 1425 suppressis
1247 1394 1307 1429 qui-

243 1434 338 1464 busvis
358 1431 587 1462 Contentionum
602 1429 635 1459 &
652 1425 841 1457 Diffidiorum
861 1426 993 1456 fomentis
1008 1447 1019 1463 ,
1038 1424 1122 1455 Pacis
1144 1426 1177 1457 &
1193 1424 1306 1463 Qietis

244 1472 408 1502 amoenitate
429 1471 555 1501 fruantur
569 1490 579 1505 ,
597 1466 717 1505 provide
740 1464 819 1495 Sedis
840 1463 1016 1502 Apostolicae
1037 1463 1215 1494 Austoritate
1234 1462 1308 1493 facta

245 1510 278 1541 &
293 1508 426 1541 concessa
440 1507 646 1546 cognoscimus
659 1528 668 1543 ,
688 1505 726 1534 ne
743 1505 772 1533 in
791 1503 952 1534 Dubietatis
970 1501 1138 1540 Scrupulum
1161 1501 1309 1538 prolaban-

245 1556 291 1579 tur
304 1572 313 1586 ,
331 1549 377 1579 sed
400 1548 539 1586 perpetuo
562 1545 655 1575 Firma
670 1544 704 1575 &
719 1541 826 1573 Illibata
847 1541 990 1581 persistant
1003 1564 1014 1580 ,
1037 1541 1161 1572 uberiori
1183 1539 1309 1579 ejusdem

244 1587 325 1618 Sedis
339 1587 506 1617 Munimine
521 1583 708 1614 Roboramus
723 1603 732 1620 ,
751 1590 832 1619 prout
841 1604 850 1619 ,
869 1580 981 1611 Rerum
996 1581 1030 1611 &
1044 1579 1229 1610 Personarum
1243 1589 1310 1619 qua-

245 1626 371 1657 litatibus
385 1625 531 1662 inspeetis,
548 1621 752 1660 cognoscimus
764 1621 793 1650 in
809 1619 944 1650 Domino
955 1618 1096 1648 salubriter
1113 1618 1252 1656 expedire.

284 1664 407 1695 Dudum
422 1662 656 1702 liquidem,cum
672 1658 826 1690 cariffimus
840 1660 870 1689 in
886 1656 1005 1688 Christo
1022 1656 1106 1688 Filius
1122 1656 1218 1687 noster
1231 1659 1311 1687 Hen-

245 1706 315 1733 ricur
330 1707 460 1742 Septimus
473 1699 585 1738 Angliae
601 1702 661 1728 Rex
676 1721 686 1736 ,
711 1697 745 1728 &
760 1696 910 1727 Cariffima
925 1697 954 1726 in
976 1694 1096 1726 Christo
1114 1695 1183 1726 Filia
1206 1695 1309 1726 Eliza-

239 1742 332 1772 -betha
347 1745 451 1779 Regina
466 1740 504 1775 ὠ·
520 1741 704 1776 Primogenita
717 1758 726 1774 ‚
744 1735 827 1766 clarae
849 1735 999 1766 memoriae
1013 1756 1024 1772 ,
1041 1734 1182 1764 Edwardi
1201 1734 1312 1774 ⁴Quarti

247 1782 316 1812 dieii
329 1784 413 1819 Regni
426 1787 509 1818 nuper
524 1780 617 1817 Regis,
634 1775 754 1806 illustres
767 1797 777 1812 ,
792 1774 907 1814 Qarto
920 1775 955 1805 &
965 1773 1088 1817 'Quarto
1100 1771 1312 1812 Consanguini-

247 1822 309 1851 tatis
324 1819 467 1850 Gradibus
482 1817 606 1848 invicem
621 1814 789 1854 conjune'ti,
805 1822 857 1851 pro
872 1812 948 1843 Pace
963 1822 993 1842 in
1009 1811 1229 1856 eorum-Regno
1243 1813 1309 1844 An-

244 1858 311 1898 gliae
330 1856 477 1889 nutriendi
497 1856 531 1887 &
552 1852 756 1890 confovenda,
775 1853 900 1882 invicem
923 1851 1166 1882 matrimonialiter
1183 1851 1310 1890 copulari

246 1897 447 1935 desiderarent,
463 1893 639 1926 Venerabilis
655 1893 751 1923 Frater
766 1890 861 1935 noster
873 1889 994 1929 Jacobus
1015 1889 1156 1934 Episcopus
1176 1889 1313 1935 Irtiolenfis

249 1936 402 1968 Noster&
411 1934 488 1966 Sedis
501 1933 647 1971 praedictae
660 1933 689 1962 in
703 1929 818 1968 Angliae
825 1929 942 1967 praefato
955 1930 988 1960 &
1002 1928 1109 1959 Scotiae
1123 1927 1235 1967 Regnis
1242 1939 1312 1961 cum

246 1975 389 2006 Potestate
403 1974 507 2011 Legati
522 1972 558 2003 de
575 1971 675 2002 Latere
689 1969 794 2000 Orator
814 1969 847 2000 &
863 1966 1082 2011 Commissarius
1093 1990 1103 2006 ‚
1121 1968 1223 2007 vigore
1243 1979 1312 2008 qua-

247 2014 379 2045 rumdam
393 2013 508 2043 aliarum
521 2009 680 2041 nostrarum
696 2009 863 2039 Litterarum
881 2029 890 2044 ,
910 2017 959 2044 per
980 2016 1045 2045 quas
1063 2015 1135 2036 inter
1149 2015 1250 2038 caetera
1270 2009 1312 2038 ei-

247 2053 315 2083 dem
332 2052 438 2091 Jacobo
454 2050 575 2089 Episcopo
589 2059 659 2079 crim
676 2047 843 2078 Duodecim
862 2045 1008 2083 personis,
1027 2045 1142 2089 Qarto
1158 2045 1312 2077 Affinitatis

247 2092 295 2123 vel
311 2090 561 2129 (lorisanguinitatis
580 2086 727 2117 Gradibus
749 2086 876 2115 invicem
898 2084 924 2115 se
940 2084 1140 2123 attingentibus
1154 2084 1186 2115 &
1202 2084 1310 2117 deside-

248 2132 372 2161 rantibus
387 2129 513 2159 invicem
528 2125 766 2157 matrimonialiter
781 2123 907 2163 copulari
921 2147 930 2161 ‚
945 2132 978 2154 ut
994 2122 1183 2154 Matrimonia
1195 2124 1267 2155 inter
1286 2125 1311 2155 se

249 2168 416 2200 contrahere
426 2190 434 2205 ‚
449 2167 482 2198 ὃ(
501 2167 529 2196 ίη
544 2167 582 2196 eis
596 2165 632 2195 sic
650 2163 815 2194 Contractis
831 2163 915 2193 etiam
931 2171 1075 2193 remanere
1089 2162 1200 2200 possent
1212 2185 1222 2201 ,
1242 2163 1312 2194 Dis-

246 2207 399 2245 pensandi,
418 2206 590 2242 Prolemque
606 2214 655 2241 per
669 2213 719 2233 eos
733 2201 934 2240 suscipiendam

246 2247 294 2285 di,
315 2247 488 2277 Facultatem
502 2242 700 2273 Conceffimus
710 2264 718 2279 ‚
737 2251 806 2271 curn
823 2239 926 2270 eisdem
941 2242 1057 2269 Henrico
1068 2243 1137 2278 Rege
1151 2239 1190 2276 ώ-
1206 2239 1311 2271 Eliza-

252 2285 338 2315 bethi
355 2283 459 2322 Regina
471 2304 482 2320 ,
498 2290 529 2313 ut
545 2306 555 2322 ,
574 2280 788 2320 Impedimento
803 2278 1060 2315 Consanguinitatis
1075 2278 1236 2316 hujusmodi
1252 2289 1311 2310 non

249 2323 380 2355 obstante
394 2345 404 2361 ,
423 2321 650 2352 Matrimonium
672 2321 744 2349 inter
765 2318 792 2348 se
815 2317 996 2357 contrahere,
1014 2317 1048 2348 &
1062 2318 1092 2348 in
1109 2327 1145 2348 eo
1159 2317 1312 2358 postquam

251 2362 443 2394 Contrac'tum
466 2360 538 2390 foret
557 2360 633 2389 licite
652 2367 794 2388 remanere
809 2355 921 2394 possent
935 2380 944 2395 ,
963 2355 1157 2395 Dispensavit‚
1176 2356 1310 2396 Prolem,

250 2412 285 2432 ex
302 2399 460 2439 hujusmodi
484 2399 556 2429 inter
571 2408 621 2428 eos
642 2406 709 2428 tunc
729 2395 926 2427 contrahendo
946 2395 1141 2438 Matrimonio
1162 2395 1312 2437 suscipien-

248 2441 316 2471 dam
326 2462 336 2477 ,
354 2439 526 2474 Legitimam
542 2436 748 2473 Decernendo,
769 2443 851 2472 prout
865 2435 894 2464 in
910 2435 990 2471 ipllus
1004 2432 1106 2477 Jacobi
1123 2432 1242 2474 Episcopi
1251 2435 1311 2466 Lit-

250 2481 315 2510 teris
328 2479 386 2514 ejus
400 2476 501 2513 Sigillo
515 2477 630 2506 munitis
645 2497 654 2513 ,
672 2483 788 2513 quarum
813 2473 944 2515 Tenores
966 2472 1145 2510 praesentibus
1166 2482 1218 2511 pro
1233 2473 1310 2505 suffi-

250 2520 356 2549 cienter
369 2514 497 2555 expressis
512 2514 608 2544 haberi
624 2513 765 2550 volumus,
782 2512 889 2550 plenius
901 2511 1004 2542 dicitur
1017 2512 1166 2542 contineri.

292 2554 479 2587 Postmodum
502 2555 572 2582 vero
586 2575 595 2590 ,
614 2561 644 2582 ut
656 2552 818 2590 accepimus
831 2573 840 2587 ,
859 2553 991 2580 Henricus
1011 2553 1070 2579 Rex
1084 2549 1122 2584 ό·
1137 2549 1310 2580 Elizabetha

252 2596 354 2632 Regina
369 2592 474 2630 praefati
483 2614 492 2629 ,
512 2591 668 2621 Literarum
682 2589 780 2628 Jacobi
795 2587 912 2656 Εχῖψῳι·
925 2589 958 2619 &
975 2588 1196 2626 Dispensationis
1217 2589 1310 2628 hujus-

252 2633 335 2663 modi
350 2633 486 2667 obtentu>
504 2629 725 2659 Matrimonium
742 2629 812 2657 inter
838 2637 854 2656 e
866 2637 916 2665 per
937 2628 1023 2656 verba
1038 2627 1168 2663 legitime
1181 2626 1218 2657 de
1237 2638 1310 2665 prae-

251 2673 320 2703 senti
334 2676 531 2701 contraxerunt
546 2690 556 2705 ‚
573 2669 607 2698 ὃς
630 2676 698 2696 cum
721 2666 953 2696 Solemnitatibus
974 2666 1004 2694 in
1027 2664 1108 2694 dieto
1122 2664 1232 2702 Regno
1250 2669 1310 2695 An-

251 2711 315 2751 gliae
333 2709 471 2740 observari
493 2705 576 2737 solitis
595 2705 824 2736 Solemnizarunt
838 2725 848 2741 ,
873 2704 906 2734 ὃ(
930 2703 1043 2733 tandem
1066 2702 1180 2734 Carnali
1206 2703 1310 2741 copula

282 2747 512 2779 onsummsarunt·

251 2750 281 2781 C
292 2788 372 2818 Cum
386 2794 478 2816 autem
489 2769 584 2822 ,⁷ficut
599 2782 723 2812 similiter
737 2781 917 2818 accepimus,
936 2782 1067 2809 Henricus
1080 2783 1141 2810 Rex
1155 2778 1193 2814 (ῥ’
1209 2779 1311 2822 Eliga-

251 2826 335 2858 batha
349 2828 449 2861 Regina
464 2822 570 2861 praefati
582 2821 699 2859 cupiant
707 2819 875 2857 praemissis,
887 2829 939 2856 pro
953 2828 1052 2849 eorum
1068 2818 1249 2849 Subfistentia
1263 2823 1311 2848 iir-

255 2865 340 2896 miori
349 2887 358 2903 ‚
373 2863 479 2894 Robur
494 2860 597 2890 nostrae
611 2858 834 2890 confirmationis
847 2858 946 2896 adjici,

289 2904 374 2941 Nos,
390 2902 440 2940 qui
464 2900 554 2937 Regis
576 2897 684 2936 pacifici
706 2898 824 2934 vestigia
839 2896 977 2926 imitando
993 2896 1064 2926 inter
1079 2895 1187 2927 Fideles
1206 2895 1311 2935 quossi-

251 2944 300 2974 bet
309 2940 470 2981 ,praecipue
486 2938 611 2977 praeciari
624 2936 744 2967 Generis
756 2936 935 2966 Sublimitate
949 2934 1131 2972 conspicuos,
1148 2945 1181 2965 ex
1189 2945 1311 2973 quorum

251 2983 354 3011 votivo
378 2978 503 3009 successu
526 2977 712 3014 plurimorum
734 2973 874 3014 dependet
891 2973 969 3004 Salus
989 2972 1130 3003 Fidelium
1145 2996 1155 3011 ‚
1174 2972 1254 3004 Pacis
1278 2973 1311 3003 &

252 3018 474 3057 Tranquillitatis
487 3014 656 3045 Commoda
673 3013 823 3050 suppremis
832 3012 976 3054 desideriis
986 3010 1169 3050 affectamus,
1187 3021 1218 3042 ut
1234 3013 1312 3040 Hen-

253 3063 324 3089 ricus
339 3062 400 3088 Rex
413 3055 452 3091 &
468 3052 636 3083 Elizabetha
650 3055 750 3088 Regina
766 3052 874 3088 praeiati
885 3073 895 3089 ,
912 3051 1000 3080 libere
1024 3052 1057 3082 ὃς
1075 3051 1169 3090 quiete
1184 3073 1194 3088 ,
1210 3050 1312 3088 absque

253 3099 350 3135 aliquo
368 3093 559 3126 Conscientiae
579 3091 736 3127 Scmpqu,
754 3091 782 3119 in
800 3089 959 3127 huJusmodi
977 3089 1015 3119 ὗε
1032 3099 1082 3126 per
1099 3099 1149 3119 eos
1162 3089 1312 3119 contracto

254 3134 450 3167 Matrimonio
472 3132 608 3169 perpetuo
629 3137 790 3166 permanere
809 3128 917 3158 valeant
931 3150 940 3165 ,
960 3127 993 3158 &
1011 3129 1049 3157 ne
1068 3127 1258 3165 imposterum
1276 3126 1311 3157 de

255 3176 361 3205 viribus
386 3172 470 3210 ipsius
489 3168 669 3200 Matrimonii
688 3176 736 3204 per
761 3167 922 3204 quempiam
943 3165 1060 3196 haesitari
1079 3167 1226 3203 contingat
1244 3175 1309 3205 pro-

255 3214 350 3243 videre
370 3211 513 3246 volentes,
532 3207 619 3237 Motu
638 3206 773 3243 proprie,
791 3214 850 3234 non
866 3204 900 3234 ad
918 3204 1043 3241 ipsorum
1061 3206 1172 3234 Henrici
1185 3208 1263 3242 Regii
1274 3201 1312 3238 ό

256 3250 431 3280 Elizabethae
454 3250 561 3284 Reginae
577 3268 587 3283 ,
604 3245 649 3274 vel
673 3244 779 3274 alterius
795 3252 847 3280 pro
868 3244 908 3273 eis
922 3243 1020 3273 Nobis
1038 3242 1116 3280 super
1134 3243 1190 3272 hoc
1207 3243 1309 3273 oblatae

256 3289 404 3320 Petitionis
420 3286 578 3317 instantiam
594 3306 603 3321 ,
620 3282 664 3312 sed
680 3283 717 3312 de
740 3281 836 3311 nostra
853 3281 1069 3311 Deliberatione
1088 3282 1121 3311 &
1143 3281 1312 3318 voluntate,

258 3328 406 3357 obtentam
420 3335 468 3364 per
480 3334 529 3354 eos
543 3323 612 3352 dieto
627 3319 752 3360 Epifiopo
767 3321 799 3350 ὅ(
815 3318 939 3349 Nuncio
955 3318 1195 3360 Dispensationem
1211 3320 1314 3362 praedi·

258 3366 355 3402 Ciam,
375 3365 407 3395 &
426 3373 508 3402 prout
526 3362 602 3391 illam
619 3366 819 3395 concernunt,
845 3359 997 3394 omniaque
1014 3359 1048 3388 &
1069 3358 1175 3393 lingula
1194 3359 1223 3387 in
1243 3357 1314 3396 ‘7¹¹st

259 3404 319 3433 dem
334 3401 453 3441 Episcopi
465 3401 574 3431 Litteris
588 3397 729 3436 praedietis
746 3405 878 3427 contenta
896 3396 929 3426 ὃς
948 3395 1014 3425 inde
1030 3395 1121 3425 secuta
1139 3405 1315 3434 quaecunque

262 3441 438 3473 Auc‘ioritate
455 3437 623 3477 Apostolica
638 3461 647 3474 ,
663 3445 697 3466 ex
717 3444 793 3466 certa
812 3435 935 3465 Scientia
953 3434 986 3464 &
1005 3433 1041 3464 de
1059 3433 1239 3464 Plenitudine
1255 3433 1314 3464 Po-

259 3480 362 3512 testatis
376 3501 386 3517 ,
399 3478 516 3508 Tenore
541 3476 719 3507 praesentium
734 3496 743 3511 ,
762 3472 976 3515 Confirmamus
993 3472 1026 3502 &
1045 3472 1243 3514 Approbarrius
1281 3482 1314 3503 ac

261 3519 378 3558 plenum
402 3515 550 3546 Firmitatis
577 3514 679 3544 Robur
697 3512 846 3543 obtinuisse
864 3511 897 3541 δε
913 3511 1041 3540 obtinere
1054 3532 1064 3548 ,
1076 3509 1229 3553 ‘ipsumque
1248 3494 1314 3541 Ma—

264 3556 435 3588 trimonium
462 3554 585 3592 legitime
611 3552 801 3582 Contractum
825 3549 908 3580 fuisse
921 3571 931 3588 ,
955 3549 988 3580 &
1009 3548 1185 3586 Legitimum
1204 3548 1266 3578 fore
1284 3551 1313 3579 in

264 3595 400 3627 omnibus
418 3594 450 3624 &
469 3602 518 3629 pei·
536 3592 648 3627 omnia,
662 3589 777 3627 perinde
795 3598 828 3618 ac
842 3588 938 3618 ficum
954 3586 1057 3617 eisdem
1072 3589 1188 3616 Henrico
1202 3590 1317 3626 Regina,

133 3640 152 3659 θ
168 3640 239 3666 ΧΠ.
263 3636 301 3666 &
311 3630 481 3664 Elizabetha
496 3633 616 3667 Regina,
633 3637 664 3659 ut
680 3627 892 3665 impedimento
908 3630 922 3643 ‘
942 3625 1080 3664 praedie'to
1097 3635 1156 3655 non
1171 3625 1317 3665 obstante,

156 3682 217 3713 ·i4.·
264 3674 390 3703 invicem
419 3668 661 3700 matrimonialiter
687 3666 812 3703 copulari
826 3688 836 3703 ,
850 3665 884 3696 &
904 3666 932 3695 in
959 3664 1108 3707 contrad‘to
1131 3663 1317 3707 postmodum

155 3696 169 3715 θ
267 3721 315 3749 per
333 3720 382 3741 eos
402 3707 592 3739 Matrimonio
609 3714 753 3734 remanere
771 3704 895 3742 possent,
914 3702 1115 3740 suscipiendam
1132 3702 1227 3732 exilio
1246 3701 1316 3732 Pro-

268 3750 326 3780 lem
346 3747 520 3784 Legitimam
540 3742 712 3773 Nuntiando
729 3743 792 3772 alias
808 3743 883 3780 quta
893 3742 1034 3773 diCtarum
1057 3740 1227 3770 Litterarum
1249 3741 1317 3778 Epi-

266 3788 338 3827 ftopi
347 3782 461 3826 praefati
469 3782 674 3819 continentiam
688 3789 768 3819 atque
782 3780 904 3810 formam
920 3781 956 3810 ab
969 3780 1050 3810 initio
1064 3789 1111 3816 per
1122 3778 1187 3809 Nos
1196 3777 1316 3815 Dispen-

272 3828 358 3856 satum
377 3823 486 3860 fuisset,
504 3822 538 3853 &
557 3829 621 3858 quae
636 3819 666 3848 in
683 3816 834 3848 Praemiffis
853 3828 869 3847 a
880 3819 951 3848 dich
965 3816 1089 3858 Episcopo
1103 3817 1175 3847 fasta
1189 3816 1318 3855 fuerunt,

272 3874 289 3893 a
307 3863 404 3893 Nobis
421 3859 605 3896 immediate,
621 3855 774 3892 nostroque
792 3858 906 3892 proprio
921 3856 981 3887 Ore
999 3855 1170 3896 processisset
1184 3876 1194 3891 ,
1215 3854 1319 3893 Motu,

274 3901 398 3931 Scientia
406 3923 415 3938 ,
425 3900 458 3930 &
471 3897 648 3928 Auitoritate
663 3894 798 3924 similibus
810 3893 1241 3932 Decernimus,Supp1emu113ue
1255 3903 1319 3923 om-

274 3948 324 3968 nes
341 3939 374 3968 &
392 3937 513 3973 singulos
532 3935 683 3971 Defeems,
700 3933 760 3962 tarn
776 3931 868 3970 Juri5‚
888 3934 975 3969 quam
994 3933 1076 3963 Fani·
1087 3955 1097 3970 ‚
1111 3942 1144 3962 ac
1161 3933 1247 3962 etiam
1266 3932 1321 3961 So-

276 3975 424 4005 lemnitatis
437 3974 525 4004 forsan
534 3973 661 4010 omisliae,
679 3971 746 4008 liqui
759 3969 849 4000 forsan
863 3971 1059 4001 intervenerint
1070 3972 1099 4000 in
1113 3970 1215 4000 eisdem
1225 3992 1234 4006 ,

314 4012 434 4043 Eosdem
453 4015 598 4040 Henricum
618 4014 713 4047 Regem
730 4011 763 4040 &
778 4007 975 4037 Elizabetham
990 4013 1120 4046 Reginam
1136 4031 1145 4046 ,
1163 4017 1197 4038 ac
1218 4007 1320 4038 Matri-

268 4052 403 4084 monium
424 4049 516 4087 ipsum
538 4059 587 4087 per
611 4058 660 4079 eos
685 4046 880 4084 commistum,
899 4046 1100 4086 Redemptoris
1124 4046 1259 4085 praefati,
1283 4057 1316 4078 ac

692 135 1492 187 CONVENTIONEQ

953 2201 1125 2240 Legitimam
1140 2200 1310 2233 Decernen-
1351 2223 1356 2227 «

1548 134 1939 186 LITERAE,

1340 221 1415 253 Beati
1434 221 1512 253 Petri
1539 222 1572 253 &
1590 220 1670 252 Pauli
1688 220 1896 262 Apostolorum
1920 223 1980 262 ejus
1995 246 2005 263 ,
2029 223 2205 257 Auctoritate
2231 212 2406 257 Benedicen-
2422 225 2500 260 Ami.
2511 226 2553 262 D.

1340 270 1453 330 tessslon
1465 298 1642 330 obstantibus
1655 298 1915 330 Constitutionibus
1924 299 2198 334 &ordinationibus
2214 302 2404 342 Apostolicis,
2428 266 2538 342 gerg-86⁷.

1342 337 1505 376 caeterisque
1521 337 1674 369 Contrariis
1701 338 1911 376 uibuscunque3

1382 377 1468 408 Nulli
1480 387 1549 417 ergo
1563 377 1668 407 omnio
1716 378 1848 406 ominum
1862 377 1944 406 liceat
1956 375 2030 407 hanc
2047 376 2185 416 Paginam
2197 379 2303 411 nosti-ae
2319 379 2405 411 Con-

1343 415 1509 446 firmationis
1520 440 1530 455 ,
1549 415 1773 453 Approbationis
1787 437 1796 454 ,
1813 413 2049 453 Constitutionis,
2066 416 2273 458 Suppletionis,
2288 419 2406 451 Benedi-

1344 455 1464 493 ebonis,
1482 455 1516 484 δε
1533 453 1689 484 Voluntatis
1703 455 1869 494 infringere,
1886 454 1948 485 &c.

1381 493 1450 523 Dat.
1470 496 1561 522 Romae
1575 493 1650 531 apud
1658 494 1788 522 Sentium
1803 494 1934 529 Petrum,
1955 491 2043 522 Anno
2059 490 2262 525 Incarnationis
2276 496 2404 527 Domini

1345 529 1521 568 Millesimo‚
1539 531 1849 569 Quadringentesimo,
1865 530 2076 567 oetuagesimo
2088 530 2190 570 Sexto,
2206 531 2332 566 Decimo
2340 534 2403 566 Kal.

1346 567 1471 607 Augusti
1482 591 1494 607 ‚
1508 568 1696 600 Pontificatfis
1715 569 1806 600 nostri
1821 570 1911 600 Anno
1926 569 2070 600 Secundo.

1487 647 1585 676 Gratis
1599 645 1630 676 de
1646 646 1787 677 Mandata
1802 646 1964 687 Santiiffimi
1976 648 2089 679 Domini
2105 646 2187 687 nostri
2195 649 2287 687 Papa.

1420 718 1513 752 Hriz.
1532 722 1772 754 BALBANus.

1422 760 1490 790 At,-
1511 770 1562 791 nis
1583 761 1845 793 MARcoMnE.

1421 798 1455 828 F.
1477 807 1524 830 nis
1546 799 1672 831 Suuo.

1414 837 1474 875 Jo.
1493 837 1667 869 Cornu.

1417 875 1475 913 JA.
1497 884 1547 906 ni:
1567 876 1704 908 Bos11s
1723 879 1819 915 gratis,

1421 913 1452 944 F.
1471 923 1521 944 1)ss
1542 914 1707 946 Panna.

1421 951 1851 991 ProTrap.JA.F113LLA.

1421 990 1464 1021 H.
1482 991 1641 1025 Kovan.

1781 1033 1862 1071 Super
1880 1031 1993 1063 Plicamq

1426 1108 1461 1140 L.
1482 1117 1532 1140 Dr.
1552 1107 1876 1140 MARci-:Lmuis

1396 1235 1444 1267 De
1459 1233 1578 1279 Consule
1597 1234 1830 1275 Mercatorum,
1855 1237 1886 1267 in
1898 1236 2032 1268 Civitate
2050 1235 2160 1280 Ptfizna
2170 1261 2181 1278 ,
2205 1235 2364 1281 constituto.
2484 1261 2525 1296 ,ς

2489 1283 2497 1297 1

1350 1316 1470 1375 REX
1489 1320 1642 1358 omnibus,
1660 1319 1694 1351 ad
1709 1330 1796 1359 quoe,
1815 1321 1876 1353 &c-
1893 1320 2028 1352 Salutem.
2432 1335 2500 1367 Am,
2519 1334 2551 1366 D

1443 1357 1521 1396 Qiia
1537 1358 1666 1390 nonnulli
1692 1359 1869 1390 Mercatores
1886 1360 1919 1390 &
1936 1361 1982 1390 alii
2001 1359 2114 1392 Subditi
2138 1361 2218 1392 hu'us
2243 1360 2341 1400 Regni
2361 1373 2414 1394 no-
2453 1385 2467 1405 Ι
2493 1358 2530 1405 8'6
2553 1361 2555 1366 ⁴

1350 1396 1399 1427 stri
1416 1396 1529 1437 Angliae
1556 1399 1660 1428 habent
1677 1399 1867 1429 intentionem
1883 1422 1892 1437 ,
1913 1398 1981 1430 Deo
1999 1400 2113 1430 volente
2190 1409 2260 1431 artes
2283 1401 2414 1441 Exteras,
2433 1385 2490 1442 Al?
2517 1398 2539 1441 ι’

1351 1437 1476 1466 maxime
1493 1437 1564 1480 ipsas
1580 1436 1682 1475 Italiae,
1700 1446 1769 1467 cum
1787 1436 1838 1467 suis
1857 1439 1975 1481 propriis
1992 1438 2038 1469 seu
2056 1422 2207 1470 consuetis
2221 1440 2351 1472 Navibus
2365 1441 2416 1472 suis
2434 1457 2470 1480 H.
2481 1435 2517 1487 ’7,
2533 1433 2542 1441 ”

1350 1475 1385 1505 &
1402 1473 1552 1505 Mercibus
1568 1475 1761 1515 frequentare,
1776 1484 1853 1506 tanto
1870 1476 2000 1506 libentius
2015 1479 2124 1515 quanto
2144 1477 2261 1509 liberius
2278 1480 2312 1510 &
2329 1489 2414 1510 com⁴
2433 1493 2528 1520 pram„

1351 1512 1466 1544 modius
1483 1515 1512 1544 in
1531 1515 1568 1544 eis
1585 1515 1655 1545 cum
1673 1514 1730 1544 illic
1748 1514 1933 1552 applicuerint
1949 1517 2075 1553 poterint
2092 1517 2249 1547 conversari
2262 1540 2272 1556 ,
2291 1519 2417 1550 volentes
2439 1539 2449 1556 ι
2470 1533 2505 1556 H.
2518 1538 2546 1565 7,

1350 1551 1478 1589 ipsorum
1493 1553 1594 1591 Qieti
1608 1554 1642 1585 &
1657 1552 1783 1584 Utilitati
1800 1562 1936 1591 quantum
1953 1554 2099 1591 possumus
2113 1555 2278 1595 providere,
2456 1551 2462 1557 ’

1387 1591 1454 1630 Ac,
1471 1600 1520 1629 per
1535 1592 1726 1631 experimenta
1743 1591 1859 1622 aliarum
1877 1591 2060 1630 Nationum,
2098 1603 2131 1624 ro
2149 1603 2230 1625 certo
2247 1594 2364 1628 scientes
2378 1606 2415 1628 o-

1350 1637 1462 1669 portere
1480 1631 1552 1661 inter
1569 1640 1618 1661 eos
1634 1630 1759 1668 aliquem
1781 1629 1979 1668 Magistratum
1999 1641 2053 1669 pec
2094 1641 2172 1663 arem
2189 1632 2412 1671 Erigi&Crm-

1352 1668 1394 1705 ri,
1414 1669 1490 1704 cujus
1500 1668 1616 1706 Judicio
1629 1669 1663 1700 δε
1679 1666 1857 1698 Diffinitioni
1873 1668 1952 1700 Lites
1968 1670 2002 1701 ὃ(
2018 1669 2229 1702 Contentionis
2259 1682 2326 1713 quas
2340 1674 2414 1705 inter

1352 1707 1427 1744 ipsos
1440 1707 1574 1738 Subditos
1596 1707 1706 1738 nostros
1722 1704 1900 1737 Mercatores
1913 1707 1960 1738 seu
1978 1708 2063 1747 alios,
2080 1709 2155 1740 dum
2172 1710 2204 1741 in
2218 1694 2271 1741 il’li‘s
2289 1710 2415 1744 Partibus

1353 1744 1474 1776 Moram
1487 1746 1636 1784 traxerint,
1655 1745 1773 1776 suboriri
1788 1745 1942 1782 contigerit
1976 1745 2106 1778 submitti
2119 1748 2259 1789 debeant,

1393 1783 1532 1824 Cumque
1548 1784 1765 1816 intellexerimus
1777 1782 1934 1815 Civitatem
1949 1769 2099 1822 Pisanam,
2115 1787 2186 1817 inter
2198 1786 2251 1818 alia
2265 1787 2347 1820 Loca
2360 1788 2417 1820 Ita-

1352 1823 1416 1861 liae,
1436 1824 1561 1855 maxime
1584 1824 1736 1861 propitiam
1755 1822 1879 1853 futuram
1901 1831 2056 1863 aptamque
2079 1824 2114 1855 &
2126 1827 2348 1858 convenientem
2362 1837 2417 1866 pro

1353 1861 1515 1893 Refidentia
1530 1862 1729 1893 Mercatorum
1744 1860 1908 1893 nostrorum
1921 1861 2101 1901 hujusmodi,

1389 1900 1438 1931 De
1456 1900 1601 1932 Fidelitate
1621 1901 1708 1938 igitur
1722 1922 1732 1939 ,
1752 1900 1896 1931 Probitate
1913 1923 1922 1938 ‚
1942 1900 1975 1931 δε
1991 1902 2112 1940 egregiis
2123 1900 2287 1935 Virtutibus
2305 1902 2418 1936 Dileffl

1352 1939 1453 1971 Nobis
1467 1938 1607 1980 cristofori
1627 1943 1709 1978 Spene
1728 1938 1899 1971 Mercatoris
1916 1938 2072 1971 Florentini
2089 1940 2247 1979 plenissime
2265 1942 2418 1975 confiden-

1355 1986 1395 2009 tes

1390 2001 1440 2049 De
1459 2016 1560 2049 Gratia
1578 2016 1671 2049 nostra
1686 2016 1814 2056 speciali,
1832 2018 1866 2050 &
1879 2016 1915 2048 ad
1928 2017 2068 2049 humilem
2079 2017 2319 2059 Supplicationem
2334 2019 2417 2052 Mer-

1352 2065 1483 2087 catorum
1507 2056 1607 2095 Regni
1624 2056 1716 2087 nostri
1734 2056 1851 2094 Angliae
1864 2079 1874 2095 ‚
1895 2056 1929 2087 &
1949 2056 2068 2087 aliorum
2092 2054 2277 2090 Subditorum
2300 2059 2416 2090 nostro-

1353 2105 1415 2126 rum
1425 2118 1434 2134 ,
1455 2095 1550 2127 Partes
1565 2094 1672 2134 Italiae,
1691 2096 1725 2126 &
1738 2096 1883 2136 praecipue
1897 2094 2007 2126 dietam
2023 2095 2180 2127 Civitatem
2189 2096 2415 2137 Pisanam,Por·

1352 2142 1471 2172 tumque
1486 2135 1611 2173 ibidem,
1629 2133 1779 2173 Partesque
1800 2135 1958 2172 adjacentes
1979 2133 2238 2175 frequentantium,
2254 2137 2416 2175 frequenta-

1351 2184 1418 2204 reve
1431 2175 1461 2203 in
1476 2173 1602 2204 futurum
1618 2173 1791 2210 volentium,
2334 2188 2341 2196 =

1401 2212 1490 2250 Ipfiem
1513 2210 1684 2252 Cristofhrum
1703 2211 1882 2243 Praeficimus
1897 2234 1907 2249 ,
1932 2210 2140 2244 Censtituimus
2155 2235 2165 2252 ‚
2182 2214 2216 2245 &
2237 2212 2412 2246 ordinamus

1351 2250 1488 2290 Confialem
1500 2252 1534 2283 &
1551 2250 1740 2291 Praefidentem
1753 2250 1832 2288 super
1845 2250 1935 2281 Paetis
1949 2251 2083 2282 omnium
2098 2253 2132 2283 &
2148 2252 2323 2290 singulorum
2335 2253 2411 2284 Sub-

1351 2289 1480 2321 ditorum
1497 2288 1677 2327 nostrorum,
1694 2289 1730 2320 ad
1747 2289 1858 2321 dietam
1875 2288 2031 2320 Civitatem
2050 2289 2197 2329 Partesque
2209 2291 2324 2330 illic,ut
2337 2301 2415 2331 prae-

1353 2330 1473 2360 mittitur
1489 2328 1648 2368 adjacentes
1666 2327 1889 2366 confluentium,

1388 2367 1552 2406 Damusque
1568 2369 1601 2400 &
1617 2367 1817 2398 Concedimus
1832 2366 1915 2397 eidem
1928 2364 2071 2408 Cristofhro
2086 2391 2096 2406 ‚
2114 2376 2250 2407 quantum
2265 2370 2295 2399 in
2309 2366 2419 2400 Nobis.

1351 2405 1409 2445 est,
1428 2407 1603 2437 Facultatem
1626 2407 1659 2437 &
1683 2405 1855 2437 Potestatem
1872 2404 1992 2444 Causas,
2012 2407 2211 2446 Qiaestiones,
2233 2405 2414 2438 Controver-

1351 2445 1398 2475 sias
1413 2468 1422 2483 ‚
1441 2455 1524 2484 atque
1547 2445 1624 2476 Lites
1637 2468 1647 2483 ,
1674 2454 1739 2483 quas
1764 2446 1836 2476 inter
1853 2444 1926 2482 ipsos
1942 2444 2078 2476 Subditos
2104 2446 2215 2477 nostros
2232 2447 2263 2475 in
2281 2445 2412 2476 Partibus

1351 2484 1414 2521 ipsis
1433 2484 1547 2514 moveri
1566 2485 1739 2522 contigerit,
1758 2483 1900 2521 Audiendi
1911 2506 1922 2522 ‚
1939 2482 2138 2522 Discutiendi,
2152 2484 2358 2523 Terminandi,
2375 2485 2412 2517 δε

1351 2522 1522 2554 Diffiniendi
1537 2544 1548 2560 ,
1564 2522 1718 2553 summarie
1737 2523 1770 2554 δε
1788 2522 1825 2552 de
1843 2522 1926 2560 plano
1940 2543 1950 2559 ‚
1969 2522 2025 2552 fine
2041 2521 2155 2559 strepitu
2172 2523 2206 2554 &
2224 2522 2313 2560 figura
2328 2522 2411 2562 Judi-

1349 2562 1404 2599 cii,
1421 2562 1552 2629 *quotitfins
1567 2561 1605 2605 ‘ad
1624 2561 1654 2592 id
1673 2570 1724 2598 per
1738 2560 1853 2591 alteram
1878 2559 2005 2590 Partium
2020 2560 2182 2599 hujusmodi
2203 2560 2412 2593 Diffidentium

1348 2610 1378 2630 re
1400 2605 1490 2630 uilitus
1519 2608 1586 2630 uerit

1380 2610 1556 2677 qCaeteraque
1573 2622 1673 2668 o'mnia
1690 2637 1724 2668 &
1740 2636 1846 2674 singula
1864 2635 2017 2676 Faciendi,
2036 2636 2215 2669 Excercendi
2227 2661 2238 2677 ‚
2262 2638 2296 2669 &
2318 2637 2412 2677 Expe-

1351 2677 1465 2714 diendi,
1485 2677 1543 2706 tam
1559 2676 1714 2714 injudicio
1728 2677 1816 2714 qussam
1831 2684 1905 2706 exrra
1918 2697 1928 2713 ‚
1947 2685 2011 2714 quae
2030 2676 2065 2706 ad
2083 2676 2227 2707 Officium
2242 2676 2412 2708 Consulatus

1351 2717 1385 2747 δε
1401 2714 1589 2746 Praesidentiae
1608 2714 1769 2752 hujusmodi
1788 2713 1824 2744 de
1842 2713 1910 2752 Jiire
1925 2713 1969 2745 seu
1986 2713 2200 2746 Consuetudine
2213 2715 2328 2747 aliarum
2343 2715 2412 2748 Par·

1355 2755 1425 2784 tium
1440 2753 1564 2791 spe&are
1574 2753 1726 2784 noscuntur
1734 2775 1744 2791 ,

1386 2792 1554 2822 Mandantes
1568 2793 1706 2822 omnibus
1719 2791 1752 2822 ὃς
1767 2790 1881 2828 singulis
1894 2790 2016 2822 Subditis
2029 2791 2130 2823 nostris
2143 2792 2306 2832 antediem,
2322 2793 2412 2832 cujus-

1353 2841 1478 2868 cumque
1493 2828 1605 2868 Status,
1623 2829 1737 2861 Gradus
1751 2852 1760 2867 ,
1779 2828 1895 2860 Ordinis
1907 2853 1918 2869 ,
1936 2830 2093 2868 Dignitatis
2106 2854 2115 2869 ,
2130 2833 2164 2864 &
2179 2832 2409 2864 Praeeminentiae

1351 2869 1484 2906 existant,
1503 2870 1562 2899 t³am
1581 2867 1809 2906 Mercatoribus,
1827 2869 1910 2906 quarn
1924 2869 1998 2907 aliis,
2011 2870 2060 2908 qui
2075 2870 2105 2899 iri
2118 2869 2241 2902 futurum
2252 2869 2287 2901 ad
2301 2870 2412 2901 dietam

1353 2907 1511 2938 Civitatem
1531 2907 1658 2938 pisanam
1672 2930 1681 2946 ,
1699 2907 1857 2938 Portumve
1868 2929 1878 2946 ,
1897 2906 1941 2937 seu
1959 2907 2011 2938 alia
2026 2908 2107 2939 Loca
2122 2909 2179 2939 illic
2194 2908 2348 2946 adjacentia
2360 2917 2409 2938 ac-

1353 2946 1471 2986 cedere,
1487 2955 1671 2984 concurrere,
1687 2946 1706 2965 ¹*
1722 2945 1843 2976 habitare
1857 2967 1867 2984 ,
1884 2944 1929 2975 seu
1950 2945 2066 2976 residere
2082 2947 2238 2977 curaverint
2251 2969 2262 2983 ,
2277 2947 2409 2984 quatinus

1353 2985 1458 3016 eisdem
1476 2982 1617 3024 cristoforo
1629 3006 1639 3023 ,
1657 2986 1687 3014 in
1702 2983 1864 3014 Excercitio
1886 2983 1936 3013 suo
1954 2982 2056 3016 Officii
2073 2983 2244 3014 Consulatus
2255 2984 2409 3025 antedicti,

1353 3023 1527 3055 Obedientoe
1541 3025 1592 3054 sirit
1601 3046 1611 3062 ,
1629 3021 1808 3060 Affistemes,
1827 3024 1860 3054 &
1869 3022 2107 3060 obtemperantes
2117 3023 2148 3052 in
2162 3023 2408 3062 omnibus,prout

1351 3062 1447 3139 delegit,
1465 3101 1529 3138 quia
1550 3100 1649 3147 dignus
1669 3098 1715 3143 est¹
1733 3098 1886 3142 Operarius
1904 3097 2042 3142 Mercede
2055 3120 2065 3136 ‚
2082 3106 2168 3142 utque
2181 3098 2232 3143 ipse
2249 3102 2296 3130 Cri
2319 3098 2413 3139 osmer

1351 3141 1434 3171 tanto
1448 3139 1611 3176 diligentius
1624 3137 1767 3169 Officium
1779 3136 1936 3176 hujusmodi
1954 3145 2006 3174 pro
2021 3136 2205 3168 Pacilicandis
2216 3137 2278 3168 Sub
2298 3139 2406 3170 itorum

1352 3177 1517 3208 nostrorum
1538 3175 1717 3207 Differentiis
1731 3185 1897 3214 exequatur,
1923 3176 2008 3206 nanto
2023 3174 2129 3206 Merita
2143 3176 2176 3206 &
2192 3175 2291 3207 Studia
2309 3176 2355 3208 sua
2366 3179 2404 3208 ab

1351 3219 1389 3248 eis
1412 3216 1514 3255 gratius
1528 3215 1667 3246 intellecta
1687 3215 1878 3251 cognoverit,
1923 3213 2038 3243 olumus
2058 3215 2093 3245 &
2116 3213 2312 3246 Concedimus
2327 3215 2409 3254 quod

1351 3255 1403 3295 ips?
1419 3252 1574 3293 Cristofiirus
1588 3254 1690 3283 habeat
1704 3253 1738 3283 ὃς
1753 3253 1903 3290 percipiat,
1919 3251 1956 3281 de
1970 3251 2073 3282 Valore
2085 3252 2117 3283 ὃ(
2127 3251 2330 3285 AEstimatione
2343 3264 2410 3285 om-

1353 3296 1435 3323 nium
1450 3294 1482 3323 &
1495 3292 1669 3329 ungulorum
1691 3290 1838 3321 Mercium
1859 3289 1892 3320 &
1914 3288 2024 3320 Rerum
2047 3289 2198 3321 Venalium
2212 3315 2222 3331 ,
2241 3293 2353 3330 quasin
2365 3293 2409 3324 di-

1354 3333 1406 3363 &is
1421 3330 1545 3361 Civitate
1560 3331 1594 3361 &
1610 3329 1700 3360 Portu
1716 3338 1764 3366 per
1779 3328 1912 3359 Subditos
1925 3327 2034 3358 nostros
2047 3328 2209 3360 hu'usmodi
2224 3331 2315 3362 modo
2325 3330 2408 3362 Mer—

1353 3371 1461 3400 catorio
1475 3368 1542 3399 Emi
1556 3377 1604 3398 aut
1621 3367 1713 3397 Vendi
1725 3367 1875 3405 contigerit
1890 3389 1900 3404 ,
1917 3366 2059 3403 Quartam
2095 3376 2184 3398 artem
2202 3370 2282 3400 unius
2298 3368 2406 3401 Ducati

1354 3409 1390 3438 de
1404 3407 1528 3446 quolibet
1545 3405 1718 3436 Centenario
1732 3404 1930 3442 Ducatorum3

1394 3445 1577 3475 Praesentibus
1591 3444 1723 3483 quamdiu
1738 3443 1837 3473 Nobis
1852 3442 1986 3481 placuerit
1998 3444 2028 3472 in
2049 3444 2184 3474 omnibus
2196 3446 2230 3477 &
2245 3454 2296 3483 per
2309 3447 2406 3477 omnia

1354 3483 1485 3515 Valituris
1500 3505 1509 3520 ‚
1532 3482 1627 3512 donec
1647 3481 1694 3511 has
1709 3481 1817 3511 Literas
1832 3480 1955 3520 nostras,
1969 3491 2018 3519 per
2031 3480 2245 3513 Intimationem
2259 3483 2406 3515 Publicam

1354 3523 1436 3552 eidem
1459 3518 1601 3559 Cristoforo
1619 3519 1779 3551 faciendam
1795 3542 1806 3558 ,
1823 3518 1891 3549 Nos
1905 3529 1950 3549 aut
1962 3520 2057 3558 aliquis
2076 3520 2276 3553 Succefforum
2295 3522 2406 3553 nostro-

1356 3570 1420 3591 rum
1436 3558 1553 3596 Regum
1567 3558 1680 3597 Angliae
1693 3558 1751 3588 aliis
1771 3557 1873 3588 Literis
1887 3557 2053 3589 Patentibus
2066 3558 2226 3591 duxerimus
2236 3569 2284 3592 aut
2297 3559 2404 3592 duxerit

1357 3597 1582 3628 Revocandum.

1392 3636 1426 3667 In
1442 3635 1522 3672 cujus
1555 3636 1616 3666 &c-

1409 3673 1497 3704 Teste
1517 3659 1599 3713 Rege
1613 3673 1686 3712 apud
1704 3671 1976 3713 Wstmonasterium,
1991 3674 2126 3707 vicesimo
2138 3674 2186 3707 die
2200 3672 2335 3712 Augusti.

2434 1577 2509 1598 nh!-

2440 2957 2459 2977 *
2470 2959 2541 2989 XII-

2465 3004 2530 3034 3¹52

2100 3757 2155 3786 Per
2169 3752 2251 3794 spfiim
2267 3755 2372 3792 Regem.

2421 3811 2554 3886 A&

2421 3885 2533 3954 ,431426'

1361 3969 1538 4038 FRamois,
1555 3977 1604 4005 par
1626 3967 1651 3998 la
1676 3967 1771 3999 Grace
1784 3969 1820 3999 de
1834 3968 1911 3999 Dieu
1922 3990 1932 4005 ,
1955 3970 2017 3997 Duc
2029 3966 2062 3995 de
2077 3968 2223 4004 Bretaigne
2235 3991 2246 4006 ‚
2263 3971 2355 3998 comte
2375 3967 2409 3997 de
2420 3966 2454 3990 Η·
2467 3947 2499 3997 ι7·
2508 3945 2516 3952 ·

1419 4004 1556 4044 Montfiirt
1565 4029 1574 4043 ,
1583 4006 1615 4035 de
1627 4006 1769 4036 Richmont
1777 4006 1978 4045 ,d'Estampes-,
1987 4003 2025 4038 ὀ·
2038 4003 2070 4032 de
2084 4005 2180 4034 Vertar
2185 4016 2219 4045 ,a
2230 4015 2295 4039 tous
2308 4004 2406 4043 ceulx,
2423 4005 2461 4027 Ex
2475 4002 2534 4029 ³4¹0-

1360 4046 1409 4085 qui
1424 4053 1469 4076 ces
1482 4044 1617 4082 presentes
1631 4044 1737 4077 tertias
1751 4053 1865 4076 verrent
1874 4065 1886 4082 ,
1902 4053 1941 4074 ou
1952 4049 2067 4080 orront,
2086 4041 2171 4076 Salut.

1486 3882 1658 3927 Ratificatio
1672 3886 1908 3917 conventionum
1917 3895 1973 3930 per
1988 3885 2107 3916 Ducem
2123 3882 2292 3916 Britannia.

2427 4046 2491 4076 ngr.

2308 4083 2407 4113 Savor'r
