2555 4266
105 290 185 322 Ann.
195 289 239 321 D.

125 329 211 368 1508.

107 373 170 400 Hen.
185 379 213 406 7.

94 1173 114 1191 ²¹²
138 1175 223 1206 xm.

93 1223 167 1249 227.

90 2418 169 2451 Ann.
180 2417 223 2450 D.

110 2458 198 2497 1508.

90 2502 146 2527 Aa.
168 2508 213 2535 24.

89 2559 131 2603 E}
144 2558 204 2605 Aic-

91 2621 156 2651 logr-

782 209 896 251 ET
976 213 1241 257 ACTA
1320 213 1798 266 PUBLICA.

2338 236 2414 274 261

253 292 361 326 dicha]
385 291 537 324 Summam
559 294 747 324 Ducentarum
772 294 810 330 &
827 296 1040 338 ,Quinquaginta
1058 300 1179 331 Millium
1199 305 1317 331 Corona-
1355 300 1496 342 Austriae,
1516 304 1649 344 Princeps
1672 307 1870 346 Hispaniarum
1885 333 1895 349 ‚
1921 312 1982 343 &c.
2002 321 2052 352 per
2066 317 2210 346 Oratorem
2224 316 2274 347 vel
2284 319 2415 347 oratorex
2431 310 2508 343 Ann·
2522 313 2555 345 D

254 343 314 364 rum
338 333 435 370 Auri,
461 332 495 364 &
519 332 673 370 quamlibet
690 334 748 371 ejus
762 333 877 366 Partem
891 359 902 374 ,
1261 339 1316 369 Pa-

920 336 957 366 de
973 338 1007 368 &
1024 338 1104 377 super
1115 339 1242 379 Regnis,

254 373 326 409 niis,
345 371 458 411 Terris,
477 371 511 402 &
529 371 676 402 Dominiis
699 371 800 402 nostris
825 375 1048 414 quibuscumque
1062 401 1071 416 ,
1089 388 1122 409 ac
1137 379 1172 408 de
1187 379 1220 409 ὅ(
1237 378 1315 415 super

251 410 388 442 omnibus
410 411 444 442 &
466 410 578 448 singulis
598 409 685 440 Bonis
699 410 800 441 nostris
811 412 965 444 mobilibus
981 416 1015 445 &
1030 417 1229 447 immobilibus
1242 426 1315 454 prae-

249 449 369 479 sentibus
384 451 418 481 ὅτ
433 449 533 480 futuris
548 449 725 487 ubicumque
740 451 870 488 repertis,
887 461 1002 482 necnon
1018 453 1054 484 de
1072 456 1105 486 &
1120 455 1201 492 super
1214 454 1316 485 Perso-

248 489 290 518 nis
309 488 341 519 &
365 487 450 519 Bonis
465 487 599 519 omnium
615 488 648 518 ὅτ.
661 488 838 525 singulorum
862 489 1049 521 Subditorum
1064 492 1227 524 nostrorum
1243 503 1315 529 prae-

245 526 394 558 dic‘torum
407 528 585 564 ubicumque
599 535 647 562 per
663 525 785 557 Terram
799 527 833 557 ὃς
848 537 896 565 per
913 527 997 558 Mare
1011 532 1141 569 repertis,
1159 531 1216 562 fine
1231 531 1315 561 Con-

247 565 418 596 tradistione
441 574 488 596 aut
510 563 678 595 Resistentia
700 575 879 603 quacumque
892 588 901 603 ,
927 566 1015 598 libere
1041 571 1153 608 exigere
1169 592 1179 608 ,
1204 569 1314 608 levare,

249 613 370 643 capere,
389 603 545 641 poffidere,
565 604 598 634 &
611 602 751 640 detinere3
954 644 959 649 ι
1019 645 1023 649 Ι
1254 648 1259 653 .

287 642 517 678 Renunciantes,
535 643 566 670 in
580 641 633 671 hac
650 650 745 679 parte,
763 650 797 672 ex
819 641 890 672 resse
904 643 937 673 ὃς
953 653 980 672 m
996 654 1055 674 vim
1065 645 1162 684 Paffi,
1178 647 1314 678 omnibus

248 681 283 712 &
298 681 409 720 singulis
423 681 486 712 tam
499 679 574 719 Juris
590 680 679 716 quam
693 679 773 710 Paeti
812 682 1007 719 xceptionibus
1022 684 1055 714 ὃς
1077 683 1314 723 Defensionibus,

245 719 360 757 aliisque
371 719 444 758 Juris
456 721 490 751 &
504 718 584 748 Facu
599 717 759 757 Beneficiis,
778 720 812 750 ὃς
825 720 988 758 generaliter
1002 723 1135 753 omnium
1151 724 1264 763 Legum
1280 725 1313 755 ὃς

250 756 411 789 Canonum
428 756 671 796 Appellationibus
684 780 694 795 ,
712 757 861 797 Qerelis,
879 758 1159 800 provocationibus,
1175 764 1208 794 δε
1224 762 1314 793 Bene-

250 795 337 834 ficiis,
357 796 459 835 quibus
473 803 573 827 contra
590 793 735 826 Praemiffa
748 796 794 827 seu
808 806 910 827 eorum
926 798 1017 836 aliqua
1031 799 1099 830 Nos
1106 801 1204 838 juvare
1219 801 1313 837 posse-

249 845 315 866 mus
326 835 374 866 seu
386 835 450 865 alias
468 834 688 873 quomodolibet
703 835 792 873 tueri,
809 836 843 866 &
858 836 1010 873 praesertirn
1023 837 1195 877 Exceptioni
1211 839 1312 870 Poenae

245 883 306 904 non
319 872 461 904 solvendae
473 883 522 910 per
535 872 706 910 Principales
722 872 932 906 Contrahentes
947 876 992 907 vel
1009 885 1110 907 eorum
1134 878 1267 908 Parentes
1282 880 1311 908 in

246 911 427 950 sponsalibus
449 911 483 942 &
505 910 701 942 Matrimoniis
721 912 856 950 appositae
872 937 882 951 ‚
907 923 940 944 ac
959 913 1023 951 Juri
1036 915 1141 946 dicenti
1153 916 1314 954 generalem

247 950 510 982 Renunciationem
525 959 588 980 non
602 950 692 980 valere
707 950 758 980 nifi
772 951 944 989 praecefferit
952 953 1090 992 speciali53

286 988 408 1019 Proviso
423 998 520 1020 tamen
536 988 618 1027 quod
643 987 716 1019 Casu
729 999 788 1027 quo
801 989 913 1021 dietum
928 990 1151 1023 Matrimonium
1166 991 1313 1023 interNos

247 1027 381 1064 praefatos
404 1026 540 1057 Karolum
561 1012 756 1058 Arcffiducem
778 1028 899 1058 Austriae
920 1028 1083 1067 Principem
1096 1030 1313 1075 Hispaniarum,

247 1066 310 1097 &o
326 1066 361 1097 &
373 1066 482 1097 distam
497 1065 662 1096 Dominam
679 1069 803 1095 Mariam
816 1068 997 1098 contrahatur
1014 1069 1049 1099 &
1063 1069 1161 1100 debite
1181 1070 1313 1100 solemm-

246 1111 344 1143 zetur,
363 1113 411 1136 aut
425 1105 446 1135 si
459 1114 509 1142 per
522 1104 669 1144 praefatam
685 1104 845 1136 Dominam
861 1108 986 1136 Mariam
1000 1130 1010 1146 ,
1028 1107 1074 1138 vel
1086 1108 1219 1139 Parentes
1232 1108 1313 1146 sum,

247 1143 295 1175 vel
317 1153 417 1175 eorum
442 1144 584 1181 aliquem,
612 1151 660 1174 aut
681 1143 767 1173 alium
790 1153 1026 1183 quemcumque,
1052 1155 1098 1177 aut
1113 1157 1163 1184 per
1178 1146 1310 1178 Mortem

245 1182 356 1212 alterius
378 1181 514 1213 nostrum
537 1180 779 1212 Contrahentium
800 1182 890 1220 (quod
909 1183 990 1214 Deus
1013 1185 1032 1203 ²*
1056 1185 1174 1222 avertat)
1194 1195 1241 1216 aut
1263 1195 1312 1223 per

246 1230 463 1260 quemcumque
482 1220 570 1250 aliurn
592 1219 714 1250 modum
736 1220 783 1250 vel
802 1230 956 1260 eventurn,
974 1232 1165 1262 praetcrquam
1180 1234 1229 1261 per
1245 1224 1312 1255 Nos

244 1259 381 1295 praefatos
402 1263 595 1298 Imperatorem
617 1257 664 1288 vel
682 1260 831 1296 Principem
851 1260 1047 1298 Hispaniarum
1059 1285 1069 1300 ‚
1094 1271 1142 1293 aut
1164 1272 1200 1292 ex
1214 1262 1311 1294 nostra

244 1297 347 1335 Parte,
363 1297 471 1329 steterit
483 1298 639 1336 quominus
653 1295 767 1327 di&um
784 1296 1008 1329 Matrimonium
1024 1299 1130 1340 Locis,
1144 1301 1291 1332 Terminis
1301 1324 1311 1340 ,

245 1335 405 1374 Modisque
419 1338 452 1369 δε
469 1337 582 1367 Formis
595 1359 606 1372 .,
624 1343 656 1365 ut
671 1335 834 1374 praefertur,
852 1338 1032 1368 contrahatur
1045 1339 1078 1369 &
1092 1339 1308 1378 solemnizetur,

242 1375 291 1405 vel
306 1375 326 1405 fi
338 1375 416 1406 ditsta
430 1375 551 1406 Summa
569 1377 757 1403 Ducentarum
773 1372 812 1408 ὠ·
828 1375 890 1415 Q?
927 1380 1040 1413 uaginta
1054 1377 1176 1407 Auillium
1192 1382 1311 1408 Corona-

242 1424 304 1443 rum
314 1416 412 1452 Auri,
429 1413 515 1452 plene
527 1412 611 1443 fuerit
625 1412 729 1450 soluta,
746 1413 894 1448 praesentes
937 1416 1026 1444 itterae
1040 1416 1163 1454 nostrae,
1177 1424 1310 1456 tanquam

242 1451 338 1483 Caffae
358 1452 393 1483 &
414 1451 506 1482 Irritae
526 1449 685 1488 nulliusque
703 1450 851 1481 Efficaciae
871 1461 919 1482 aut
941 1452 1089 1483 Momenti
1104 1477 1114 1492 ,
1138 1455 1239 1485 Nobis
1261 1465 1311 1493 per

243 1491 398 1529 praefatum
411 1494 508 1528 Regem
516 1488 647 1526 Angliae,
665 1488 758 1527 ejusve
773 1489 912 1520 Haeredes
928 1493 961 1521 &
976 1491 1158 1523 Succeffores
1174 1516 1184 1531 ,
1201 1503 1248 1524 aut
1261 1504 1312 1524 eo<

244 1539 312 1560 rum
325 1528 464 1560 Oratores
478 1529 527 1560 vel
540 1527 744 1558 Procuratores
758 1527 792 1557 ad
808 1527 865 1558 hoc
878 1529 1040 1569 deputatos,
1057 1531 1134 1561 bona
1148 1531 1217 1563 Fide
1234 1532 1313 1563 resti-

242 1576 374 1606 tuantur,
391 1569 475 1598 omni
488 1566 577 1603 dolo,
593 1566 746 1603 fraudeque
761 1565 891 1609 semotis,¹
1293 1610 1299 1614 Ι

281 1606 395 1638 Harum
409 1605 596 1638 Testimonio
611 1604 784 1635 Litterarum
805 1604 892 1643 sigini
917 1604 1006 1636 nostri
1033 1608 1204 1645 appensione
1219 1618 1314 1640 muni-

278 1720 395 1752 Datum
406 1720 436 1750 in
444 1723 469 1750 Ο
502 1719 546 1751 ido
559 1716 646 1758 nostro
657 1717 840 1748 Schoonhouen
849 1743 858 1756 ,
869 1719 925 1751 Die
939 1721 1213 1755 undecimoMenfis
1220 1724 1314 1755 Osto-

241 1760 302 1790 bris
316 1782 326 1798 ‚
351 1759 441 1790 Anno
498 1759 591 1788 omini
613 1757 773 1787 Minefimo
788 1758 1028 1798 Qingentefimo
1042 1762 1149 1793 octavo
1164 1785 1174 1801 ,
1194 1763 1315 1801 Regno-

241 1807 308 1828 rum
327 1797 492 1829 nostrorum
505 1796 635 1828 Romani
647 1794 794 1827 Vicefimo
809 1798 909 1836 tertio,
923 1797 1081 1839 Hungariae
1095 1803 1168 1832 vero
1184 1801 1312 1832 Decimo

242 1846 334 1867 nono.

1016 1875 1056 1906 M
1066 1886 1085 1906 Α
1093 1887 1110 1906 x
1119 1887 1130 1907 1
1142 1887 1180 1908 M.

1017 1914 1233 1948 Cauaras

545 1991 601 2019 Per
612 1991 742 2020 Dominos
753 1991 946 2028 Imperatorem
961 1988 1001 2026 όν
1014 1991 1207 2022 Archiducem.

1034 2067 1236 2100 RENNER.

805 2134 863 2174 Sub
875 2142 967 2182 sigillo
982 2144 1015 2174 de
1031 2148 1101 2175 Cera
1113 2145 1204 2175 rubea.

239 2282 404 2328 Commtffio
427 2282 581 2317 Generalis
600 2279 644 2314 ad
660 2281 692 2315 T
687 2281 853 2316 radendum
869 2286 906 2322 ὠ·
926 2283 1135 2331 Recipiendum
1146 2285 1310 2320 Trallatus

681 2341 868 2364 memoratos.

237 2416 526 2480 MAximHisznus,
543 2416 640 2448 divina
656 2415 771 2448 favente
787 2415 951 2449 Clementia
963 2442 972 2456 ,
997 2417 1111 2448 EleHus
1126 2421 1308 2451 Romanorum

334 2457 347 2487 1
358 2465 384 2487 M
393 2466 411 2486 P
423 2466 441 2486 Ε
451 2465 476 2486 R
485 2466 506 2486 A
515 2463 569 2486 τιο
578 2465 603 2486 R
620 2455 730 2492 semper
744 2455 905 2495 Augustus,
922 2466 956 2487 ac
969 2459 1138 2496 Germaniae,
1146 2461 1309 2499 Hungarise,

239 2495 415 2534 Dalmatiae,
433 2497 567 2532 croasr‘ae,
584 2493 645 2530 ὀνο.
663 2493 695 2524 R
706 2503 766 2531 Ex,
791 2496 825 2526 δε
837 2495 965 2534 Carolus,
981 2495 1040 2526 Dei
1073 2497 1141 2528 tatia
1154 2521 1164 2535 ,
1180 2499 1307 2528 ARcffl-

241 2545 342 2568 nuens
362 2534 486 2573 Austriae
502 2557 512 2572 ,
539 2533 707 2564 Pmncssps
733 2531 927 2571 Hispaniarum
941 2557 950 2572 ,
973 2538 1047 2564 utria
1060 2546 1109 2575 que
1133 2535 1248 2575 Siciliae,
1267 2536 1306 2572 (Δγ

238 2573 417 2615 Jherufhlem
424 2595 434 2611 ,
442 2572 721 2609 DucEsBurgundiae
728 2594 738 2610 ,
746 2570 936 2610 Lotharingiae
943 2595 953 2611 ,
959 2573 1121 2603 Brabantiae
1130 2597 1140 2612 ,
1147 2578 1305 2613 Stiriae,Ca-

236 2613 366 2652 rinthiae,
376 2609 530 2649 Carniolae,
546 2611 713 2648 Limburgiae
721 2620 736 2648 ,·
745 2610 944 2649 Lucemburgiae
952 2634 962 2649 ,
975 2610 1013 2646 ᾤ’
1030 2611 1181 2650 Gheldriae‚
1192 2614 1307 2644 ΒΑΝ-Γ-

236 2661 361 2684 <mavit
380 2650 507 2690 Alfiztiae
525 2672 534 2687 ‚
555 2649 741 2680 Przmcwsss
764 2651 895 2687 Sueviae*‚
914 2649 1089 2681 Pam-mm
1107 2655 1137 2680 in
1151 2652 1306 2690 Habsburg.

235 2690 276 2727 ώ-
295 2693 452 2721 Hannoniae
467 2712 477 2726 ,
500 2688 681 2719 PRINCIPES
703 2688 737 2719 &
756 2686 916 2718 CoMITEs
934 2689 1100 2725 Burgundiae
1116 2713 1127 2727 ‚
1149 2690 1306 2729 Flzmdriae,

235 2728 341 2769 Tyrolis
396 2730 510 2758 Goriciae
525 2751 535 2765 ‚
559 2726 701 2767 Arthefiae
716 2750 726 2763 ‚
753 2725 912 2756 Hollandiae
926 2749 936 2765 ‚
952 2726 1126 2765 Zeelandiae,
1147 2732 1264 2759 Ferretis
1278 2733 1307 2759 in

237 2753 381 2805 Kiburgi’,
407 2768 542 2796 Namurci
554 2788 564 2801 ‚
589 2764 628 2800 ᾤ’
652 2764 819 2802 Dushurgii,
837 2764 1068 2796 MARCHIONES
1088 2769 1163 2796 Sacri
1191 2771 1307 2798 Romani

238 2808 366 2842 Imperii,
376 2804 459 2841 super
473 2807 546 2834 Ana
560 2814 605 2832 um
624 2802 662 2837 ό·
677 2805 819 2838 Burgouiae
831 2825 841 2839 ,
869 2803 1010 2833 DOMINI
1029 2804 1137 2843 Frifiae,
1156 2806 1309 2845 Marciae,

237 2842 406 2873 Slcavonicae
418 2862 428 2877 ,
443 2803 653 2878 Portusgaonis,
672 2838 843 2876 Salinarum,
862 2839 900 2873 ό·
916 2840 1089 2879 Mechliniae,
1108 2843 1309 2881 Recognosci-

238 2890 304 2912 mus
318 2881 352 2912 &
366 2878 487 2910 Notum
500 2877 623 2907 facimus
636 2876 756 2907 Tenore
769 2876 955 2907 Praesentium
968 2878 1119 2910 Univerfis
1129 2904 1138 2918 ,

275 2918 359 2949 Cum
373 2917 438 2947 alias
454 2915 580 2946 Nobiles
595 2914 703 2946 Fideles
718 2914 817 2945 Nobis
833 2915 942 2947 Dileffl
956 2915 1076 2954 Jacobus
1089 2918 1122 2947 de
1134 2919 1306 2949 Luxembur-

234 2969 269 2997 go
288 2956 440 2987 Dominus
459 2954 497 2984 de
519 2953 641 2984 Fiennes
655 2953 889 2992 Consanguineus
906 2954 1118 2987 Locumtenens
1140 2958 1174 2988 ὃς
1191 2957 1308 2989 Guber-

238 3004 322 3028 nator
338 2994 436 3025 noster
455 2992 657 3023 Comitatuum
681 2991 819 3022 Flandriae
837 2994 871 3024 &
885 2993 1023 3032 Arthefii,
1039 2994 1186 3032 Johannes
1198 2995 1308 3027 Domi-

236 3045 292 3066 nus
319 3033 354 3065 de
386 3031 507 3071 Berghes
534 3030 612 3068 super
636 3030 762 3061 Zomam
785 3032 820 3062 &
840 3031 876 3062 de
900 3031 1036 3062 Walham
1053 3055 1064 3071 ‚
1089 3033 1249 3065 Consiliarii
1274 3037 1307 3067 δε

239 3072 441 3104 Chambelhni
455 3068 562 3106 nostri,
577 3078 611 3099 ac
627 3068 736 3099 Milites
751 3068 869 3099 Ordinis
880 3069 971 3100 nostri
985 3071 1074 3101 Aurei
1088 3071 1308 3111 Velleris,Lau—

240 3114 346 3142 rentiur
359 3111 391 3139 de
406 3108 560 3139 Gorrenodo
576 3107 648 3137 Baro
663 3106 860 3137 Monthanefii
875 3131 885 3146 ‚
904 3109 1088 3140 Gubernator
1103 3109 1231 3148 Breffiae,
1249 3111 1307 3150 Jo-

239 3150 345 3180 hannes
358 3148 382 3177 Ie
396 3149 532 3184 Sauvaige
547 3145 634 3176 Miles
643 3168 653 3183 ‚
671 3144 827 3176 Praesidens
839 3146 863 3176 F
864 3146 996 3185 landriae,
1015 3149 1048 3179 &
1064 3148 1200 3188 Philippus
1210 3152 1308 3180 Hane-

240 3196 292 3219 ton
307 3187 512 3219 Audientiarius
532 3185 566 3216 ὃς
585 3184 754 3215 Secretarius
775 3183 888 3223 noster,
908 3185 1084 3224 Confiliarii,
1101 3186 1254 3226 Oratores,
1272 3190 1305 3220 ὃς

240 3224 440 3258 Commiffarii
464 3223 554 3253 nostri
574 3233 624 3261 per
645 3221 714 3252 Nos
731 3232 769 3252 nu
791 3232 820 3253 er
841 3222 876 3252 ad
899 3223 1114 3255 Sereniffirnum
1137 3226 1303 3264 Principem

239 3265 408 3296 Dominum
422 3264 569 3292 Hemicum
582 3265 679 3299 Regem
694 3264 763 3298 Ang
774 3264 823 3298 iae,
842 3260 881 3296 ό·
894 3265 1041 3293 Dominum
1054 3264 1194 3294 Hiberniae
1239 3265 1306 3296 Fra-

240 3312 315 3335 trem
328 3326 339 3342 ,
365 3301 434 3333 Con
521 3301 526 3306 '
551 3310 617 3330 eum
634 3323 644 3339 ,
663 3300 697 3331 &
711 3299 953 3331 Confoederatum
969 3288 1304 3346 nostrumCariflimum

244 3341 319 3372 miffi
338 3342 373 3374 δε
386 3339 527 3377 deputati,
545 3339 644 3377 vigore
658 3337 789 3369 Mandati
805 3348 854 3376 per
866 3338 935 3369 Nos
947 3340 1009 3378 ipsis
1021 3340 1133 3379 traditi,
1149 3342 1305 3380 quemdam

241 3380 414 3411 Tractatum
429 3377 613 3408 Matrimonii
625 3378 697 3406 inter
710 3376 780 3407 Nos
793 3376 929 3407 Karolum
952 3379 1149 3409 Archiducem
1164 3380 1285 3411 Austriae
1296 3405 1306 3420 ,

241 3419 408 3458 Principem
425 3415 644 3453 Hispaniarum,
662 3416 723 3445 &c.
741 3415 949 3454 supradictum,
972 3417 1006 3447 δε
1020 3417 1230 3449 Sereniffimam
1248 3423 1307 3449 Do-

240 3461 343 3487 minam
365 3458 491 3486 Mariam
507 3478 517 3492 ,
539 3453 669 3493 praedioli
691 3453 865 3484 Sereniffitni
888 3453 1015 3485 Domini
1038 3459 1116 3494 Regis
1135 3456 1249 3496 Angliae
1260 3461 1306 3487 Fi-

241 3495 309 3525 liam
324 3494 506 3525 Cariffimam
518 3492 714 3529 tractaverint,
734 3492 885 3523 Amicitias
900 3503 935 3524 ue
946 3493 1217 3526 Confcederationes
1235 3497 1306 3526 anti-

243 3543 312 3572 quas
325 3533 544 3569 renovaverint,
562 3531 596 3561 &
610 3540 680 3561 curn
694 3531 861 3569 quibusdam
904 3533 1010 3570 apitulis
1032 3534 1066 3564 &
1082 3534 1215 3564 Articulis
1233 3545 1307 3565 con-

242 3572 375 3603 cluserint
395 3579 483 3607 atque
500 3569 676 3599 firmaverint
689 3591 701 3606 ‚
726 3569 890 3608 Literasque
908 3571 1025 3611 desuper
1047 3573 1080 3604 &
1095 3571 1192 3609 Sigilla
1207 3572 1306 3604 nostro

320 3611 325 3616 '
381 3608 508 3639 dederint

241 3619 423 3686 nolrggffiue’
438 3630 555 3676 eoide’m
568 3643 721 3675 Traeatus
730 3643 833 3676 deinde
847 3644 1029 3678 Ratificantes
1039 3671 1049 3687 ,
1067 3647 1189 3678 similiter
1198 3647 1307 3680 Literas

241 3687 277 3718 &
290 3686 387 3726 Sigilla
395 3684 513 3721 desuper
523 3682 702 3721 dederimus,
809 3722 814 3727 .
873 3723 878 3728 ι
941 3724 947 3729 ι
1235 3726 1241 3731 ·

280 3724 320 3756 Et
338 3726 371 3755 in
394 3721 501 3753 eisdem
520 3721 702 3753 Tractatibus
722 3721 756 3753 &
779 3721 894 3753 Litteris
907 3746 917 3760 ,
939 3732 1012 3754 mter
1025 3733 1144 3764 caetera,
1162 3734 1307 3758 continen-

283 3838 375 3880 1§Quid
390 3847 444 3868 non
457 3835 548 3876 solum
571 3845 659 3866 onmes
678 3835 717 3872 ό·
730 3836 845 3877 fingulae
863 3839 970 3869 Literae
993 3839 1167 3877 Obligatoriae
1188 3842 1302 3882 utriusq,-

243 3880 341 3909 Partir
354 3878 480 3907 Partium
488 3874 683 3913 predictarum
700 3897 710 3912 ,
725 3876 823 3905 verum
835 3880 919 3906 etiam
933 3888 1020 3907 omnes
1035 3879 1074 3914 &
1082 3877 1196 3920 fingulae
1208 3882 1303 3910 Litte-

243 3915 483 3984 sarm,
491 3913 1304 4018 mimaffffimfmd‘ssssszzrgraffizs

243 3954 381 4033 utriusqpue
398 3994 493 4022 Partis
505 3989 567 4020 hinc
579 3989 642 4020 inde
656 3989 696 4019 ad
725 4000 753 4019 oc
767 3990 857 4020 debite*
869 3992 1040 4032 audorifhtis
1050 3997 1079 4024 in
1094 3998 1218 4024 Civitate
1225 3997 1303 4025 Lon-

243 4030 364 4070 denienfi
380 4037 447 4061 ante
468 4027 572 4068 Festum
593 4026 702 4067 Pafihae
725 4028 862 4068 novtfflme
881 4029 984 4098 lapsum
998 4031 1037 4066 &
1055 4040 1121 4062 ante
1137 4032 1302 4064 Adventum

240 4072 392 4100 oratorum
406 4076 458 4106 pro
479 4071 549 4107 Spon
563 4065 649 4097 alibus
670 4068 824 4097 tractandis
845 4067 920 4107 &so
931 4071 1103 4101 emnizandis
1114 4075 1144 4100 in
1157 4070 1204 4102 Re
1244 4082 1296 4102 um

242 4106 376 4148 Angfiae,
389 4105 510 4146 expediri
577 4105 653 4138 tradi
664 4104 808 4145 debm'ffent
814 4117 826 4145 ‚·
841 4108 902 4138 Nos
912 4118 1012 4149 quoque
1020 4107 1143 4141 Karolus
1151 4109 1209 4142 Arc
1231 4110 1297 4141 idux

1356 342 1566 380 Commiffarium
1582 345 1632 375 vel
1644 347 1849 387 Commiffizrios,
1868 352 2071 382 Procuratorem
2083 353 2133 383 vel
2142 357 2329 385 Procuratores
2338 379 2347 393 ‚
2365 367 2413 386 rto-

1353 376 1436 414 strum
1450 380 1500 409 vel
1511 382 1626 421 nostros,
1643 386 1836 425 austorishtum
1851 388 1900 418 vel
1910 390 2087 429 aufforifiztos
2101 416 2110 429 ‚
2129 392 2168 428 (Ἀφ’
2183 394 2350 432 constitutam
2365 395 2415 424 vel

1354 415 1531 485 ῑθηβῑΐκᾶᾲέἶ,
1556 421 1576 439 *
1616 429 1678 463 tque
1697 425 1737 452 ad
1758 425 1903 461 praefatam
1927 428 2135 460 Sereniffimam
2159 431 2320 462 Dominam
2344 432 2413 463 Ma-

1354 463 1440 491 riam,
1476 469 1485 485 ι
1513 469 1522 485 t

1387 494 1392 499 ‘
1540 457 1631 496 Regis
1648 461 1758 498 Angliae
1774 463 1875 494 Filiam
1886 487 1895 503 ,
1911 468 1941 494 in
1956 466 2090 505 Regnum
2111 469 2224 508 Angliae
2243 469 2345 508 miffim
2365 471 2416 501 vel

1355 491 1456 531 mffir,
1475 496 1613 534 Sponsalia
1626 506 1673 535 per
1688 500 1774 529 Verba
1796 503 1836 531 ad
1854 503 1901 532 hoc
1917 512 1982 542 apta
2003 510 2072 534 citra
2085 507 2187 547 Festum
2201 507 2311 546 Pafihae
2318 513 2413 546 proxi-

1354 541 1396 558 me
1416 530 1519 571 lapsum
1535 556 1545 571 ,
1569 546 1657 565 coram
1677 537 1774 568 duobus
1798 540 1954 582 Apostolicd
1974 541 2012 576 όν
2037 544 2174 582 Imperiali
2191 547 2414 577 Austoritatibus

1353 569 1482 614 Notarit'r
1499 593 1508 608 ‚
1536 571 1574 606 ό*
1588 577 1624 603 Te
1646 575 1703 618 ibus
1722 577 1762 606 ad
1774 576 1820 608 hoc
1826 579 1979 618 specialiter
1993 587 2099 612 vocatis
2113 592 2193 624 atque
2207 589 2323 623 rogatis,
2341 595 2411 616 cum

1354 606 1454 638 eadem
1468 608 1600 641 Domina
1645 612 1711 643 lana
1724 615 1835 646 realiter
1852 618 2065 649 contraherem-us
2079 619 2118 656 ὠ·
2132 633 2190 652 cum
2203 623 2315 662 efflHu,

1368 722 1373 726 ¹
1391 682 1502 731 Verum
1517 691 1589 721 cum
1604 690 1765 736 Praemisla‚
1784 695 1870 728 Loco
1884 698 1918 728 &
1929 698 2081 737 Tempore
2095 704 2245 734 conventis
2260 703 2292 733 &
2310 703 2414 734 meta-

1354 730 1409 759 t18,
1434 732 1494 767 tam
1517 729 1557 758 ob
1578 729 1818 767 supervenientem
1840 735 1970 767 Gravem
1992 738 2209 778 AEgritudinem
2230 741 2412 772 Sereniffimo

1354 759 1490 807 Domino
1503 769 1568 804 Regi
1580 769 1693 805 Angliae
1708 771 1846 807 praedieto
1866 774 1894 809 (a
1915 775 1970 812 qua
1986 786 2080 816 nunc,
2100 778 2170 809 Deo
2184 779 2282 818 dante,
2300 781 2412 819 optime

1354 801 1510 843 convaluit)
1527 807 1612 842 quam
1627 809 1668 837 ob
1682 808 1732 838 alia
1747 809 1884 846 legittima
1892 808 2098 848 impedimenta
2111 816 2206 846 nostra
2219 827 2270 855 per
2285 827 2412 849 neutram

1353 835 1481 869 Paruum
1511 844 1656 881 adimpleri
1679 849 1846 885 potuerint,
1870 848 1917 879 sed
1941 851 2117 884 Terminum
2137 855 2303 892 praedictum
2327 857 2412 894 usque

1352 884 1463 946 ςυᾶςυὲ
1481 879 1642 913 duxerimus
1661 885 1734 915 inter
1755 886 1825 917 Nos
1844 887 1911 925 ipsas
1932 887 2026 920 Partes
2043 892 2124 922 bonis
2139 893 2324 931 Respeetibus
2338 894 2411 925 Pro-

1352 923 1386 943 ro
1405 925 1439 958 an
1462 927 1527 957 um,

1418 963 1468 1000 Jnc
1491 957 1558 988 ideo
1574 981 1584 996 ‚
1611 960 1771 998 hujusmodi
1786 962 1928 995 Articulos
1941 965 1973 996 &
1987 964 2120 1003 Capitula
2132 968 2250 999 firmiter
2265 971 2298 1001 &
2311 971 2412 1002 incon—

1353 991 1432 1022 cusse
1449 994 1596 1027 observare
1611 999 1639 1027 in
1656 1001 1789 1031 omnibus
1806 1004 1951 1041 cupientes
1963 1005 1996 1035 ὅτ.
2009 1005 2202 1044 intendentes,

1389 1030 1495 1076 AC.‘.³e
1515 1034 1584 1065 Fide
1597 1059 1606 1073 ,
1631 1035 1772 1069 industria
1786 1062 1796 1077 ,
1815 1040 1849 1070 δε
1867 1039 2133 1078 circumspectione
2147 1044 2325 1082 Nobilium,
2345 1047 2412 1077 Ho—

1352 1069 1538 1116 notabilium,
1558 1073 1762 1116 Devotorum,
1778 1086 1811 1108 ac
1828 1078 1968 1110 Fidelium
1981 1080 2081 1111 Nobis
2095 1082 2279 1114 Dssechrum
2300 1084 2414 1122 Johan-

1353 1117 1399 1150 ms.
1408 1107 1530 1154 Domini
1544 1111 1580 1142 de
1596 1112 1689 1151 Bergis
1704 1115 1784 1153 super
1801 1115 1928 1148 Zomam
1941 1120 1974 1150 δε
1989 1118 2026 1149 de
2039 1119 2082 1149 W
2082 1120 2175 1151 albam
2191 1120 2345 1153 Camerarii
2358 1133 2413 1153 no-

1352 1144 1400 1175 strl
1413 1147 1447 1176 &
1462 1148 1567 1180 Militis
1582 1150 1700 1183 Ordinis
1713 1153 1803 1184 nostri
1818 1155 1906 1186 Aurei
1919 1156 2054 1195 Veneris,
2073 1161 2220 1189 Laurentii
2233 1160 2266 1190 de
2278 1163 2411 1191 Gorreno-

1350 1183 1384 1212 do
1397 1183 1520 1228 ⁸Batonis
1539 1188 1715 1222 Montanefii
1730 1215 1740 1231 ,
1765 1192 1974 1226 Gubernatoris
1993 1196 2102 1227 Breffiae
2119 1220 2128 1234 ,
2144 1197 2303 1238 Sigfinundi
2317 1200 2411 1238 Pileug

1349 1224 1490 1268 utriusque
1501 1226 1576 1264 Juris
1592 1227 1732 1260 Dostoris
1743 1241 1859 1270 propter
1875 1232 2032 1265 Meffinum
2048 1259 2058 1272 ‚
2076 1235 2218 1274 Johanm's
2235 1237 2260 1267 le
2275 1240 2410 1275 Sauvas‘ge

1350 1259 1454 1293 Militis
1471 1263 1593 1297 Domini
1610 1266 1646 1298 de
1663 1267 1807 1300 Scaubeca
1819 1271 1945 1302 Praefidis
1962 1272 2132 1305 Consulatus
2150 1275 2239 1305 nostri
2253 1275 2409 1314 Flandriae,

1348 1301 1473 1344 Artdreae
1487 1304 1519 1332 de
1533 1306 1640 1344 Burgo,
1659 1309 1765 1345 Georgii
1780 1310 1812 1338 de
1826 1310 1979 1351 Thamefike
1996 1311 2141 1350 Praepoliri
2155 1313 2191 1343 de
2204 1313 2410 1352 Caffe1‚Con-

1349 1337 1512 1371 siliarrorum
1528 1343 1711 1383 nostrorum,
1729 1348 1762 1377 &c
1778 1349 1871 1385 Egidii
1889 1350 2052 1380 Vandamme
2075 1351 2223 1383 Secretarii
2246 1351 2336 1382 nostri
2350 1354 2410 1391 ple-

1346 1385 1412 1406 nam
1427 1387 1554 1416 gerentes
1565 1381 1710 1423 fiduciam,

1387 1414 1465 1453 Ipsos
1493 1419 1606 1451 nostros
1628 1432 1712 1453 veros
1730 1424 1765 1454 &
1786 1425 1959 1457 indubitatos
1980 1426 2225 1467 Commislarios,
2253 1428 2388 1460 Oratores
2403 1454 2413 1468 ,

1350 1452 1549 1499 Procuratores
1562 1481 1572 1497 ,
1604 1459 1738 1492 Factores
1751 1486 1760 1498 ,
1792 1464 1826 1494 &
1850 1464 2013 1502 Deputatos
2035 1466 2191 1506 Fecimus,
2218 1466 2385 1498 creavimus
2402 1493 2412 1507 ,

1352 1491 1582 1535 Constituimus,
1595 1506 1677 1537 atque
1692 1500 1897 1533 Ordinavimus
1907 1528 1916 1541 ,
1933 1505 1984 1540 δε,
2004 1504 2124 1535 Tenore
2136 1505 2339 1546 Praesentium,
2359 1507 2412 1538 Fa-

1350 1539 1459 1570 clmuS,
1474 1533 1627 1575 Crmmus,
1645 1537 1875 1579 Constituimus,
1889 1551 1946 1580 atq3
1963 1542 2151 1581 Ordinamus,

1388 1569 1543 1616 Dantest&
1560 1573 1761 1608 Concedentes
1774 1578 1895 1618 eisdem,
1913 1580 1960 1611 vel
1973 1581 2007 1611 ad
2022 1583 2116 1612 minus
2136 1583 2272 1621 Qiatuor
2283 1583 2329 1615 vel
2342 1584 2411 1614 Tri-

1351 1607 1404 1638 bus
1427 1619 1461 1639 ex
1481 1620 1522 1641 eis
1536 1635 1546 1650 ,
1572 1613 1688 1650 plenam
1710 1625 1759 1652 per
1779 1616 1931 1648 Praesentes
1945 1618 2120 1650 Potestatem
2134 1621 2168 1652 &
2182 1622 2408 1661 Aufioritatem,

1351 1656 1384 1676 ac
1408 1646 1580 1681 Mandatum
1601 1653 1729 1691 generale
1750 1655 1784 1686 &
1806 1655 1922 1694 speciale
1937 1679 1947 1694 ‚
1971 1658 2008 1688 ita
2028 1666 2123 1689 tamen
2147 1659 2228 1697 quod
2250 1660 2412 1698 specialitas

1352 1684 1536 1720 Generalitati
1552 1699 1615 1721 non
1628 1691 1762 1731 deroget,
1779 1703 1834 1725 nec
1850 1697 1868 1725 ὲ
1881 1704 1980 1726 contra
1993 1720 2003 1733 ,
2026 1706 2080 1734 pro
2101 1696 2201 1727 Nobis
2216 1699 2250 1730 δε
2261 1698 2408 1730 Nomini-

1351 1724 1404 1754 bus
1430 1726 1556 1764 nostris3
1580 1729 1713 1761 videlicet
1725 1754 1736 1770 ,
1757 1731 1894 1764 Nomine
1915 1734 2004 1764 nostri
2028 1734 2220 1766 Maximiliani
2234 1735 2327 1767 Eleffl
2345 1737 2410 1768 Ro-

1351 1771 1506 1806 rnanorum
1529 1765 1707 1804 Imperatoris
1721 1791 1732 1808 ,
1755 1771 1814 1801 tam
1835 1781 1889 1810 pro
1910 1772 2011 1803 Nobis
2032 1774 2066 1804 &
2085 1773 2220 1805 Nomine
2232 1775 2332 1806 nostro
2343 1786 2411 1814 pro-

1351 1811 1433 1844 prio,
1454 1804 1540 1840 quam
1552 1805 1681 1848 JI'utorio
1696 1810 1832 1847 nomine,
1851 1811 1885 1841 &
1900 1819 2033 1848 tanquam
2046 1812 2114 1842 Avo
2128 1821 2262 1851 paterno,
2281 1814 2314 1844 δε
2330 1814 2410 1854 legit-

1351 1848 1427 1884 timo
1441 1841 1640 1875 Gubernatore
1654 1869 1663 1883 ,
1689 1848 1722 1878 &
1738 1847 1976 1880 Administratore
1992 1849 2125 1880 Personae
2138 1852 2172 1882 ὃ(
2188 1850 2338 1883 Bonorum
2356 1863 2410 1883 no-

1352 1877 1402 1908 stri
1414 1879 1505 1909 Caroli
1521 1882 1692 1914 Archiducis
1703 1885 1840 1924 Principis
1855 1886 2069 1927 Hispaniarum,
2086 1890 2145 1921 ὅτε.
2162 1889 2340 1921 &Nomine
2356 1902 2410 1922 no-

1352 1915 1400 1946 stri
1421 1918 1518 1948 Karoli
1530 1943 1540 1958 ,
1563 1921 1744 1954 Auetoritate
1762 1925 1796 1955 ὃ(
1812 1926 1939 1963 expresso
1952 1925 2099 1958 Consensu
2116 1927 2205 1958 nostri
2220 1928 2413 1960 BIaxr'miliani

1351 1953 1445 1986 Eleffi
1467 1957 1667 1990 Romanorum
1687 1960 1867 2000 Imperatoris
1879 1987 1889 2002 ‚
1914 1973 1946 1995 ut
1965 1965 2042 2003 Avi,
2067 1966 2100 1997 &
2114 1966 2234 1997 Tutoris
2245 1967 2411 2008 supradicti,

1351 1993 1514 2031 hujusmodi
1536 1998 1698 2030 Articulum
1721 2001 1766 2031 seu
1789 2001 1954 2039 Capitulum
1975 2003 2011 2033 de
2032 2004 2133 2034 Literis
2156 2004 2383 2036 Confirmatoriis
2399 2031 2410 2046 ,

1351 2031 1538 2070 Obligatoriis
1551 2058 1560 2074 ‚
1588 2039 1622 2067 &
1641 2039 1699 2068 aliis
1721 2040 1751 2070 in
1771 2039 1855 2071 dietis
1867 2041 2049 2072 Trac'tatibus
2064 2042 2223 2081 declaratis,
2241 2044 2309 2074 hinc
2323 2045 2408 2083 inde,

1351 2079 1384 2101 ut
1398 2073 1562 2111 praefertur,
1577 2074 1738 2116 Tradendi,
1753 2076 1798 2108 Ex
1820 2079 1949 2118 ediendi‚
1963 2079 2129 2119 Exequendi
2143 2104 2153 2119 ,
2171 2081 2357 2121 Perficiendi‚
2375 2085 2410 2115 &

2458 353 2546 390 1508.

2431 393 2495 418 Her».
2512 400 2540 425 7.

2433 430 2449 443 ⁸⁸
2464 429 2549 458 XIII.

2434 465 2498 496 228.

1347 2108 1384 2139 ad
1400 2109 1538 2143 effec'tum
1553 2113 1744 2155 Deducendi,
1759 2117 1789 2155 ip
1800 2118 1882 2156 asque
1898 2118 2014 2149 Litteras
2033 2119 2129 2150 debite
2147 2121 2180 2152 &
2196 2121 2227 2150 in
2241 2121 2332 2152 valida
2347 2122 2408 2152 sor·
2448 2136 2456 2145 ι

1348 2147 1400 2178 rna
1417 2150 1564 2182 consecras
1577 2176 1586 2189 ,
1608 2154 1637 2182 in
1653 2153 1732 2185 ἀίᾶο
1745 2155 1874 2187 Articulo
1887 2156 1933 2187 seu
1948 2157 2084 2189 Articulis
2097 2157 2263 2198 designatas,
2281 2160 2340 2190 tarn
2357 2170 2409 2197 ge-

1346 2187 1452 2218 nerales
1465 2199 1550 2227 quam
1564 2191 1712 2231 speciales,
1729 2193 1764 2223 &
1778 2196 1864 2225 etiam
1877 2194 1986 2226 nostras
1999 2206 2032 2227 ac
2053 2195 2212 2227 Nobilium
2227 2199 2261 2229 ὃ(
2275 2197 2409 2236 Oppido-

1346 2234 1412 2255 rum
1432 2226 1623 2267 Obligatorias
1642 2231 1781 2270 requisitas
1797 2255 1808 2270 ‚
1831 2233 1948 2264 Oratori
1962 2235 2008 2265 vel
2024 2234 2194 2265 Oratoribus
2205 2235 2277 2266 dieti
2294 2237 2408 2274 Angliae

1346 2266 1424 2301 Regis
1436 2265 1517 2303 super
1528 2268 1586 2298 hoc
1600 2269 1767 2301 aue'torisato
1780 2270 1826 2301 vel
1841 2272 2023 2311 auctoritatis,
2041 2275 2070 2303 in
2082 2272 2207 2305 Civitate
2223 2274 2409 2306 Londonien-

1347 2301 1368 2331 sl
1385 2303 1495 2334 realiter
1510 2306 1545 2336 ὃς
1562 2316 1630 2336 cum
1648 2307 1755 2338 effestu
1768 2311 1833 2340 vice
1846 2310 1944 2342 nostra
1965 2311 2113 2343 Tradendi
2127 2334 2137 2349 ,
2156 2312 2358 2351 Deliberandi,
2373 2316 2407 2346 &

1346 2339 1523 2378 Expediendi
1539 2368 1550 2382 ,
1571 2344 1798 2385 Confimilesque
1818 2347 1926 2379 Literas
1938 2350 1974 2380 ab
1989 2350 2095 2381 eodem
2109 2353 2178 2387 Rege
2191 2351 2322 2389 Angliae,
2341 2352 2408 2383 Illu-

1345 2378 1536 2423 striffirnoque
1550 2386 1671 2421 Principe
1689 2385 1797 2415 Wlliae
1813 2387 1872 2424 ejus
1893 2387 1964 2419 Filio
1978 2410 1988 2425 ,
2005 2390 2038 2420 δε
2051 2389 2103 2420 suis
2119 2389 2279 2420 Nobilibus
2291 2391 2325 2421 &
2343 2390 2408 2429 Op-

1345 2417 1417 2455 pidis
1435 2420 1465 2450 in
1489 2421 1594 2452 eodem
1617 2422 1755 2454 'smitam
1775 2424 1922 2461 designatis
1935 2451 1944 2464 ,
1967 2427 2071 2458 eisdem
2094 2428 2160 2458 vice
2177 2428 2273 2458 nostr-i
2288 2429 2405 2460 tradi&

1344 2456 1491 2527 ἓεῐίρετῧζί
1511 2460 1629 2492 Petendi
1644 2484 1656 2501 ,
1683 2461 1912 2502 Recipiendique
1925 2487 1936 2504 ,
1957 2467 1991 2497 ὃς
2017 2466 2212 2504 Qietantiam
2227 2466 2262 2497 de
2276 2466 2406 2507 Recepta

1370 2505 1450 2527 acien
1472 2507 1481 2527 1

1380 2533 1431 2564 De
1445 2521 1678 2577 Spdnsalibusque
1699 2540 1842 2578 praediffis
1857 2542 1982 2573 invicem
1996 2542 2154 2574 Traoandi
2170 2544 2203 2575 &
2217 2543 2406 2575 Concluden-

1344 2571 1390 2609 di,
1408 2572 1516 2613 Illaque
1539 2585 1590 2615 per
1611 2579 1742 2616 praefatos
1762 2578 1982 2611 Commiffarios
2005 2583 2039 2613 &
2055 2581 2191 2613 Oratores
2207 2582 2321 2613 nostros
2335 2605 2344 2620 ,
2362 2585 2409 2615 vel

1344 2611 1454 2649 aliquos
1467 2622 1502 2643 ex
1516 2613 1597 2653 ipfis,
1612 2617 1646 2647 &
1662 2617 1817 2655 quemlibet
1831 2618 1954 2656 iplbrum
1971 2621 2002 2650 in
2022 2620 2142 2651 solidum
2153 2644 2162 2658 ,
2183 2631 2255 2658 quos
2268 2621 2302 2651 ad
2319 2620 2409 2652 Infra-

1348 2648 1448 2687 scripta
1463 2652 1616 2689 specialiter
1629 2655 1773 2687 dumtaxat
1788 2658 1852 2687 vice
1866 2657 1956 2688 nostri
1967 2659 2068 2688 Karoli
2083 2658 2174 2689 modo
2190 2659 2327 2696 praedieto
2339 2670 2410 2690 con-

1346 2687 1490 2720 stituimus
1504 2691 1538 2721 &
1550 2691 1734 2732 deputamus,
1751 2705 1801 2733 per
1814 2695 1910 2726 Verba
1927 2696 1961 2726 ad
1976 2697 2034 2728 hoc
2045 2705 2107 2734 apta
2123 2698 2157 2728 δε
2170 2697 2407 2729 secundumcon-

1347 2727 1493 2758 tinenriam
1508 2729 1579 2760 diCti
1591 2731 1763 2770 Transsatus,
1782 2743 1881 2763 coram
1896 2733 2021 2765 Duobus
2035 2734 2202 2772 Apostolica
2217 2737 2250 2767 &
2266 2735 2406 2774 Imperiali

1346 2764 1572 2809 Auctoritatibus
1593 2769 1724 2800 Notariis
1737 2792 1746 2808 ,
1766 2772 1800 2802 &
1813 2770 1952 2818 ‘festibus
1963 2772 1996 2801 ad
2011 2773 2070 2816 hoc
2081 2773 2233 2818 specialiter
2247 2776 2355 2805 vocatis
2369 2776 2404 2806 δε

1346 2812 1473 2884 {iiiia}
1486 2807 2213 2894 ffissdfflnssgffffiispi'issffifflss5313}ssss
2223 2812 2406 2883 ἇῗέῖζὴὲἑί

1345 2878 1391 2917 dl,
1409 2881 1443 2911 ὃς
1460 2889 1530 2924 curn
1551 2882 1658 2913 effectu
1677 2884 1866 2924 sponsahaque
1883 2885 1939 2924 Ipsa
1958 2886 2164 2918 Solemmsandr
2180 2911 2191 2926 ‚
2206 2888 2404 2926 &Juramen-

1346 2926 1408 2947 turn
1421 2919 1452 2949 in
1466 2918 1518 2948 hus
1534 2921 1696 2958 requisitum
1711 2924 1739 2952 in
1755 2923 1891 2954 Animam
1904 2924 2031 2955 nostram
2049 2925 2222 2965 Praestmdi,
2240 2928 2273 2958 &
2290 2927 2341 2958 alia
2349 2928 2403 2960 Fa-

1350 2956 1445 2986 ciendi
1465 2966 1549 2993 prout
1566 2960 1666 2990 melitis
1681 2961 1714 2992 δε
1731 2963 1950 2993 convenientius
1961 2963 1997 2994 de
2007 2963 2075 3001 Jure
2088 2963 2146 2994 fieri
2161 2967 2282 3004 poterit,

1382 2994 1549 3034 Omniaque
1579 2998 1614 3028 δε
1637 2998 1740 3037 singula
1762 3001 1838 3031 circa
1859 2999 2067 3033 Executionem
2089 3003 2122 3034 δε
2139 3002 2405 3036 Solemnisationem

1345 3032 1507 3070 hujusmodi
1522 3034 1733 3072 Sponsaliorum
1747 3038 1898 3069 neceffaria
1912 3041 1946 3071 δε
1962 3050 2120 3079 oportuna,
2148 3042 2181 3072 ὃς
2203 3052 2270 3080 quae
2289 3042 2325 3073 de
2334 3042 2406 3081 Jure

1345 3072 1391 3102 vel
1408 3071 1624 3105 Consuetudine
1645 3077 1673 3105 in
1699 3077 1861 3115 hujusmodi
1884 3078 1950 3109 astu
1971 3079 2181 3116 Sponsaliorum
2203 3082 2381 3119 requiruntur
2394 3105 2405 3120 ,

1344 3110 1390 3140 vel
1411 3109 1469 3140 fieri
1489 3112 1722 3152 consueverunt,
1748 3115 1874 3146 Dicendi
1898 3117 1932 3147 &
1955 3116 2123 3156 Exequendi
2135 3141 2145 3156 ‚
2165 3118 2352 3158 Gerendique
2369 3121 2402 3152 &

1345 3147 1523 3179 Excercendi
1545 3160 1611 3188 quae
1631 3151 1757 3184 Nosmet
1777 3153 1933 3186 faceremus
1945 3179 1955 3194 ,
1983 3155 2002 3186 fi
2019 3156 2165 3194 praesentes
2179 3157 2212 3187 &
2224 3157 2403 3195 personaliter

1344 3187 1541 3232 inter-eflernus
1554 3211 1564 3227 ,
1591 3191 1676 3234 etiarn
1700 3191 1720 3221 fi
1743 3191 1804 3222 talia
1826 3193 1940 3230 forent,
1957 3204 2021 3236 quae
2035 3194 2108 3225 dese
2125 3194 2295 3227 Mandatum
2311 3197 2403 3237 exige-

1343 3225 1757 3310 ‘effiffigsffpssfflenssffiff
1769 3230 2285 3316 {zaszffiss'ffiegrs'ssffiffgffaffasu
2299 3274 2404 3312 quibus

1344 3301 1424 3339 supra
1437 3325 1447 3341 ,
1469 3303 1625 3340 specialiter
1645 3307 1679 3336 ὃς
1691 3307 1816 3344 expresse
1830 3308 2026 3340 Renuncrandi
2040 3309 2183 3341 Beneficio
2200 3311 2402 3351 cujuscumque

1344 3339 1545 3372 Restitutionis
1566 3344 1595 3373 in
1619 3345 1760 3383 integrum
1778 3346 1814 3376 de
1825 3345 1911 3385 Jure,
1927 3346 2132 3378 Consuetudini
2150 3348 2195 3380 vel
2213 3349 2324 3381 Statuto
2336 3350 2400 3381 Mi-

1345 3379 1462 3409 noribus
1481 3381 1616 3411 concesso
1632 3406 1641 3419 ,
1665 3383 1745 3421 quod
1761 3383 1830 3414 Nos
1842 3388 1993 3423 Imperator
2007 3396 2067 3418 non
2080 3386 2173 3417 sumus
2183 3387 2298 3428 Tutor,
2317 3388 2399 3428 quod

1344 3416 1429 3447 Onus
1440 3418 1556 3449 Tutelae
1570 3420 1600 3450 in
1615 3420 1682 3451 Nos
1701 3431 1761 3452 non
1774 3423 2017 3463 allumpserimus,
2034 3433 2079 3455 aut
2098 3426 2116 3444 ³*
2135 3425 2250 3457 Tutelae
2271 3427 2317 3457 vel
2338 3427 2400 3458 Ad-

1344 3455 1541 3487 ministrationi
1564 3468 1624 3488 non
1647 3461 1884 3492 immiscuerit-nus
1895 3485 1905 3501 ,
1923 3461 2094 3502 Exceptioni
2108 3462 2283 3496 Contractus
2295 3466 2324 3496 in
2341 3475 2401 3496 rem

1344 3495 1379 3526 &
1395 3495 1545 3526 utilitatem
1566 3495 1668 3533 Pupilli
1688 3508 1748 3528 non
1768 3500 1835 3531 facti
1854 3501 1889 3531 ὃς
1912 3500 1982 3540 gesti
1999 3525 2008 3540 ,
2026 3501 2196 3540 Exceptioni
2212 3502 2269 3533 Rei
2287 3513 2348 3534 non
2361 3504 2399 3536 fic

1344 3532 1461 3571 Gestae,
1478 3543 1594 3564 necnon
1610 3535 1734 3575 Legibus
1749 3537 1863 3569 Statutis
1876 3539 1909 3570 δε
1926 3539 2188 3572 Consuetudinibus
2208 3541 2327 3572 Tutoris
2339 3552 2399 3573 rea-

1345 3570 1404 3602 lem
1426 3572 1460 3603 &
1483 3572 1657 3609 personalem
1679 3573 1860 3607 Pi·aesentiam
1883 3578 1912 3606 in
1931 3576 2030 3610 Caufis
2054 3580 2088 3611 &
2101 3578 2136 3609 N
2171 3580 2235 3610 otiis
2251 3579 2397 3618 Pupillum

1344 3610 1521 3648 tangentibus
1534 3613 1740 3649 requirentibus
1755 3614 1788 3645 ὅ(
1801 3614 1996 3655 exigentibus,
2014 3617 2131 3647 simulati
2179 3618 2345 3657 eumerus,
2364 3621 2398 3651 &

1342 3647 1505 3687 generaliter
1519 3651 1654 3681 omnibus
1666 3651 1783 3690 Legum
1797 3653 1830 3684 &
1851 3653 2009 3685 canonum
2023 3655 2267 3694 Appellationibus
2279 3680 2289 3696 ,
2315 3658 2400 3697 Que-

1343 3687 1423 3724 relis,
1442 3686 1712 3728 Provocationibus,
1728 3689 1954 3729 Exceptionibus
1975 3693 2009 3724 &
2032 3693 2252 3725 Defenfionibus
2265 3696 2328 3736 2&
2344 3696 2402 3727 aliis

1340 3724 1414 3764 Juris
1427 3726 1460 3756 δε
1474 3725 1553 3755 Facti
1566 3726 1710 3758 Beneficiis
1723 3729 1947 3770 quibuscumque
1961 3733 2049 3771 pure,
2066 3731 2167 3770 sponte
2184 3733 2217 3764 &
2230 3733 2354 3764 ablolute
2367 3735 2398 3765 in

1343 3763 1462 3800 Scriptis
1475 3787 1486 3800 ‚
1509 3766 1544 3794 &
1564 3765 1594 3794 in
1616 3766 1676 3795 vim
1697 3766 1778 3798 Paeti
1802 3769 1909 3800 roeliter
1930 3771 1964 3802 δε
1982 3779 2048 3800 curn
2062 3769 2168 3801 effetffm
2182 3771 2397 3810 Renunciandi,

1344 3801 1526 3833 Declarantes
1545 3803 1674 3843 insuper,
1689 3806 1722 3836 &
1736 3806 1836 3844 sponte
1850 3807 2066 3840 eonsentientes
2086 3818 2137 3846 per
2160 3809 2302 3849 expressa,
2316 3812 2397 3849 quod

1342 3841 1442 3871 omnia
1459 3841 1492 3871 &
1510 3841 1613 3880 finguJa
1629 3866 1638 3879 ‚
1657 3852 1706 3880 per
1719 3844 1832 3875 eosdem
1849 3845 2048 3877 Procuratores
2061 3846 2174 3877 nostros
2187 3847 2397 3886 supranomina-

1342 3887 1386 3910 tos
1398 3879 1432 3909 &
1445 3879 1600 3916 quemlibet
1613 3880 1739 3918 ipsorum
1753 3884 1782 3913 in
1796 3883 1915 3914 solidum
1931 3886 2006 3915 circa
2019 3884 2285 3917 Solemnisationem
2302 3887 2397 3926 Spon-

1341 3917 1435 3948 salium
1451 3917 1552 3948 Modo
1567 3919 1704 3956 praedizsto
1720 3921 1754 3951 ὃς
1778 3923 1807 3951 in
1827 3923 1887 3953 vim
1907 3923 2046 3960 praesentis
2067 3922 2198 3955 Mandati
2218 3924 2326 3964 fienda,
2344 3935 2395 3959 ge-

1342 3955 1444 3993 renda,
1462 3956 1496 3986 &
1518 3957 1691 3996 exercenda,
1705 3961 1776 3990 tanti
1794 3960 1920 3990 Roboris
1941 3962 1975 3992 ὅ(
1997 3960 2144 3992 ΕΗίεεςί-ιτ
2163 3963 2194 3992 in
2210 3960 2394 4001 quocuque

1338 3993 1454 4032 Judicio
1479 3994 1525 4024 vel
1545 3996 1612 4026 alibi
1631 3996 1684 4026 sint
1705 3998 1739 4029 &
1757 3997 1814 4028 esse
1837 3998 1978 4036 debeant,
2005 4009 2089 4037 prout
2106 4000 2139 4030 &
2152 4000 2172 4031 fi
2184 4003 2282 4032 eadem
2298 4003 2393 4032 omnia

1341 4032 1413 4102 {pusii}
1437 4040 1547 4070 ternpus
1558 4056 1569 4072 ,
1592 4035 1622 4064 in
1639 4035 1718 4066 dieto
1738 4036 1876 4067 Trat‘tatu
1894 4037 2054 4075 expressum
2069 4062 2079 4076 ,
2103 4038 2178 4070 Ειᾶα
2200 4041 2234 4071 &
2264 4039 2394 4070 conclusa

1355 4081 1381 4102 ul
1406 4079 1456 4102 ent

1384 4093 1583 4142 Prorriittentoe
1601 4111 1678 4143 bon-52
1696 4111 1762 4143 Fide
1778 4111 1896 4181 nostrii?
1921 4123 1955 4145 ac
1972 4115 2000 4145 in
2015 4113 2114 4146 Verbo
2129 4115 2227 4146 nostro
2248 4113 2395 4184 Οεείὲτεεέἔ

2418 3424 2438 3444 *
2456 3426 2542 3455 ΧΙΙῙ.

2421 3473 2484 3500 229.
