2555 4266
218 114 270 150 62
641 108 1443 157 CONVENTIONES,

70 190 202 221 Anu-D.
221 192 419 231 pertinentiis,
437 194 466 222 in
483 192 579 224 Pount
594 192 701 231 Eland,
720 194 809 224 Parva
823 193 930 232 Eland,
950 194 1096 233 Mersfyn,
1115 194 1204 235 Hygh
1214 194 1281 226 Cal-

74 240 79 243 *
99 238 183 268 1475.
223 240 343 269 verton,
363 231 519 262 Calverton
535 231 655 270 Valens,
674 234 707 263 &
722 232 893 270 Mellesden,
910 235 940 263 in
954 232 1103 264 Comitatu
1126 234 1282 272 praedicto,

70 269 138 296 Edv-
156 280 186 304 4·
220 280 335 300 necnon
353 269 537 300 Medietatem
561 272 692 301 omnium
715 271 869 302 Terrarum
892 272 925 302 &
947 271 1199 303 Tenementorum
1217 272 1282 302 suo-

218 318 286 338 rum
300 332 309 345 ,
334 317 402 338 cum
426 307 625 347 pertinentiis,
651 311 680 339 in
703 309 884 347 Neuburgb,
908 310 1082 349 Thornton,
1104 311 1280 350 Henssiagh,

220 346 343 383 Lowes,
362 346 515 385 Walwyk,
535 347 681 386 Qarnle,
699 349 732 378 ὃ(
756 348 925 386 Tresethall,
942 350 970 379 in
992 349 1096 379 eodem
1115 349 1278 386 Comitatu,

218 395 252 415 ac
275 386 358 414 etiam
380 386 477 415 omnia
501 386 604 416 Terras
627 387 661 417 &
676 387 858 417 Tenementa
875 386 934 423 sua,
952 397 1021 418 cum
1038 387 1233 426 Pertinentiis,
1252 388 1281 417 in

217 423 358 462 Kyrkeby
374 422 496 454 Kendall
509 425 538 454 in
555 423 706 457 Comitatu
721 424 986 461 Westmerlandiae,
1001 436 1035 457 ac
1057 426 1222 457 Manerium
1244 425 1280 456 de

217 461 351 500 Drayton
376 472 445 492 cum
468 462 646 494 Pertinentiis
665 464 695 493 in
720 462 867 495 Comitatu
891 463 1099 502 Middlesexiae,
1125 466 1157 495 &
1180 465 1279 494 omnia

219 499 320 529 Terras
334 501 367 532 &
379 501 562 531 Tenementa
578 502 622 532 sua
634 512 703 532 cum
719 501 894 533 Pertinentiis
910 504 938 532 in
958 503 1030 533 Villa
1044 502 1143 533 Calesri
1156 503 1189 533 &
1199 501 1281 531 Mar-

217 538 288 568 chiis
311 538 452 577 ejusdem,
470 550 586 570 necnon
608 540 814 571 Reverfionem
835 541 1037 571 Maneriorurn
1052 541 1088 571 de
1113 541 1139 571 L
1159 539 1280 577 nwode,

216 576 393 622 Thursweyl,
420 577 652 623 Grymesthorp,
677 578 824 609 Edenham
840 604 849 617 ,
878 579 1029 618 Aylestrop
1044 602 1054 617 ,
1078 580 1111 610 &
1154 577 1280 615 outhorp

1512 108 1898 164 LITERAE,

1317 193 1468 231 praedi&os
1479 193 1525 225 seu
1539 203 1640 225 eorum
1652 195 1749 233 aliquis
1764 195 1809 226 vel
1830 197 1970 236 aliquem,
1986 193 2124 229 adducere
2145 197 2257 230 valeant
2277 196 2312 228 &
2332 206 2383 228 va-
2398 195 2474 227 Ann.
2486 198 2528 232 D.

1317 232 1493 308 leaffluomm
1507 271 1640 301 omnium
1658 270 1814 301 Saccorum
1829 272 1863 302 ὃς
1885 271 2043 304 Clavorum
2067 274 2211 306 Lanarum
2233 272 2381 311 praedic‘h-
2399 244 2523 312 Ειῐλῒῗξ...

1317 319 1380 339 rum
1399 308 1549 340 Custumae
1564 311 1598 340 &
1614 309 1757 346 Subsidia,
1768 309 1844 346 juxta
1859 310 1964 341 Ratam
1979 313 2135 348 (videlicet)
2153 314 2284 353 Quatuor
2295 315 2380 342 Mar-

1316 358 1406 377 carum
1426 355 1535 377 tantum
1553 349 1586 378 &
1612 357 1669 377 non
1693 347 1776 385 ultra,
1796 356 1847 384 pro
1869 347 2017 379 Custumis
2037 351 2070 380 &
2089 351 2239 389 Subndiis,
2265 361 2298 381 ac
2322 351 2380 380 aliis

1316 387 1447 417 Deveriis
1472 386 1591 423 Calesri,
1607 386 1643 416 de
1665 387 1709 417 seu
1734 395 1788 423 pro
1809 386 1939 429 quolibet
1958 387 2050 418 Sacco
2076 388 2215 420 Lanarum
2231 389 2381 427 praedi&a-

1661 423 2190 495 &affluxerint-stanam
2217 428 2329 498 {aa
2342 428 2376 496 s

1316 463 1467 532 ξιιιῗτῐιῃτξὲἇι
1483 473 1771 546 ΞιὶίᾳιιῗὲυὲῃΜὶΙῑιιηι
1786 501 1934 531 Librarum
1950 473 1981 531 ξι
1999 510 2062 532 toto
2071 502 2099 532 se
2108 476 2264 546 attir'igealit,
2290 477 2298 496 ι
2330 476 2345 497 a
2392 511 2411 530 ¹
2431 513 2498 542 ΧΠ,

1338 539 1467 581 *Absque
1481 543 1617 578 aliquibus
1631 540 1778 571 Custumis
1793 541 1837 570 seu
1852 539 2002 577 Subfidiis,
2020 548 2067 570 aut
2080 540 2139 571 abis
2159 540 2290 573 Deveriis
2303 553 2374 582 prae-
2391 551 2418 578 8,

1315 576 1413 615 dietis,
1440 588 1493 617 pro
1515 580 1620 609 eisdem
1647 579 1747 617 Lanis,
1771 578 1873 609 Pannis
1896 579 2013 616 Laneis,
2039 578 2163 617 Smnno,
2182 578 2322 620 Plumbo,
2340 583 2374 613 δε

59 1311 78 1330 *¹
98 1311 168 1340 xit.

215 625 286 645 cum
308 614 482 647 Pertinentiis
501 627 530 647 in
550 616 701 648 Comitatu
723 618 885 648 Lincolniae
904 641 913 655 ,
947 627 979 647 ac
1001 627 1134 648 omnium
1163 617 1277 646 illorum

214 653 372 685 Terrarum
390 656 423 686 &
437 655 686 686 Tenementorum
702 666 871 687 vocatorum
888 656 1067 686 Beaumount
1084 655 1140 686 Fee
1164 656 1194 684 in
1218 654 1282 685 Co-

214 693 315 723 mitatu
339 693 501 724 Lincolniae
514 719 524 732 ,
560 704 625 733 quae
645 697 784 724 Katerina
806 693 916 733 Ducrffa
938 693 1116 724 Norffolciae
1140 701 1217 723 tenet
1234 691 1280 736 'ad

211 730 388 763 Terminurn
403 732 478 763 Vitae
491 733 562 772 suae,
580 743 696 764 necnon
712 732 915 763 Reversionem
931 731 1054 763 Manerii
1069 732 1124 763 five
1147 731 1280 761 Βοπηηιι

211 768 249 799 de
274 769 435 810 Thorphall
451 771 531 810 juxta
557 771 654 801 Louth
679 781 747 801 curn
770 771 946 801 Pertinentiis
959 772 986 800 in
1006 771 1109 801 eodem
1131 769 1281 800 Comitatu

211 807 392 847 Lincolniae,
404 819 437 840 ac
455 811 540 840 etiam
558 809 764 839 Reverfionem
783 808 981 839 Maneriorum
996 810 1033 839 de
1049 809 1230 846 Riskyngton
1245 808 1279 838 &

210 845 323 916 D)lr·gby
339 858 409 879 curn
425 848 477 879 suis
491 848 634 878 Membris
649 848 682 878 ὃς
696 846 874 878 Pertinentiis
889 849 918 878 in
932 847 1036 878 eodem
1050 847 1198 878 Comitatu
1209 846 1280 876 Lin-

209 895 249 916 co
262 896 315 917 mae

248 910 334 963 Qiae’
344 924 460 964 quidem
482 923 648 954 Medietates
662 945 672 960 ,
694 922 883 954 Reverfiones
896 947 905 962 ,
935 924 1097 955 Manerium
1115 946 1125 961 ,
1150 922 1252 954 Terrae
1267 947 1277 961 ,

209 961 245 993 &
269 964 453 994 Tenementa
475 962 613 1000 praedieta
634 961 670 992 de
691 962 791 992 Nobis
816 971 944 994 tenentur
971 964 999 993 in
1025 962 1129 1001 Capite
1152 971 1184 993 ut
1205 961 1277 993 dici-

209 1008 255 1031 tur

245 1025 325 1070 flare
339 1039 423 1077 poffit
438 1039 471 1070 &
486 1038 662 1077 concedere,
681 1037 895 1070 Venerabilibus
909 1039 1038 1070 Patribus
1048 1062 1058 1078 ,
1075 1039 1182 1069 Thomae
1204 1042 1276 1069 Lin-

206 1077 332 1118 colnienfi
343 1077 519 1109 Cancellario
531 1078 630 1109 nostro
646 1078 773 1117 Angliae,
793 1079 827 1109 &
845 1079 990 1108 Edwardo
1014 1077 1185 1117 Carliolenfi,
1204 1078 1275 1115 Epi-

209 1116 302 1154 scopis
312 1141 321 1154 ,
331 1126 364 1147 ac
379 1116 520 1147 cariffimo
535 1116 752 1154 Consanguineo
770 1116 870 1146 nostro
885 1120 1001 1146 Hemico
1015 1120 1110 1147 Comiti
1121 1117 1275 1146 Northum-

207 1154 291 1191 briae,
308 1165 440 1193 necnon,
458 1154 578 1186 Dileffis
595 1156 628 1186 δε
645 1154 784 1185 Fidelibus
801 1156 870 1191 suis,
884 1155 1032 1185 Willielmo
1045 1155 1196 1196 Hastynges
1212 1155 1275 1186 Mi-

207 1193 246 1223 liti
269 1193 403 1224 Domino
429 1193 592 1233 Hastynges
615 1193 781 1225 camerario
807 1193 926 1231 nostro,
941 1194 1048 1224 Thomae
1070 1198 1274 1235 Mountgomery

208 1230 325 1271 Militi,
356 1232 484 1271 Johanni
503 1232 647 1270 Ganthorp
667 1231 784 1262 Clerico
796 1255 805 1270 ,
834 1232 983 1263 Willielmo
1003 1232 1138 1271 Skipwith
1159 1232 1272 1271 Militi,

208 1272 313 1300 Briano
333 1271 461 1309 Rouclyff
466 1272 512 1300 uni
530 1271 674 1301 Baronum
688 1271 724 1301 de
736 1270 886 1302 Scaccario
906 1271 1024 1308 nostro,
1044 1273 1160 1302 Guidoni
1179 1274 1275 1301 Faire—

202 1308 264 1350 fax
281 1311 328 1339 uni
345 1309 525 1340 Servientum
539 1309 705 1340 nostrorum
720 1310 754 1340 ad
772 1310 894 1347 Legem,
916 1310 1063 1340 Willielmo
1085 1309 1161 1349 Husy
1184 1316 1199 1343 ,⁶
1221 1311 1274 1341 At-

207 1356 319 1378 tornato
345 1348 459 1384 nostro,
475 1359 528 1385 ac,
546 1348 666 1378 Dilec‘tis
687 1349 785 1385 nobis,
813 1347 962 1378 lb'illielmo
987 1349 1083 1390 Paston
1107 1349 1272 1386 Armigero,

205 1386 321 1416 Roberto
346 1385 467 1424 Sheffild
481 1410 490 1424 ,
515 1386 646 1425 Johanni
665 1388 794 1425 Dawney
808 1410 817 1425 ,
838 1387 967 1425 Johanm'
987 1387 1114 1429 Topcbrf,
1138 1388 1272 1417 Richardo

205 1426 295 1462 Pago,
316 1424 464 1454 Jl'illielmo
480 1425 609 1464 Paynell,
628 1426 662 1456 ὃ(
681 1424 813 1455 Richardo
830 1425 941 1465 Ripley,

243 1463 383 1493 {labenda
407 1465 439 1494 ὃ(
464 1464 603 1494 Tenenda
623 1464 726 1494 eisdem
742 1488 750 1499 ,
774 1465 906 1503 Episcopis
924 1487 934 1502 ,
961 1468 1076 1502 Comisi,
1103 1464 1272 1503 lVillielmo,

203 1501 310 1530 Thomae
324 1505 528 1541 lisoantgomery
538 1526 547 1540 ,
566 1502 712 1540 Johanni,
732 1506 773 1532 W
773 1503 897 1541 sllielmo,
917 1507 1036 1541 Briauo,
1053 1504 1169 1533 Guidoni
1178 1527 1187 1542 ,
1197 1507 1239 1534 W
1239 1504 1273 1533 il-

203 1538 310 1578 lielmo,
336 1540 501 1577 lsVillielno,
526 1541 659 1578 Roberto,
684 1540 828 1579 Johanm',
851 1542 998 1581 Johanm',
1028 1542 1179 1580 Richardo,
1198 1542 1274 1572 Wil-

202 1577 308 1616 lielmo,
327 1579 360 1609 ὅ(
373 1579 525 1616 Richardo,
543 1580 576 1609 &
592 1579 761 1610 Haeredibus
785 1582 851 1617 suis,
868 1581 903 1610 de
927 1580 1025 1611 Nobis
1047 1582 1080 1611 &
1102 1581 1272 1612 Haeredibus

204 1616 307 1647 nostris
321 1627 370 1653 per
386 1618 504 1648 Servitia
519 1618 584 1648 inde
597 1618 690 1648 debita
706 1619 739 1649 δε
753 1619 902 1657 consueta,
921 1621 1148 1657 imperpetuum,

239 1655 276 1684 Et
301 1655 421 1693 eisdem,
439 1656 588 1695 Episcopis,
607 1660 721 1693 Com-iti,
743 1656 906 1695 Willielmo,
925 1658 1030 1688 Thomae
1054 1661 1273 1698 Mountgomery,

203 1693 350 1731 Johanni,
371 1695 521 1724 Willzelmo
531 1718 540 1730 ,
560 1697 663 1724 Briano
673 1719 681 1732 ,
698 1696 815 1724 Guidoni
825 1719 833 1733 ,
854 1698 896 1725 W
895 1695 1021 1735 illielmo,
1037 1697 1203 1733 Willielnm,
1218 1700 1272 1726 Ro-

202 1732 277 1761 berto
291 1756 300 1771 ,
324 1732 453 1771 Johanni
468 1756 477 1770 ,
501 1733 632 1771 Johanni
645 1757 654 1771 ‚
682 1733 814 1762 Rishardo
827 1757 836 1771 ,
863 1734 1029 1773 Willielmo,
1057 1735 1091 1765 &
1115 1735 1270 1774 Richardo,

203 1771 284 1807 quod
302 1771 350 1809 ipli
365 1771 409 1801 seu
426 1782 529 1802 eorum
542 1772 626 1810 aliqui
641 1772 685 1802 vel
702 1773 798 1810 aliquis
812 1771 997 1811 medietates,
1018 1774 1219 1812 Reveriiones,
1234 1775 1267 1806 &

202 1808 368 1839 Manerium
396 1810 527 1847 praediCta
543 1835 552 1847 ,
578 1821 611 1841 ac
640 1821 741 1842 caetera
763 1810 910 1842 Praemisia
932 1822 1001 1842 cum
1026 1811 1205 1842 Pertinentiis
1220 1837 1229 1850 ,
1255 1824 1269 1844 a

202 1848 319 1885 praefato
333 1848 434 1878 Thoma
448 1848 542 1886 Burgh
558 1851 682 1886 recipere
700 1848 822 1887 poffint,
838 1850 872 1880 δε
885 1860 980 1881 tenere
1002 1850 1061 1881 Sibi
1084 1852 1117 1882 &
1138 1851 1270 1881 Haeredi-

202 1887 255 1917 bus
273 1887 324 1917 suis
344 1887 485 1926 praedistis
507 1888 543 1918 de
564 1887 665 1918 Nobis
692 1889 725 1919 δε
741 1888 912 1919 Haeredibus
929 1889 1029 1919 nostris
1045 1890 1201 1928 praedietis,
1221 1900 1270 1928 per

201 1924 323 1955 Servitia
347 1926 500 1964 praedic‘ta,
525 1927 594 1957 sicut
613 1927 783 1965 praedictum
805 1926 864 1965 est,
887 1929 1095 1965 imperpetuum
1111 1951 1121 1967 ,
1149 1929 1269 1960 Tenore

200 1962 404 2002 Praesentium,
423 1965 546 1996 similiter
563 1965 721 1996 Licentiam
735 1965 862 1996 dedimus
876 1966 1042 2005 specialem,

240 2001 386 2033 Nolentes
408 2004 486 2039 quod
512 2004 640 2041 praefatus
660 2004 774 2033 Thomas
800 2004 910 2042 Burgh,
927 2005 972 2035 vel
992 2004 1129 2036 Haeredes
1147 2005 1202 2043 sui,
1221 2015 1269 2037 aut

199 2041 326 2080 praefati,
351 2041 492 2081 Eptfiopi,
516 2046 623 2081 Comes,
642 2042 819 2078 Willielmus,
839 2043 953 2074 Thomas
977 2048 1198 2085 Alountgomery,
1217 2046 1268 2081 Jo-

200 2079 317 2118 hannes,
336 2080 516 2120 Willielmus,
535 2084 671 2119 Brianus,
687 2082 792 2119 Guido,
813 2081 994 2120 Willielmus,
1011 2083 1192 2120 thllt'elmas,
1213 2086 1268 2113 Ro-

199 2117 307 2156 bertus,
330 2118 493 2158 Johannes,
518 2119 681 2157 Johannes,
705 2120 873 2159 Richardus,
892 2121 1076 2161 Willielmus,
1097 2122 1130 2152 &
1149 2121 1268 2151 Richar-

199 2156 265 2194 dus,
281 2157 325 2187 vel
343 2156 480 2188 Haeredes
497 2157 550 2195 sui,
572 2160 678 2190 ratione
693 2157 930 2197 Praemifforum,
946 2170 996 2197 per
1013 2161 1081 2191 Nos
1097 2160 1143 2190 vel
1167 2160 1270 2191 Haere-

198 2195 246 2225 des
262 2195 389 2233 nostros,
406 2196 597 2235 Justiciarios,
617 2197 796 2236 Escaetores,
816 2197 1028 2237 vicecomites,
1045 2209 1092 2230 aut
1107 2199 1174 2229 alios
1188 2199 1270 2230 Balli-

198 2244 251 2264 vos
267 2233 311 2264 seu
332 2234 482 2265 Ministros
498 2235 625 2274 nostros,
641 2236 685 2266 vel
699 2235 858 2266 Haeredum
874 2237 1038 2268 nostrorum
1055 2238 1270 2277 quoscumque,

198 2272 298 2341 gerris
319 2275 516 2313 temporibus,
542 2275 790 2314 Occafionentur,
817 2275 1011 2308 Molestentur
1037 2279 1065 2308 in
1086 2277 1198 2316 aliquo,
1223 2277 1268 2308 seu

234 2321 374 2342 raventur.

239 2348 271 2378 In
286 2351 384 2388 cujus,
405 2351 464 2382 δίς.

235 2388 324 2419 Teste
342 2389 423 2428 Rege
439 2391 512 2428 apud
529 2391 802 2432 liestmonasterium,
820 2393 915 2431 primo
930 2392 975 2423 die
984 2392 1071 2432 Junii.

280 2526 340 2557 Pro
364 2525 528 2557 Laurentio
553 2525 588 2558 de
611 2525 762 2569 Medicis,
779 2527 869 2573 fitper
896 2531 1026 2561 Pecunia
1050 2542 1202 2565 mutuata.

1317 614 1518 654 lxvrlercandifis,
1533 617 1578 647 seu
1595 618 1685 654 aliqua
1699 618 1767 648 inde
1783 617 1905 648 Parcella
1917 616 2015 648 Nobis
2029 617 2075 648 vel
2087 617 2378 660 Haeredibusnostris,

1317 653 1465 684 reddendis
1479 655 1524 685 seu
1539 656 1694 693 solvendis,
1870 674 1873 675 ν

1353 691 1390 722 Et
1400 693 1502 730 absque
1516 692 1697 731 Impetitione
1711 693 1799 723 nostri
1813 695 1859 725 vel
1875 694 2035 726 Haeredum
2051 693 2232 732 nostrorum,
2246 702 2293 726 aut
2308 695 2377 727 alio-

1317 740 1382 759 rum
1399 730 1617 762 Officiariorurn
1633 734 1678 762 seu
1705 731 1908 764 Ministrorum
1925 733 2091 764 nostrorum
2112 742 2382 774 quorumcumque,

1318 768 1364 799 vel
1377 769 1485 800 alterius
1496 771 1701 809 cujuscumque
1709 793 1718 807 ,

1354 806 1393 838 Et
1411 808 1512 846 absque
1531 807 1686 846 Compoto
1701 809 1746 840 seu
1764 809 1859 847 aliquo
1875 810 1948 848 alio,
1965 810 2065 841 Nobis
2081 810 2126 841 vel
2139 809 2310 841 Haeredibus
2324 821 2378 841 no-

1316 844 1377 875 stris
1394 846 1550 884 praedictis,
1573 857 1626 884 pro
1643 847 1746 878 eisdem
1767 847 1867 885 Lanis,
1885 848 1987 879 Pannis
2003 849 2120 886 Laneis,
2134 849 2259 888 Stanno,
2278 849 2378 879 Plum-

1317 883 1376 922 bo,
1407 885 1441 915 &
1465 884 1649 916 Mercandifis
1665 909 1675 923 ,
1703 886 1748 915 seu
1769 886 1859 923 aliqua
1879 887 1946 917 inde
1972 887 2094 918 Parcella
2110 910 2120 926 ,
2143 888 2188 918 seu
2209 897 2261 927 pro
2280 888 2381 926 aliqui-

1316 922 1370 953 bus
1390 922 1537 953 Custumis
1556 933 1601 954 aut
1627 924 1760 954 Subsidiis
1783 925 1971 963 eorumdem,
1989 926 2034 956 seu
2055 926 2169 962 alicuius
2185 927 2250 957 inde
2266 926 2381 957 Parcel-

1314 961 1431 1029 lae,daut
1452 962 1508 993 aliis
1531 962 1662 994 Deveriis
1686 963 1844 1001 praedictis,
1859 963 2005 994 reddendo
2029 963 2076 995 seu
2097 965 2254 1004 solvendo,
2277 966 2381 1004 quovis

1316 1009 1367 1030 mo
1388 1011 1424 1037 0,

1351 1038 1389 1068 Et
1404 1039 1506 1077 absque
1519 1039 1614 1078 aliqua
1628 1039 1773 1076 Bullione,
1790 1040 1837 1070 seu
1853 1039 1945 1077 aliqua
1962 1039 2063 1070 Uncia
2084 1041 2120 1072 de
2139 1040 2270 1072 Bullione
2289 1042 2381 1080 Auri,

1314 1077 1361 1107 vel
1376 1077 1480 1109 Valore
1495 1078 1618 1117 ejuldem
1635 1079 1670 1109 de
1688 1078 1832 1117 Argento,
1848 1088 1902 1115 pro
1915 1078 2043 1115 quolibet
2055 1079 2100 1109 seu
2115 1079 2210 1117 aliquo
2222 1080 2313 1111 Sacco
2322 1081 2380 1111 La-

1314 1117 1646 1186 ”afussssraedfflgqu
1666 1116 1810 1154 Magistro
1823 1117 1961 1155 minem,
1977 1116 2079 1147 Turris
2094 1118 2254 1149 Londoniae
2268 1119 2313 1151 seu
2329 1119 2379 1150 ali-

1313 1164 1423 1185 curan
1461 1165 1541 1186 ortan
1564 1167 1579 1186 a

1352 1193 1390 1224 Et
1407 1165 1510 1232 absque
1527 1179 1618 1233 aliqua
1632 1194 1804 1232 Securitate,
1821 1204 1871 1233 per
1886 1194 1977 1232 ipsos,
1996 1196 2194 1234 Laurentium,
2213 1194 2380 1235 Julianam,

1312 1231 1459 1272 Thomam,
1482 1232 1629 1272 Thomam,
1654 1233 1793 1263 Falconem
1807 1256 1818 1272 ,
1845 1234 1878 1264 &
1900 1232 2120 1272 Alexandrum,
2143 1233 2190 1264 seu
2209 1243 2310 1264 eorum
2330 1235 2381 1266 ali-

1311 1280 1414 1309 quem,
1432 1271 1477 1302 vel
1494 1271 1666 1302 Executorffi
1683 1272 1746 1302 suos
1757 1271 1923 1309 praedictos,
1941 1272 1985 1302 seu
1998 1272 2112 1310 alicujus
2124 1281 2224 1302 eorum
2236 1295 2246 1310 ,
2262 1281 2308 1303 aut
2321 1273 2380 1312 ejus

1312 1309 1358 1339 vel
1375 1320 1476 1340 eorum
1496 1310 1629 1341 Fastores
1645 1310 1702 1340 five
1717 1311 1882 1341 Attornatos
1899 1312 1927 1340 in
1945 1310 1998 1340 hac
2022 1320 2113 1348 parte,
2133 1311 2180 1342 seu
2203 1321 2305 1342 eorum
2327 1311 2379 1342 ali-

1313 1357 1418 1386 quem,
1439 1347 1625 1379 Custumariis
1640 1348 1696 1379 five
1721 1348 1934 1380 Colle&oribus
1955 1347 2162 1380 Custumarum
2182 1349 2215 1380 &
2233 1349 2378 1380 Subsidio-

1313 1397 1393 1425 rum,
1413 1388 1441 1417 in
1465 1387 1608 1418 Portubus
1619 1388 1778 1426 praedictis,
1795 1389 1840 1418 seu
1859 1397 1960 1418 eorum
1979 1388 2117 1426 aliquibus
2138 1387 2184 1419 vel
2206 1388 2379 1426 aliqu0,‚vel

1312 1435 1414 1456 eorum
1432 1426 1515 1457 alicui
1530 1437 1582 1464 pro
1603 1435 1734 1464 tempore
1756 1426 1955 1465 existentibus,
1972 1426 2161 1465 invenienda,
2180 1427 2236 1457 five
2257 1437 2307 1465 per
2327 1437 2379 1458 eo-

1313 1473 1378 1494 rum
1400 1465 1522 1503 aliquem
1544 1465 1708 1503 Capiet-oda,
1731 1465 1766 1495 ad
1788 1465 2003 1502 Reportandum
2023 1465 2079 1496 sive
2100 1464 2332 1503 Reducendum,
2359 1476 2376 1496 a

1312 1502 1441 1534 Partibus
1454 1504 1579 1543 Exreris,
1593 1505 1623 1534 in
1636 1503 1772 1543 Regnum
1789 1504 1921 1542 Angliae,
1940 1504 1996 1534 sive
2015 1504 2111 1541 aliter,
2128 1505 2247 1542 aliquam
2271 1503 2378 1535 Bullio-

1313 1551 1380 1571 nem
1397 1541 1519 1573 Massam
1535 1543 1590 1573 sive
1604 1542 1712 1574 Platam
1730 1543 1799 1572 Auri
1812 1543 1857 1573 vel
1871 1542 2006 1582 Argenti,
2022 1543 2056 1573 ad
2073 1542 2230 1573 Cambium
2245 1543 2302 1573 sive
2316 1541 2378 1573 Mi-

1315 1589 1410 1610 netam
1426 1581 1470 1612 vel
1484 1583 1548 1611 alibi
1566 1581 1786 1612 Deliberandam
1802 1591 1856 1620 pro
1869 1582 1996 1619 quolibet
2014 1582 2069 1611 live
2091 1581 2187 1620 aliquo
2203 1581 2296 1612 Sacco
2320 1581 2377 1612 La-

1312 1628 1411 1648 narum
1436 1620 1652 1658 praedictarum,
1670 1621 1714 1650 seu
1736 1620 1852 1659 alicujus
1873 1620 1940 1650 inde
1962 1619 2111 1658 Parcellae,
2129 1629 2178 1657 per
2191 1620 2280 1657 ipsos,
2296 1621 2375 1649 Lau-

1312 1661 1446 1695 rentium,
1469 1658 1634 1697 Julianum,
1661 1659 1809 1697 Thomam,
1834 1658 1978 1696 Thomam,
2005 1658 2161 1697 Falconem,
2187 1659 2219 1689 &
2239 1657 2375 1689 Alexan-

1311 1696 1408 1734 drum,
1424 1697 1468 1727 seu
1483 1707 1585 1727 eorum
1599 1698 1738 1735 aliquem,
1757 1698 1800 1727 vel
1814 1697 1986 1727 Executores
1998 1698 2059 1727 suos
2077 1696 2244 1735 praedictos,
2263 1697 2308 1728 seu
2326 1696 2377 1726 ali-

1311 1736 1389 1772 cujus
1402 1745 1522 1773 eorum,
1539 1745 1585 1767 aut
1603 1736 1660 1772 ejus
1676 1736 1720 1767 vel
1736 1746 1836 1766 eorum
1853 1736 1983 1766 Fadtores
2009 1736 2065 1767 sive
2089 1736 2254 1766 Attornatos
2295 1735 2376 1766 raedi-

1311 1773 1390 1817 (fios,
1409 1773 1457 1841 sel?¹
1479 1784 1578 1842 eortgm
1599 1776 1742 1813 aliquem,
1760 1783 1896 1813 praetexm
1918 1774 2076 1805 Literarum
2098 1773 2258 1804 nostrarum
2297 1783 2377 1805 aten-

1311 1819 1381 1842 tium
1401 1821 1427 1842 es
1451 1823 1478 1842 ι»
1499 1824 1531 1843 an
1553 1823 1572 1843 o

1348 1823 1498 1889 Aliquibluts
1517 1835 1632 1882 statutis
1646 1851 1702 1881 sive
1720 1850 1973 1889 Ordinationibus‚
1991 1852 2020 1881 in
2037 1851 2213 1882 contrarium
2225 1849 2306 1881 factis
2319 1849 2378 1882 five

1311 1889 1462 1928 ordinatis,
1484 1900 1542 1920 non
1561 1889 1750 1928 obstantibus,

1347 1927 1380 1957 In
1410 1930 1524 1966 plenam
1553 1929 1778 1960 Satisfaffionem
1804 1929 1837 1960 &
1866 1927 2120 1959 Contentationem
2139 1927 2227 1958 distae
2246 1927 2378 1958 Summae

1309 1965 1440 2034 ιἦιὶνιφαν
1453 1968 1564 1998 Milium
1579 1967 1745 2006 Librarum,
1764 1966 1886 2006 eisdem,
1904 1969 2057 1997 Laurentio
2067 1991 2077 2007 ,
2091 1965 2226 2005 Juliano,
2245 1965 2373 2006 Thomae,

1308 2009 1432 2045 T.omae,
1448 2007 1573 2046 Fulcom,
1590 2007 1623 2037 &
1638 2006 1805 2036 Alexandro
1815 2029 1825 2045 ,
1839 2016 1889 2044 per
1905 2006 1990 2044 Nos,
2009 2014 2038 2035 ut
2060 2005 2228 2043 praedic'ium
2250 2004 2308 2042 est,
2324 2004 2375 2035 de-

1310 2045 1430 2074 bitarum
1467 2047 1500 2076 &
1518 2045 1664 2085 quousque
1679 2045 1800 2082 eisdem,
1817 2047 1989 2084 Laurentio,
2004 2044 2142 2083 Juliano,
2160 2043 2286 2083 Thomae,
2299 2042 2374 2073 Tho-

1309 2094 1376 2122 mae,
1390 2086 1430 2112 Fu
1442 2088 1518 2123 coni,
1537 2085 1570 2115 &
1594 2082 1778 2122 Alexandro,
1795 2083 1839 2113 seu
1863 2093 1963 2113 eorum
1983 2084 2086 2121 alicui,
2103 2084 2148 2114 vel
2168 2082 2376 2112 Executoribus

1309 2121 1360 2151 suis
1376 2123 1536 2160 praedictis,
1554 2123 1600 2154 seu
1616 2132 1716 2153 eorum
1731 2122 1860 2161 alicujus,
1880 2131 1927 2153 aut
1943 2123 2001 2161 ejus
2017 2123 2061 2153 vel
2080 2131 2181 2152 eorum
2206 2120 2378 2152 Fa&0ribus

1310 2160 1367 2190 sive
1381 2161 1536 2192 Attornatis
1553 2161 1710 2200 praedictis,
1725 2161 1771 2191 vel
1787 2171 1886 2191 eorum
1900 2161 1998 2199 alicui,
2016 2161 2053 2191 de
2077 2160 2179 2191 eadem
2200 2158 2321 2191 Summa}¹
2343 2160 2376 2190 in

1309 2199 1404 2230 forma
1417 2200 1551 2238 praedic'li
1570 2201 1689 2240 plenarie
1705 2199 1874 2230 satisfactum
1892 2199 1976 2230 fuerit
1991 2201 2025 2230 &
2040 2207 2255 2237 contentatum,

1349 2238 1404 2268 Per
1429 2238 1674 2276 INDENTURAS,
1699 2239 1765 2268 inde
1786 2239 1857 2268 inter
1877 2238 1964 2276 ipsos,
1989 2241 2186 2274 Laurentium,
2204 2236 2377 2275 Julianum,

1309 2276 1451 2315 Thomam,
1477 2277 1623 2314 Thomam,
1650 2276 1809 2315 Falconem,
1832 2277 1866 2307 &
1888 2276 2085 2307 Alexandrum
2098 2300 2109 2314 ,
2134 2275 2179 2306 seu
2198 2285 2301 2307 eorum
2323 2275 2374 2305 ali-

1309 2325 1414 2354 quem,
1433 2317 1480 2347 vel
1494 2326 1594 2347 eorum
1612 2317 1636 2347 F
1637 2317 1742 2346 actores
1756 2316 1813 2347 five
1829 2315 1992 2346 Attornatos
2015 2314 2182 2353 praedictos,
2199 2314 2246 2344 seu
2271 2323 2374 2344 eorum

1308 2355 1450 2392 aliquem,
1470 2356 1503 2385 δε
1518 2354 1719 2385 Custumarios
1741 2354 1795 2384 five
1817 2353 1997 2384 Collectores
2019 2353 2223 2384 Custumarum
2246 2353 2377 2396 δεδιὼ-

1308 2393 1462 2430 iidiorum,
1482 2395 1509 2423 in
1527 2393 1668 2424 Portubus
1691 2392 1848 2432 praedietis,
1866 2393 1910 2423 seu
1924 2403 2025 2424 eorum
2044 2393 2181 2430 aliquibus
2199 2390 2244 2422 vel
2263 2391 2374 2429 aliquo,

1308 2442 1360 2470 pro
1375 2441 1504 2470 ternpore
1521 2431 1685 2469 existentes,
1705 2441 1780 2462 exrra
1796 2442 1867 2470 quos
1881 2432 1927 2462 vel
1948 2441 2035 2469 quem
2059 2431 2168 2468 Lanas,
2183 2429 2297 2459 Pannos
2319 2429 2376 2459 La-

1308 2481 1395 2508 neOS,
1412 2471 1571 2509 Stannum,
1589 2472 1622 2501 &
1640 2471 1814 2507 Plumbum,
1830 2471 1874 2501 seu
1890 2471 2009 2508 aliquam
2024 2470 2089 2499 inde
2104 2468 2257 2498 Parcellam
2273 2467 2311 2497 fic
2331 2477 2376 2497 es-

1308 2510 1415 2547 kippari
1442 2512 1475 2541 &
1500 2510 1626 2548 traduci,
1644 2520 1691 2540 aut
1709 2510 1738 2538 in
1759 2519 1832 2546 quos
1852 2509 1898 2539 vel
1920 2518 2005 2546 quem
2027 2506 2216 2537 Mercandisas
2230 2505 2377 2543 praedietas

1308 2549 1346 2578 ἧς
1364 2548 1465 2578 adduci
1479 2550 1652 2587 contigerit,
1672 2548 1922 2584 Eskippationem,
1940 2546 2186 2589 Traducstionem,
2205 2544 2262 2575 five
2275 2544 2376 2591 Addu-

1309 2587 1438 2617 &ionem
1453 2586 1508 2617 illas
1518 2608 1528 2625 ,
1543 2586 1579 2617 de
1595 2594 1728 2625 ternpore
1745 2587 1775 2615 in
1789 2595 1916 2623 tempus,
1936 2584 2033 2615 debite
2049 2583 2258 2622 conficiendas,
2276 2582 2298 2613 'I
2308 2582 2375 2614 esti-

49 2618 126 2648 Ann.
146 2617 185 2648 D.
204 2622 239 2676 P
259 2618 315 2649 Ex
332 2619 493 2663 Omnibus,
509 2620 544 2650 ad
561 2630 647 2659 quOS,
667 2622 727 2652 &e
744 2621 880 2653 Salutem.
1310 2625 1441 2664 ficantes,

80 2666 151 2695 ¹475
159 2680 162 2683 Δ
226 2649 254 2675 x
295 2659 392 2688 SC¹³1¹³
406 2659 503 2695 quod,
1346 2664 1401 2695 Per
1414 2674 1534 2702 quarum
1548 2663 1665 2702 quidem
1678 2662 1971 2694 INDENTURARUM
1989 2663 2101 2693 alteram
2124 2662 2255 2704 Partem,
2271 2661 2306 2692 &
2326 2661 2375 2691 has

49 2700 102 2725 Aa,
124 2706 164 2731 ¹1·-
242 2695 323 2727 Cum
353 2697 471 2727 Summa
488 2697 626 2763 finitaque
647 2697 768 2726 Milliurn
793 2697 942 2727 Librarum
960 2721 969 2735 ,
998 2698 1119 2729 Dileffis
1142 2701 1241 2732 Nobis
1257 2727 1266 2741 ,
1308 2702 1415 2733 Literas
1431 2703 1554 2740 nostraS,
1573 2713 1606 2734 ac
1624 2702 1722 2733 Brevia
1736 2701 1850 2739 nostra,
1868 2702 2012 2740 superinde
2032 2701 2217 2732 Custumariis
2228 2703 2286 2730 live
2301 2699 2377 2730 Col-

49 2740 80 2762 Ε.
105 2746 133 2770 4.
205 2736 356 2764 Laurentio
381 2735 412 2764 de
437 2738 486 2764 Me
506 2740 567 2772 icis,
587 2734 704 2772 Juliano
718 2736 748 2764 de
764 2736 892 2772 Medicis,
908 2736 1014 2766 Thomae
1028 2738 1060 2766 de
1077 2740 1265 2780 Portynariis,
1307 2741 1463 2771 lectoribus
1483 2741 1688 2771 Custumarum
1710 2740 1743 2770 &
1766 2740 1978 2779 Subiidiorum,
1998 2742 2028 2770 in
2051 2740 2194 2771 Portubus
2216 2738 2376 2777 praediffls,

49 2778 188 2805 franarf.
204 2772 310 2802 Thomae
325 2774 459 2815 (ἱιιιίειζχ,
479 2773 588 2803 fulconi
599 2774 630 2802 de
647 2777 832 2814 Portynariis,
851 2776 883 2805 &c
899 2774 1065 2805 Alexandro
1080 2778 1112 2806 de
1132 2781 1269 2819 Portyna-
1308 2780 1342 2810 &
1365 2781 1394 2809 in
1419 2789 1519 2810 eorum
1543 2780 1670 2817 quolibet
1685 2789 1737 2816 pro
1750 2787 1881 2816 tempore
1896 2779 2075 2810 existentibus
2085 2802 2094 2816 ,
2110 2778 2273 2816 dirigenda,
2292 2777 2376 2807 volu-

49 2816 80 2839 Ε.
105 2822 132 2848 4.
152 2822 187 2839 m.
204 2815 267 2848 riis,
289 2811 410 2842 Civibus
430 2814 462 2842 ὃ(
487 2812 694 2843 Mercatoribus
717 2813 752 2843 de
775 2813 930 2851 Florentia,
959 2824 1006 2851 per
1028 2814 1097 2845 Nos
1117 2815 1268 2857 debeatur,
1309 2827 1371 2847 mus
1389 2819 1421 2849 δε
1437 2828 1486 2855 per
1506 2817 1658 2849 Praesenres
1675 2817 1864 2848 concedimus
1880 2819 1958 2856 quod
1984 2819 2044 2848 tam
2066 2817 2171 2855 iidem,
2188 2818 2374 2854 Laurentius,

54 2860 96 2887 ¹4·
204 2858 289 2888 prout
304 2851 332 2880 in
350 2850 478 2889 Recepta
494 2850 635 2882 Scaccarii
649 2850 736 2882 nostri
750 2851 860 2890 plenius
875 2854 979 2890 poterit
991 2863 1137 2892 apparere,
1307 2856 1441 2894 Julianus
1451 2881 1461 2897 ,
1479 2856 1611 2896 Thomas,
1628 2855 1762 2895 Thomas,
1776 2855 1874 2895 Falco,
1893 2858 1926 2887 &
1941 2856 2124 2895 Alexander,
2138 2856 2172 2886 &
2187 2864 2287 2886 eorum
2308 2854 2374 2896 qui-

242 2888 311 2918 Nos
1127 2918 1130 2921 ,

239 2911 418 2957 Solutionem
452 2928 484 2958 ὃ(
515 2927 770 2958 Contentationem
801 2927 928 2959 Summae
953 2929 1098 2967 praedietae
1120 2932 1242 2968 praefatis
1256 2957 1265 2972 ,

200 2968 370 3003 Laurentio,
384 2965 502 3004 Juliano
511 2989 520 3003 ,
534 2966 640 2996 Thomae
649 2989 659 3004 ,
671 2966 794 3005 Thomae,
811 2967 937 3005 Falconi,
957 2968 989 2999 ὃς
1013 2968 1179 3000 Alexandro
1190 2995 1199 3010 ‚
1217 2971 1267 3002 fie-

204 3006 226 3034 ri
239 3004 365 3034 volentes
376 3014 421 3042 ,ut
435 3005 475 3035 cst
488 3004 592 3042 justum
602 3028 612 3043 ,

240 3042 289 3073 De
311 3042 408 3073 Gratia
430 3043 525 3073 nostra
547 3043 673 3080 speciali,
688 3053 721 3074 ac
744 3053 778 3074 eit
799 3053 872 3075 certa
886 3045 1009 3076 Scientia
1022 3047 1055 3078 δε
1071 3057 1152 3078 rnero
1175 3048 1265 3080 Motu

201 3081 317 3119 nostris,
336 3081 538 3112 concessimus
552 3084 584 3112 δί
602 3082 758 3112 Licentiam
774 3082 935 3121 Dedimus,
953 3094 1006 3122 pro
1021 3085 1121 3116 Nobis
1135 3087 1168 3117 &
1193 3087 1266 3118 Hae-

201 3120 313 3151 redibas
328 3120 428 3150 nostris
439 3145 448 3157 ,
464 3128 601 3156 quantum
618 3121 646 3149 in
661 3120 760 3150 Nobis
780 3121 837 3158 est,
858 3123 975 3158 praefatis
986 3146 995 3161 ,
1013 3126 1182 3161 Laurentio,
1204 3126 1263 3164 Ju-

202 3157 290 3196 liano,
305 3158 429 3196 Thomae,
443 3158 567 3197 Thomae,
586 3158 708 3196 Falconi,
727 3160 760 3189 ὃ(
776 3159 957 3198 Alexandro,
975 3163 1055 3199 quod
1070 3164 1118 3201 ipfi
1128 3187 1137 3202 ,
1155 3164 1200 3194 seu
1217 3175 1267 3196 eo-

205 3206 266 3225 rum
284 3197 402 3235 aliquis,
419 3206 477 3235 aut,
500 3197 562 3234 ipfis
579 3196 746 3235 Defunctis,
767 3197 938 3229 Executotes
952 3200 1007 3236 sui,
1028 3202 1072 3231 seu
1087 3203 1201 3241 alicujus
1216 3214 1265 3234 eo-

204 3244 267 3264 rum
278 3258 287 3273 ,
302 3245 348 3266 aut
363 3237 421 3275 ejus
434 3236 479 3267 vel
492 3245 593 3266 eorum
607 3234 738 3266 Faetores
753 3236 809 3266 sive
827 3237 968 3268 Attornati
990 3238 1133 3278 Indigenae
1156 3242 1201 3271 vel
1226 3242 1268 3273 A-

203 3273 348 3309 lienigenae
364 3299 372 3311 ,
398 3275 489 3305 Lanas
514 3274 704 3313 quascumque
722 3273 861 3312 Berdare,
889 3276 1044 3315 Claccare,
1065 3279 1098 3308 &
1123 3279 1267 3311 Mundare

207 3310 311 3348 poffint
326 3313 370 3342 vel
384 3312 486 3351 poffit,

248 3349 394 3387 Qiodque
407 3352 455 3389 ipsi
469 3353 514 3382 seu
527 3360 627 3381 eorum
641 3350 738 3388 aliquis
749 3351 794 3381 vel
808 3352 890 3390 aliqui
906 3354 965 3383 tarn
979 3360 1021 3382 tot
1035 3352 1069 3383 &
1087 3361 1177 3384 tantos
1201 3355 1270 3385 Sac-

209 3396 260 3416 cos
274 3389 306 3418 ἃ
324 3388 430 3420 Clavos
447 3390 604 3427 hujusmodi
619 3389 758 3420 Lanarum
784 3389 960 3421 Berdatarum
971 3415 980 3428 ,
999 3389 1214 3429 Claccatamm,
1233 3396 1267 3423 δε

209 3424 431 3464 Mundatarum,
451 3429 506 3458 sive
522 3438 581 3458 non
595 3427 789 3465 Berdatarum,
809 3439 868 3458 non
885 3429 1082 3460 Claccatarum
1093 3453 1103 3467 ,
1122 3439 1168 3460 aut
1207 3441 1267 3460 non

210 3461 431 3506 Mundatarum,
449 3476 480 3496 ac
503 3466 615 3496 Parmos
637 3467 748 3496 Laneos
766 3468 795 3496 in
818 3467 919 3498 Grano
939 3468 985 3498 vel
1010 3467 1066 3497 fine
1079 3468 1198 3506 Grano,
1217 3479 1268 3499 cu—

205 3502 374 3539 juscumque
396 3502 507 3533 Color-is
529 3504 619 3535 Panni
640 3506 677 3535 illi
698 3505 802 3536 fuerint
815 3529 824 3543 ,
850 3505 946 3535 Pecias
967 3505 1064 3535 Stanni
1078 3531 1087 3543 ,
1109 3508 1141 3538 &
1164 3507 1269 3537 Fodras

212 3539 347 3582 Plumbi,
368 3542 427 3571 tam
441 3542 477 3571 de
497 3542 579 3572 Bonis
604 3544 656 3573 suis
677 3545 810 3582 propriis,
831 3546 915 3582 quarn
938 3544 1046 3574 alterius
1068 3545 1198 3576 Personae
1219 3556 1270 3576 cu-

206 3579 396 3617 juscumque,
413 3581 441 3608 in
459 3579 599 3611 Portubus
615 3581 742 3613 Civitatis
761 3582 863 3613 nostrze
880 3582 1060 3621 Londoniae,
1078 3585 1111 3614 ὅ(
1133 3584 1158 3613 V
1161 3584 1269 3614 illarum

210 3617 368 3648 nostrarum
381 3617 538 3648 Sandewici
552 3620 583 3648 Sc
599 3620 842 3660 Suthamptoniae,
857 3622 902 3651 vel
916 3623 943 3651 in
958 3631 1059 3651 eorum
1076 3624 1211 3661 aliquibus
1224 3622 1270 3652 vel

211 3656 325 3693 aliquo,
350 3657 379 3685 in
399 3656 622 3694 quibuscumque
641 3658 752 3696 Galeis,
777 3659 921 3697 Car-racis,
940 3660 1093 3699 Navibus,
1109 3661 1152 3691 vel
1179 3660 1271 3697 Vafis,

213 3695 267 3723 una
285 3694 357 3725 Vice
371 3695 416 3724 vel
429 3694 541 3723 diversis
556 3695 686 3734 Vicibus,
703 3697 854 3737 Eskippare
869 3700 898 3729 ὃ(
918 3698 1057 3738 Carcare,
1077 3709 1109 3729 ac
1123 3699 1270 3736 Eskippari

214 3732 246 3761 &
262 3731 377 3763 Carcati
390 3733 500 3769 facere,
520 3734 552 3763 &
573 3732 658 3762 Lanas
680 3735 752 3772 illas,
771 3737 807 3766 iic
831 3736 1011 3775 Eskippatas,
1029 3748 1077 3775 per
1097 3738 1214 3767 strictus
1235 3738 1270 3767 de

216 3769 351 3808 Marrok,
366 3781 399 3801 ac
419 3770 531 3800 Parmos
558 3770 665 3800 Laneos
687 3773 823 3804 Stannum
848 3777 880 3806 &
906 3776 1061 3806 Plumburn
1082 3776 1215 3813 praedicta
1236 3777 1270 3806 ad

213 3808 398 3847 quascumque
413 3809 507 3839 Partes
523 3808 649 3845 Exteras,
668 3809 831 3841 Traducere
849 3815 881 3843 &c
897 3814 1027 3851 Cariare,
1045 3825 1077 3845 ac
1094 3814 1285 3845 Traducirssc

215 3845 320 3876 Cariari
335 3849 444 3885 facere,
462 3848 548 3885 quam
563 3847 625 3876 alias
646 3846 832 3889 Mercandisas
851 3853 1060 3890 quascumque,
1079 3852 1115 3882 de
1133 3863 1271 3890 quacum-

213 3892 269 3918 que
294 3884 474 3922 Crescentia,
490 3887 550 3915 tam
574 3885 610 3914 de
634 3884 718 3914 Bonis
743 3886 793 3915 suis
817 3892 931 3924 propriis
954 3893 1040 3929 quam
1054 3891 1161 3922 alterius
1179 3892 1272 3928 cujus-

213 3930 337 3963 cumque
353 3947 361 3959 ,
387 3934 402 3952 a
429 3923 553 3954 Partibus
582 3923 687 3953 Exteris
702 3947 711 3961 ,
739 3926 766 3953 in
789 3925 947 3962 hujusmodi
970 3929 1067 3960 Galeig
1083 3955 1092 3967 Ἴ
1119 3929 1246 3959 Carracis
1261 3952 1271 3966 ,

213 3957 368 3995 Navibus,
394 3962 438 3990 vel
462 3962 536 3991 Valis
558 3961 680 3991 iimiliter
706 3962 848 4000 eskippare
870 3966 901 3994 ὃς
926 3977 1054 4006 carcare,
1079 3979 1113 3999 ac
1132 3968 1270 4005 eskippari

213 3996 247 4027 &
270 4000 370 4027 carcari
394 3999 483 4030 facere
499 4024 508 4038 ,
534 4001 567 4033 ὃ(
589 4001 618 4030 in
639 4000 778 4039 Regnum
802 4002 930 4034 nostrum
955 4006 1069 4046 Angliae
1086 4029 1097 4046 ,
1118 4007 1148 4037 in
1169 4005 1272 4038 Portus

1307 2896 1394 2933 libet,
1412 2897 1445 2926 ὃ(
1469 2895 1642 2926 Executores
1665 2895 1704 2925 sui
1723 2895 1870 2933 praedieti,
1890 2896 1923 2926 &
1947 2895 2095 2934 cujussibet
2113 2903 2235 2930 eorum,
2251 2901 2290 2938 ac
2312 2901 2372 2927 eius

1308 2934 1353 2964 vel
1377 2944 1477 2964 eorum
1501 2934 1634 2964 Faftores
1657 2935 1690 2965 &
1711 2935 1869 2971 Attornati,
1888 2935 1921 2965 &
1946 2944 2045 2964 eorum
2064 2933 2195 2971 quilibet,
2211 2929 2373 2973 quathu-

1308 2972 1434 3003 stumarii
1458 2973 1490 3003 &
1511 2972 1689 3004 collectores
1710 2972 1840 3010 praedie‘ti
1853 2974 1886 3003 &
1900 2982 2001 3004 eorum
2018 2972 2152 3010 quilibet,
2171 2969 2207 3013 de
2222 2977 2373 3013 omnimo-

1307 3012 1348 3041 dis
1371 3011 1562 3042 Pecuniarum
1583 3012 1727 3048 Summis,
1753 3009 1916 3047 Custumis,
1933 3011 2082 3048 Subfidiis,
2099 3007 2319 3046 Exadhonibus,
2337 3009 2372 3039 &

1308 3049 1486 3087 Demandis,
1505 3060 1568 3087 quae
1584 3051 1620 3080 ab
1635 3050 1696 3087 iplis
1711 3050 1755 3079 seu
1773 3059 1876 3079 eorum
1890 3050 1984 3087 aliquo
2007 3058 2059 3087 pro
2081 3045 2232 3093 Praemiffis
2255 3046 2300 3076 vel
2321 3045 2373 3076 ali—

1307 3099 1366 3126 quo
1381 3088 1596 3118 Praemisiorum
1607 3111 1616 3126 ,
1633 3098 1679 3118 aut
1692 3088 1745 3118 alii
1761 3087 1918 3118 Exaaione
1933 3088 1978 3118 seu
2003 3086 2154 3130 Demanda
2172 3093 2372 3128 quacumque,

1306 3127 1341 3157 ad
1359 3126 1443 3164 Opus
1459 3127 1588 3157 nostrum
1601 3127 1647 3157 seu
1661 3126 1822 3156 Haeredum
1835 3125 1999 3156 nostrorum
2015 3133 2089 3161 exigi
2103 3124 2148 3154 seu
2167 3133 2305 3167 pertinere
2318 3132 2372 3160 po-

1306 3167 1390 3196 terint
1415 3166 1516 3203 quovis
1543 3165 1652 3202 modo,
1671 3165 1727 3195 sive
1748 3164 1822 3194 unde
1845 3165 1894 3201 ipsi
1916 3173 1962 3194 aut
1985 3172 2086 3194 eorum
2108 3163 2205 3200 aliquis
2217 3170 2279 3201 erga
2302 3161 2372 3192 Nos

1307 3204 1405 3242 impeti
1418 3213 1464 3234 aur
1478 3205 1588 3233 onerari
1604 3205 1744 3241 poterint,
1763 3212 1826 3241 erga
1838 3202 1907 3232 Nos
1921 3204 1954 3234 &
1968 3201 2106 3232 Haeredes
2122 3200 2234 3244 nostros
2247 3201 2372 3244 omnino

1307 3252 1495 3273 exonerentur
1512 3243 1545 3272 δε
1564 3243 1774 3279 acquietentur3
1792 3242 1928 3279 aliquibus
1944 3240 2074 3278 Statutis,
2093 3240 2228 3277 Actibus,
2246 3239 2373 3270 Ordina-

1307 3282 1432 3312 tionibus
1446 3304 1455 3318 ,
1480 3280 1719 3311 Conceffionibus
1734 3304 1743 3318 ,
1765 3279 1976 3310 provisionibus
1990 3303 2000 3318 ,
2028 3279 2269 3322 Affignationibus
2281 3301 2290 3316 ,
2310 3277 2372 3308 Re-

1307 3320 1517 3357 strifflonibus,
1535 3329 1582 3349 aut
1597 3319 1755 3356 Mandatis,
1770 3319 1799 3348 in
1814 3319 1988 3349 contrarium
2003 3317 2084 3348 faffis
2097 3317 2143 3348 vel
2164 3316 2316 3355 faciendis,
2333 3326 2371 3347 eo

1306 3360 1391 3387 etiam
1414 3357 1492 3394 quod
1515 3357 1603 3387 Lanae
1614 3380 1623 3394 ,
1639 3357 1729 3386 Panni
1748 3356 1854 3394 Lanei,
1874 3356 2030 3394 stannum,
2048 3355 2201 3386 Plumbum
2212 3380 2221 3393 ,
2237 3357 2270 3387 ὃ(
2286 3354 2373 3386 Mer-

1306 3395 1425 3425 candisae
1441 3395 1584 3432 praediCtae
1600 3405 1661 3424 non
1679 3395 1730 3424 sint
1742 3395 1787 3424 vel
1799 3396 1919 3434 fuerint,
1935 3403 1980 3424 aut
1993 3395 2082 3431 aliqua
2095 3395 2161 3424 inde
2173 3394 2296 3425 Parcella
2309 3403 2371 3425 non

1308 3433 1340 3461 sit
1353 3441 1401 3462 aut
1416 3433 1515 3469 fuerit,
1533 3434 1645 3469 propria
1660 3431 1740 3462 Bona
1755 3433 1897 3470 ipsorum,
1915 3435 2080 3471 Laurentii,
2097 3432 2230 3473 Juliani,
2246 3432 2372 3472 etham,

1310 3469 1434 3507 Thomae,
1448 3470 1585 3509 Falconis,
1603 3471 1636 3500 ἃ
1655 3469 1831 3508 Alexandri,
1850 3470 1895 3501 seu
1918 3471 2033 3509 alicujus
2055 3481 2172 3510 eorum,
2191 3473 2236 3502 vel
2259 3471 2371 3502 Execu-

1307 3517 1403 3538 torum
1418 3508 1532 3538 suorum
1549 3508 1768 3545 praedictorum,
1786 3509 1831 3539 seu
1845 3509 1958 3548 alicujus
1969 3520 2088 3547 eorum,
2106 3520 2153 3541 aut
2169 3512 2226 3547 ejus
2250 3510 2296 3541 vel
2318 3518 2369 3540 eo-

1308 3557 1371 3576 rum
1386 3546 1539 3576 Factorum
1556 3551 1569 3563 ⁴*
1584 3547 1641 3577 sive
1656 3547 1874 3577 Attornatorum
1892 3549 2112 3586 praedictorum,
2131 3549 2179 3580 vel
2198 3557 2298 3579 eorum
2319 3546 2368 3576 ali-
2386 3552 2402 3568 *
2417 3552 2488 3580 xm

1309 3587 1404 3622 cujus,
1424 3595 1460 3614 eo
1476 3586 1559 3614 etiam
1569 3609 1578 3622 ,
1598 3585 1678 3622 quod
1691 3586 1813 3622 expressa
1825 3588 1935 3617 mentio
1948 3588 1983 3617 de
1998 3597 2066 3618 vero
2082 3586 2188 3618 Valore
2204 3584 2367 3617 Praemiffo-
2384 3599 2413 3625 9,

1308 3633 1371 3653 rum
1381 3646 1390 3659 ,
1406 3633 1453 3653 aut
1474 3625 1510 3652 de
1533 3623 1591 3653 aliis
1610 3623 1705 3653 Donis
1720 3624 1776 3654 live
1790 3623 2048 3663 Conceffionibus,
2063 3627 2181 3664 eisdem,
2199 3625 2368 3666 Laurentio,

1307 3661 1443 3700 Juliano,
1460 3660 1583 3701 Thomae,
1602 3662 1726 3702 Thomae,
1744 3662 1869 3702 Falconi,
1888 3665 1919 3694 &
1934 3664 2101 3694 Alexandro
2111 3687 2121 3703 ,
2139 3665 2182 3694 seu
2198 3671 2296 3693 eorum
2310 3661 2369 3704 ‘ali—

1310 3702 1372 3737 cui,
1391 3709 1440 3739 per
1464 3699 1533 3729 Nos
1551 3710 1613 3730 ante
1634 3701 1695 3731 hec
1718 3711 1846 3739 tempora
1871 3702 1967 3741 factis,
1987 3705 2015 3733 in
2040 3703 2223 3733 Praesentibus
2247 3699 2368 3729 minime

1309 3739 1381 3769 fad'ta
1396 3737 1505 3775 existit,
1522 3747 1569 3769 aut
1583 3739 1673 3777 aliqua
1689 3739 1741 3771 alia
1756 3739 1817 3778 Re,
1835 3740 1944 3780 Causa,
1963 3742 2009 3774 vel
2031 3740 2150 3772 Materia
2172 3746 2370 3776 quacumque,

1311 3787 1369 3807 non
1387 3775 1577 3815 obstantibus,

1346 3813 1488 3844 Volumus
1502 3817 1585 3845 etiam
1599 3815 1632 3845 ὃ(
1648 3825 1698 3853 per
1711 3816 1863 3847 Praesentes
1882 3817 2079 3849 Concedimus
2091 3815 2226 3854 praefatis,
2242 3817 2371 3845 Lauren-

1308 3857 1346 3883 tio
1357 3875 1367 3889 ,
1384 3852 1519 3890 Juliano,
1536 3853 1661 3892 Thomae,
1678 3854 1802 3892 Thomae,
1818 3855 1943 3895 Falconi,
1960 3858 1993 3887 ὃς
2018 3854 2196 3891 Alexandro,
2212 3854 2245 3882 &
2268 3863 2371 3884 eorum

1310 3892 1444 3927 cuilibet,
1460 3901 1493 3920 ac
1507 3891 1714 3922 Executorrbus
1728 3894 1780 3924 suis
1797 3895 1954 3932 praedictis,
1971 3895 2004 3924 ὃς
2016 3902 2118 3924 ‘eorum
2136 3892 2267 3927 cuilibet,
2290 3892 2371 3930 quod

1312 3928 1502 3959 Cancellarius
1521 3929 1617 3960 noster
1641 3931 1772 3969 Angliae,
1789 3941 1836 3962 aut
1860 3931 1967 3962 Custos
1989 3931 2093 3960 Privati
2109 3929 2195 3967 sigilli
2215 3932 2302 3961 nostri
2323 3932 2373 3971 qui

1311 3977 1364 4005 pro
1386 3976 1518 4004 tempore
1537 3967 1636 4005 fuerit,
1655 3968 1713 3999 fieri
1734 3969 1836 3999 faciant
1860 3970 1894 4000 ec
1907 3969 2050 3999 deliberari
2063 3967 2186 4006 eisdem,
2203 3972 2375 4009 Laurentio,

1311 4004 1430 4044 Juliano
1440 4029 1450 4044 ,
1468 4005 1592 4045 Thomae,
1611 4006 1718 4038 Thomae
1727 4029 1738 4046 ,
1750 4007 1858 4039 Falconi
1869 4029 1880 4046 ‚
1898 4007 1932 4039 &
1949 4005 2114 4038 Alexandro
2124 4029 2134 4045 ,
2153 4007 2186 4039 &
2198 4009 2376 4076 eorunlzibcui-

2327 4054 2373 4084 et,
