2555 4266
0 305 45 326 nn.
61 293 102 325 D.

0 341 75 372 2452.

0 384 34 402 tn.
53 374 80 401 6.

13 1407 72 1434 xl.

0 1454 41 1479 υς.

0 1489 58 1513 lnn.
68 1482 109 1513 D.

0 1530 84 1560 1452.

0 1565 28 1587 71.
48 1571 93 1597 30.

714 204 821 246 ET
906 201 1175 245 ACTA

119 299 177 329 suas
192 297 310 328 Litteras
323 291 528 324 Ratificatorias
541 289 704 328 transmisit,
722 291 946 331 intimaveritque
970 290 1131 327 Acceptum
1147 288 1181 318 fi-

118 338 149 367 bi
162 337 224 367 fore
240 332 357 365 eandem
375 331 490 361 Dietam
507 330 669 367 observare,
690 328 864 360 Mercatores
881 339 994 367 quoque
1009 329 1046 359 de
1067 327 1179 364 Hanza,

118 377 165 406 hic
181 373 340 408 existentes,
358 369 425 400 Nos
441 369 543 406 pulsare
557 369 663 399 cotidie
680 378 738 398 non
754 368 858 398 cessent
872 378 904 398 ut
919 367 1016 398 vestris
1029 366 1180 396 Nobilita-

118 415 193 446 tibus
207 411 388 442 scriberemus
399 432 406 446 ,
427 408 509 437 vobis
525 406 755 437 innotescendum
770 407 918 442 lentimus,

157 451 240 481 Licet
255 447 342 478 multa
360 454 532 476 concurrant
552 455 616 484 quae
632 444 700 475 Nos
724 446 855 475 inducere
875 443 986 481 possent
1010 443 1044 472 &
1061 442 1181 471 excitare

120 490 154 522 ad
171 487 274 519 nostrae
288 486 390 515 mentis
402 485 612 523 elongationem
628 486 663 513 ab
674 484 866 514 observatione
883 479 1084 518 praemissarum
1102 479 1180 510 Ami-

122 528 270 563 citiarum,
285 533 352 560 quas
368 523 437 554 Nos
452 523 520 562 ipsi,
538 533 570 553 ac
584 521 799 557 inhabitatores,
815 521 848 551 δε
864 519 971 549 incolae
991 518 1071 555 hujus
1088 518 1182 556 Regni

124 565 213 596 nostri
232 563 345 600 Angliae
361 562 510 599 haCtenus,
527 572 542 591 a
560 569 692 603 ternpore
712 560 790 597 cujus
810 568 869 588 non
889 557 930 587 est
950 558 1107 594 memoria,
1125 557 1181 587 sine

122 601 342 639 intermiffione,
359 601 506 630 habuimus
522 609 588 629 cum
607 597 727 634 eisdem,
836 633 841 638 ι

158 641 234 672 Non
248 639 329 670 stabit
340 648 433 670 tamen
448 648 495 675 per
516 636 583 667 Nos
602 645 661 674 quo
681 636 773 664 minus
793 632 954 670 hujusmodi
975 632 1182 671 Antiquiffimce

122 680 286 717 Amicitiae,
310 679 393 709 etiam
418 676 533 715 posteris
553 676 586 705 &
603 674 740 714 perpetuis
762 673 957 710 temporibus,
974 671 1125 703 habeantur
1149 673 1183 702 δε

123 719 306 750 observentur
320 715 502 752 inconcusse,
516 712 679 749 nullamque
695 711 900 741 declinabimus
913 711 988 741 viam
1004 720 1068 750 quae
1078 711 1111 741 ad
1127 709 1184 741 130-

123 767 194 789 num
209 765 368 787 commune
383 754 416 784 &
430 751 674 790 Tranquillitatem
692 749 792 779 Ducit.

161 796 364 835 Quamobrem
381 791 448 830 quid
469 790 592 828 praesatae
614 787 751 818 Civitates
772 787 807 818 de
821 786 941 825 Hanza,
959 787 1011 817 hiis
1032 788 1060 817 in
1085 787 1184 825 rebus,

122 835 264 874 agendum
278 831 493 868 faciendumque
508 828 636 864 Ducent,
654 827 847 857 Desideramus
861 836 876 856 a
892 825 989 857 vestris
1004 825 1186 864 Circumspe-

123 873 284 910 euonibus,
303 869 404 907 absque
420 874 510 897 morte
525 866 733 905 protractione,
752 865 810 895 fieri
823 864 984 902 Certiores,

163 912 202 943 Et
213 921 265 948 an,
284 906 469 947 praetermiffis
487 905 705 940 Lubiceniibus,
725 904 744 934 fi
764 904 792 933 in
814 903 923 933 Animo
945 903 1122 942 perseverent
1141 905 1185 934 in-

125 950 242 987 durato,
259 947 347 977 velint
362 946 395 976 &
408 943 552 974 intendant
565 944 670 974 dfiam
688 942 802 974 Dietam
818 942 981 980 observare,

164 986 329 1023 vestrasque
350 982 510 1014 Gravitates
528 982 682 1012 Altilsrmus
704 981 738 1011 ad
758 980 932 1011 feliciffimos
956 981 1053 1020 dirigat
1069 980 1186 1011 Succes-

124 1028 230 1094 susDat.
248 1063 311 1094 &c.
329 1060 404 1099 apud
429 1059 536 1098 Wstm.
559 1058 705 1090 Vicefimo
716 1057 858 1096 Januarii,
878 1058 985 1097 Anno,
1005 1058 1066 1089 &c.
1084 1058 1188 1089 Trice-

123 1102 206 1135 fimo,

312 1177 357 1207 De
376 1175 514 1206 Mandata
531 1178 609 1212 Regis
620 1181 672 1213 per
689 1172 889 1213 avisiimentum
901 1167 949 1213 fici
966 1173 1084 1204 Conc1'lii.

841 1248 881 1279 T.
920 1249 951 1280 K
971 1259 990 1280 r:
1010 1259 1033 1280 N
1052 1258 1084 1280 T.

378 1375 520 1410 *Litera
542 1373 587 1408 ad
605 1372 795 1421 Magistrum
818 1377 941 1407 Pruciae.

193 1468 326 1500 Emicat,
345 1462 406 1499 &a
424 1459 586 1500 Magnifico
600 1460 634 1490 &
649 1459 798 1496 Religioso
814 1458 885 1489 Viro
895 1460 1006 1489 Ordinis
1020 1459 1107 1489 beatae
1123 1462 1191 1489 Ma-

204 1509 252 1535 riae
266 1503 488 1534 Theutonicornm
503 1503 532 1529 in
541 1502 640 1528 Prusia
656 1497 790 1537 Magistro
806 1498 935 1528 Generali
947 1521 956 1537 ,
974 1499 1081 1530 Amico
1090 1499 1188 1529 nostro

130 1543 301 1580 Carissimo,
323 1551 392 1571 cum
410 1540 492 1570 omni
511 1537 690 1574 Dilectione,
708 1537 842 1567 Salutem.

170 1581 316 1622 Magnifice
329 1579 367 1614 ό·
380 1575 505 1614 ΒείιὲἰοῙὲ
518 1579 589 1614 Vir,
607 1578 706 1604 Amice
721 1575 805 1614 noster
821 1575 964 1614 Carzffime.

168 1621 280 1650 Pridem
300 1618 456 1656 recepimus
469 1615 588 1645 Litteras
598 1636 608 1651 ,
623 1612 706 1644 vestri
725 1623 758 1643 ex
773 1623 865 1652 parte,
884 1614 918 1644 ad
926 1613 994 1644 Nos
1007 1613 1123 1651 delatas,
1139 1614 1189 1645 sub

129 1659 202 1690 Data
216 1662 245 1688 in
262 1655 354 1697 Castro
368 1654 456 1694 vestro
474 1654 506 1682 de
518 1651 737 1689 Mariemburgh,
755 1651 926 1682 Undecimo
939 1652 984 1682 die
1000 1653 1135 1691 Augusti,
1154 1664 1187 1683 ac

127 1698 190 1729 alias
200 1706 290 1734 nuper
304 1694 340 1724 de
355 1693 430 1723 Data
443 1694 473 1722 in
489 1691 576 1721 eodem
591 1690 683 1729 Castro
699 1690 845 1721 Vicesrmo
860 1691 968 1722 ocstavo
978 1691 1084 1722 Menfis
1092 1691 1190 1721 Oesto-

128 1737 202 1772 bris‚·
222 1744 256 1765 ex
267 1733 368 1773 quibus
380 1732 558 1770 percepimus
570 1730 696 1761 sanctam
711 1729 786 1759 illam
802 1729 1017 1760 Inclinationem
1029 1730 1148 1760 vestram
1156 1730 1190 1761 ad

127 1783 276 1811 mutuam,
300 1780 406 1809 tutam,
432 1770 557 1799 securam
601 1769 634 1799 &
665 1768 845 1798 amicabilem
872 1767 1127 1800 Converlationem
1155 1770 1188 1801 &

126 1811 434 1843 Communicationem
451 1809 522 1838 inter
535 1791 604 1837 N²os
621 1806 783 1844 vestrosque
803 1807 950 1844 Subditos,
970 1809 1008 1839 uti
1025 1819 1038 1838 a
1062 1808 1191 1847 longissi-

125 1853 180 1882 mis
201 1859 276 1881 retro
300 1848 474 1888 temporibus
498 1847 592 1876 habita
615 1845 673 1882 est,
697 1845 929 1876 Continuandam
949 1847 981 1876 &
1000 1845 1189 1885 Habendam‚

147 1899 265 1920 uantum
280 1897 394 1927 quoque
406 1885 566 1926 ponderatis
584 1884 724 1922 utriusque
738 1883 900 1915 nostrorum
917 1884 1102 1915 Subditorum
1117 1896 1191 1923 prae-

125 1900 270 1960 diffitorum
292 1927 454 1958 Utilitatem
475 1924 510 1955 &
531 1922 716 1961 Commoda,
742 1932 799 1952 non
823 1924 969 1953 immerito
989 1923 1191 1962 Praeponendo

126 1967 208 1998 Pacis
223 1965 417 1997 Dulcedinem
434 1963 516 1994 saevae
530 1962 703 1992 Guerrarum
720 1961 897 1999 Tempestari
911 1972 917 1990 τ
937 1972 1001 2001 quae
1018 1964 1116 1993 omnia
1127 1985 1136 2000 ,
1152 1963 1191 1994 fic

125 2014 157 2036 ut
171 2006 253 2037 decet
268 2004 433 2041 Principem
446 2000 639 2032 Christianum
649 2002 681 2031 ὃ(
698 1999 877 2037 Reipublicae
892 2001 942 2031 fibi
957 2002 1118 2031 commiffae
1127 2001 1192 2033 Gu-

126 2045 325 2081 bernatorem,
340 2051 403 2073 toto
422 2040 514 2071 cordis
536 2038 642 2070 affeetu
659 2038 896 2077 complectimur,
914 2038 1071 2078 Studioque
1092 2040 1193 2070 Nobis

126 2085 234 2121 semper
247 2083 302 2115 fuit
315 2083 349 2113 &
366 2080 492 2111 futurum
506 2077 548 2108 est
566 2077 645 2116 quod
658 2087 706 2115 ea,
724 2087 787 2116 quae
801 2077 868 2107 Nos
886 2078 920 2109 &
934 2077 1066 2109 Subditos
1080 2078 1192 2110 nostros

126 2128 317 2158 concernant‚
335 2119 428 2157 potius
442 2117 584 2148 amicabili
598 2116 687 2146 modo
704 2125 789 2155 quam
799 2115 906 2155 Rigore
913 2117 1119 2155 reformentur,
1139 2128 1192 2148 cu-

125 2161 168 2198 jus
182 2160 323 2190 Indicium
338 2158 406 2188 illud
420 2155 597 2186 notissimum
613 2155 730 2185 habetur
746 2155 826 2192 quod
843 2153 955 2184 nostros
976 2155 1190 2187 Commissarios

127 2201 202 2238 saepe
214 2197 364 2237 saepiusque
375 2195 559 2226 transmittere
576 2194 734 2224 curavimus
750 2193 784 2223 ad
807 2193 1055 2224 Reformarionem
1071 2205 1172 2226 eorum
1182 2219 1191 2233 ,

126 2248 192 2276 quae
207 2238 273 2267 hinc
287 2236 354 2266 inde
367 2243 466 2265 contra
483 2231 674 2264 Vetustiffima
691 2233 760 2262 inter
776 2231 845 2262 Nos
859 2232 1060 2264 Amicitiarum
1072 2234 1094 2263 F
1095 2234 1190 2265 oedera

126 2283 288 2314 attemptata
297 2274 472 2305 dicebantur.

165 2313 379 2352 Consequenter
401 2311 501 2342 vestrae
525 2309 677 2341 Nobilitati
699 2308 933 2340 innotescendum
954 2309 1086 2341 sentimus
1111 2311 1191 2350 quod

128 2364 178 2391 ea,
194 2364 257 2391 quae
273 2362 320 2391 per
336 2350 514 2381 Communes
536 2347 754 2379 Ambaffiatores
777 2349 810 2380 &
826 2348 861 2377 N
865 2350 966 2379 uncios
991 2350 1108 2380 advisata
1129 2351 1191 2381 fue-

129 2401 197 2423 runt
211 2393 278 2422 hinc
295 2392 378 2428 inde,
396 2389 424 2418 in
440 2391 526 2417 Dieta
540 2387 692 2426 Trajeaen.
713 2386 772 2416 satis
786 2385 886 2416 Nobis
908 2386 997 2418 Grata
1012 2387 1073 2419 sunt
1086 2389 1119 2419 &
1134 2389 1194 2419 Ac-

128 2439 228 2469 cepta,
246 2430 297 2466 δε,
315 2439 380 2459 ante
401 2427 575 2467 praefatarum
596 2425 762 2455 Litterarum
786 2424 939 2456 vestrarum
963 2425 1193 2466 Receptionem,

129 2479 231 2499 eorum
255 2467 413 2498 Gestorum
433 2465 541 2504 Scripta
556 2464 652 2494 nostra
666 2463 702 2493 de
717 2472 778 2493 rato
800 2463 914 2501 vestris,
933 2464 979 2495 hic
1000 2465 1196 2506 existentibus,

130 2508 255 2538 exhiberi
273 2507 391 2537 fecimus
407 2504 439 2535 ὅ(
451 2502 644 2534 demonstrari.

167 2546 235 2584 Set,
251 2547 291 2576 uti
304 2544 396 2577 vestra
410 2544 491 2573 novit
508 2541 671 2578 Nobilitas,
685 2539 856 2579 supradicta,
876 2550 940 2579 quse
955 2542 986 2571 in
1003 2541 1139 2581 TrajeCm
1156 2543 1196 2573 Α·

128 2585 175 2615 &a
190 2582 334 2622 Gestaque
349 2583 477 2619 fuerunt,
496 2590 556 2610 non
571 2580 660 2610 solum
677 2580 749 2609 inter
763 2578 831 2609 Nos
845 2579 878 2610 &
893 2578 972 2618 Vos,
989 2580 1029 2612 set
1050 2583 1134 2612 etiam
1149 2585 1196 2612 Ci-

129 2627 235 2654 vitates
247 2622 279 2652 de
295 2625 403 2652 Hanza
416 2619 551 2658 praedi<sta
568 2620 737 2658 agebantur3
758 2627 877 2661 quarum
899 2618 1019 2649 Litteras
1039 2619 1119 2659 super
1134 2620 1193 2651 Ra-

129 2662 300 2693 tihabitione
316 2663 344 2691 in
360 2671 391 2691 ea
407 2668 483 2697 parte
493 2681 503 2696 ,
519 2658 584 2688 licet
600 2668 615 2687 a
629 2656 723 2687 multis
742 2656 841 2699 diebus
859 2658 1045 2694 exspectatus,
1064 2659 1195 2690 nondum

129 2700 270 2731 vidimus·
291 2699 367 2738 quod
391 2699 470 2729 certe
486 2696 584 2727 Nobis
597 2705 657 2726 non
675 2695 797 2725 modlcae
814 2695 991 2726 admirationi
1006 2696 1065 2734 est,
1085 2700 1118 2728 ὅς
1133 2708 1193 2728 non

131 2739 190 2770 fine
204 2748 255 2769 cau
268 2749 281 2768 a
298 2739 367 2769 cum
381 2746 424 2768 tot
438 2736 601 2774 Diligentiae
614 2733 711 2764 nostra
725 2742 760 2763 ex
776 2732 857 2764 Parte
870 2735 1040 2772 interpositae
1053 2736 1113 2766 tint.

172 2777 228 2814 Et,
246 2779 316 2807 cum
330 2775 414 2807 vestri
427 2784 460 2805 ex
483 2782 558 2813 parte
581 2772 743 2810 interpellati
759 2772 850 2803 sumus
873 2774 952 2812 quod
975 2774 1078 2805 nostrae
1095 2776 1198 2806 mentis

133 2819 273 2848 intentum
290 2816 318 2845 in
339 2814 392 2845 hac
417 2823 447 2844 re
470 2813 552 2842 vobis
573 2811 725 2850 significare
741 2810 899 2850 vellemus,
917 2811 1073 2844 Nobilitati
1097 2817 1196 2844 veltrae

133 2854 335 2885 innotescimus
349 2852 428 2891 quod
444 2861 493 2889 per
501 2850 569 2880 Nos
584 2860 643 2880 non
653 2849 735 2879 stabit
748 2851 902 2888 quominus
915 2850 993 2881 dieta
1000 2854 1104 2891 Dieta,
1122 2854 1195 2889 juxta

132 2893 212 2931 quod
220 2892 355 2923 avisatum
366 2890 407 2922 est
416 2913 424 2927 ,
441 2889 600 2920 observetur
608 2911 618 2926 ,
627 2888 660 2918 &
669 2895 797 2926 optatum
809 2888 934 2919 sortiatur
941 2890 1098 2928 effectam,
1110 2892 1195 2923 dum—

130 2932 222 2962 modo
239 2940 335 2962 tamen
350 2929 449 2960 Nobis
464 2926 593 2958 constare
607 2928 710 2964 poterit
732 2927 811 2963 quod
834 2927 978 2964 praedi&ae
999 2927 1136 2960 Civitates
1159 2931 1196 2960 de

131 2970 237 3001 Hanza
251 2969 284 3000 ad
301 2970 360 2999 hoc
376 2966 528 2998 efficaciter
549 2965 653 2996 ducent
673 2964 898 3002 Intendendum;
914 2976 967 2996 nec
989 2967 1025 2997 ab
1045 2967 1099 2998 isto
1121 2968 1192 2999 Pro-

132 3009 224 3048 pofito
241 3008 340 3038 nostro
356 3007 424 3037 Nos
443 3004 608 3035 demovebit
630 3002 803 3043 Ingratitudo
822 3002 868 3034 seu
885 3003 1031 3035 Protervia
1050 3006 1196 3039 Lubicen-
1221 3026 1225 3029 ι

133 3047 226 3085 fium,
241 3047 343 3085 quibus
359 3046 391 3077 ὅ(
407 3054 507 3075 eorum
525 3042 656 3081 Querelis
669 3051 736 3072 cum
752 3042 834 3071 omni
852 3040 1042 3082 Benignitate,
1059 3053 1196 3084 quantum

133 3086 206 3116 ratio
221 3085 365 3122 suadebat,
383 3084 467 3123 parati
482 3082 584 3112 fiiimus
600 3080 758 3119 responderi
774 3079 866 3110 facere
879 3080 912 3111 &
927 3082 1108 3119 respondere:

171 3124 344 3162 Quanquam
364 3133 424 3153 non
440 3121 521 3152 facile
545 3120 684 3150 valeamus
700 3118 851 3157 intelligere
872 3119 951 3157 qued
977 3121 1091 3158 praefata
1110 3125 1197 3152 Dieta

135 3161 271 3201 speratum
287 3162 413 3193 habitura
429 3160 460 3190 fit
474 3159 628 3197 effectum,
647 3166 753 3188 attento
769 3156 864 3196 quod,
885 3166 919 3187 ex
934 3159 1073 3190 dictarum
1087 3160 1197 3192 Civita-

134 3208 196 3231 tum
209 3211 270 3231 non
284 3200 412 3231 intimati
426 3198 641 3240 Ratihabirione
654 3206 746 3234 neque
759 3195 925 3234 transmissa,
941 3197 1019 3228 ficuti
1031 3200 1195 3239 praefertur,

134 3239 259 3271 secutum
273 3238 314 3270 est
330 3239 411 3277 quod
427 3246 517 3276 neque
531 3235 644 3267 Subdiu
656 3235 744 3265 nostri
761 3234 819 3264 suas
833 3234 1041 3273 Qeremonias
1055 3239 1085 3268 in
1099 3239 1195 3276 Scrip-

134 3278 168 3307 tis
183 3277 391 3309 Mercatoribus
403 3275 516 3314 vestris,
535 3275 582 3305 hic
596 3272 792 3310 existentibus,
810 3273 1096 3314 tradiderunt,neque
1106 3277 1140 3307 N
1143 3288 1194 3308 un-

135 3315 197 3345 cios
210 3315 270 3346 suos
284 3315 468 3347 transmittere
482 3322 649 3344 curaverunt
664 3312 699 3342 ad
714 3310 808 3342 Partes
821 3312 892 3349 illas,
909 3313 943 3343 ad
957 3313 1191 3346 Prosecutionem

134 3352 338 3392 Dampnorum
353 3355 392 3384 eis
405 3353 544 3384 illatorum
559 3362 574 3381 a
588 3350 712 3381 Subditis
726 3349 796 3380 illius
812 3349 920 3380 Patriae.

174 3390 240 3429 Set,
257 3393 285 3422 in
299 3392 432 3430 Summa,
447 3391 561 3422 noverit
574 3389 664 3420 vestra
675 3389 785 3419 Eximia
793 3388 1024 3427 Circumspeclio
1037 3392 1117 3430 quod
1132 3393 1195 3424 nul-

137 3430 195 3460 lam
205 3429 406 3498 «ἐερῑὶηὼὶῐηυε
417 3432 493 3461 viam
507 3438 572 3468 quae
586 3428 620 3459 ad
637 3427 750 3458 Bonum
767 3426 935 3459 Commune
955 3430 988 3460 ὅ(
1004 3429 1195 3470 Tranquilita-

136 3477 194 3499 tem
230 3476 302 3499 ucet.

176 3506 258 3545 Qid
271 3515 364 3537 tamen
379 3507 464 3537 dictae
476 3506 612 3537 Civitates
623 3504 659 3536 de
671 3504 794 3542 Hanza,
812 3505 863 3535 hiis
887 3506 916 3535 in
933 3507 1032 3544 rebus,
1051 3509 1194 3547 agendum

133 3543 352 3613 faffiietndumque
367 3545 470 3576 ducent
479 3568 490 3584 ,
507 3545 688 3576 desideramus
702 3542 845 3575 Certiores
853 3567 863 3582 ,
882 3554 989 3583 quanto
1004 3545 1062 3576 fieri
1075 3550 1195 3588 poterit,

134 3594 152 3615 e
185 3593 230 3621 ει,

175 3621 212 3652 Et
226 3630 279 3660 an,
297 3620 479 3660 praetermissis
498 3620 718 3658 Lubicenfibus,
736 3619 755 3651 fi
771 3621 803 3651 in
815 3621 913 3651 animo
926 3621 1101 3659 perseverent
1113 3624 1196 3657 indu—

138 3669 216 3698 rato,
236 3660 322 3691 velint
337 3659 369 3689 &
385 3659 529 3689 intendant
544 3660 651 3690 dietam
668 3661 782 3689 Dietam
798 3658 962 3698 observare,

176 3699 265 3737 Super
282 3695 426 3737 praemiffis
449 3697 545 3728 vestrae
568 3697 792 3737 Magnificentiae
814 3696 991 3734 Responsum
1013 3698 1197 3736 praestollabi-

137 3747 218 3776 mur,
237 3737 337 3775 Qam
352 3732 510 3765 Altiffimus
523 3735 558 3765 ad
571 3734 648 3766 Vom
661 3735 779 3766 feliciter
793 3734 896 3771 dirigat
917 3746 965 3772 per
984 3737 1083 3767 Secula
1098 3739 1195 3779 longa.

175 3776 244 3807 Dat.
262 3778 323 3807 ὅτε.
340 3772 440 3803 nostro
454 3772 504 3803 sub
519 3773 634 3803 Privato
649 3772 748 3812 Sigillo
783 3782 818 3804 ex
839 3773 952 3803 Palatio
967 3775 1054 3813 nostro
1067 3777 1196 3817 W'estrno-

133 3815 261 3855 nasterii,
279 3812 386 3843 Mensis
398 3811 523 3850 januarii
535 3810 727 3844 dievicefima
752 3811 878 3850 munda,
897 3810 1124 3854 Regnorumque
1138 3827 1193 3848 no-

136 3852 259 3885 strorum
273 3852 362 3885 Anno
373 3849 545 3882 Tricefimo.

351 3931 397 3961 De
414 3927 552 3960 Mandata
570 3929 647 3964 Regis
659 3933 712 3965 per
729 3926 947 3968 advifflmentum
965 3927 1084 3961 Concilii.

911 4006 953 4038 T.
990 4003 1022 4036 Κ
1041 4013 1061 4037 r.
1080 4013 1105 4036 n
1124 4013 1157 4037 τ.

1219 543 1258 602 ἷξε
1274 539 1305 568 in
1320 537 1557 576 protectionem,
1575 537 1760 576 Tuitionem,
1778 540 1812 569 ὃς
1834 539 2040 570 Defensionem
2064 542 2151 581 Regis

1215 655 1293 695 βω,
1312 653 1350 690 ό·
1365 652 1592 692 Dumblanensem
1604 676 1613 691 ,
1633 653 1804 692 Episcopos:

1260 184 1742 244 ΡυΒιῐοΑ.
2236 225 2288 264 39

2297 292 2375 323 Arm.
2388 293 2431 324 D.

2295 341 2362 397 1135
2364 340 2402 398 5?
2406 355 2412 361 ’

2297 408 2316 426 *t
2340 393 2403 435 241]

2318 448 2361 472 06.

1222 458 1366 514 REX,
1386 459 1643 527 persLiteras,·suas
1663 460 1807 500 Parentes,
1826 472 1875 500 per
1897 462 2057 495 Dimidium
2081 467 2196 499 Annum
2219 469 2273 501 du—
2294 454 2369 513 gno.
2385 481 2429 513 D⁴

1300 509 1417 536 raturas,
1447 501 1552 538 ulcepit
1572 509 1601 528 in
1624 498 1730 530 salvum
1752 501 1784 531 &
1808 501 1937 532 securum
1956 500 2144 536 Conductum
2168 508 2270 552 RegiS,
2318 530 2404 560 1452,

2172 546 2274 585 specla-
2296 563 2337 587 Ain*
2369 570 2414 596 ΞΟ.

2297 603 2331 626 H.
2351 598 2379 626 6.

2299 641 2365 664 Scor.
2385 644 2428 672 30.

1260 694 1424 731 Andream,
1440 693 1605 730 Ricardum,
1631 693 1664 723 &
1688 691 1834 730 Thomam,
1852 692 1884 721 de
1906 692 2031 731 Melroffe
2043 717 2053 732 ,
2076 696 2284 738 Dunfermlyne’
2303 674 2393 741 316¹..

1224 733 1257 763 &
1272 731 1373 771 Paffele
1393 754 1403 770 ,
1422 733 1560 762 Abbates:

1261 743 1439 801 lb'illiellnum
1457 774 1585 799 Comitem
1603 769 1635 799 de
1652 767 1776 807 Duglar,

1258 809 1394 848 Jacobum
1411 809 1536 839 Fratrem
1555 809 1652 838 suum:

1261 847 1438 878 Willielmum
1455 850 1601 877 Dominum
1615 846 1648 876 de
1665 846 1812 884 Crecfflon,
1831 844 1974 884 Militem,

1260 886 1456 916 Alexandrum
1474 889 1693 925 Montegomery‚

1260 925 1397 965 Jacobum
1413 927 1558 954 Dominum
1575 923 1743 964 Hamylton,

1260 965 1407 994 Andream
1423 965 1570 993 Dominum
1587 962 1620 992 de
1638 965 1730 1001 Gray,

1260 1003 1397 1033 Batones:

1261 1041 1436 1077 Magistrum
1451 1040 1599 1070 Andream
1616 1040 1649 1069 de
1667 1038 1833 1078 Duresdere‚
1850 1039 1883 1071 δί
1899 1040 2048 1069 Patricium
2065 1039 2186 1078 Yhoung,
2207 1041 2286 1071 Dum

1224 1079 1372 1148 keldenbsem
1386 1078 1425 1114 ὠ·
1442 1078 1697 1117 Aberdennensem,
1718 1078 1867 1108 Decanos:

1261 1118 1303 1156 J0
1325 1130 1421 1148 aunem
1440 1116 1570 1157 Methfen
1590 1117 1784 1148 Decretorum
1801 1116 1983 1154 Doctorem,
2001 1117 2034 1147 ὃς
2046 1116 2205 1155 Johannem
2226 1120 2290 1147 Αν-

1226 1167 1288 1187 rom·
1303 1158 1542 1188 Archidiaconum
1558 1155 1755 1195 Glasguensem
1765 1178 1775 1193 ,
1793 1154 1940 1193 Clericos3

1273 1196 1375 1227 Scotos
1390 1198 1418 1225 in
1434 1195 1570 1234 Regnum
1587 1193 1675 1233 Regis
1695 1195 1807 1233 Angliae
1825 1195 1916 1224 versus
1938 1195 1971 1225 &
1986 1194 2019 1224 ad
2032 1193 2212 1224 Praesentiam
2232 1194 2293 1225 Re-

1226 1236 1286 1274 gis,
1301 1244 1370 1265 cum
1386 1233 1515 1264 Centum
1528 1235 1561 1264 &
1575 1233 1686 1271 Viginti
1706 1233 1834 1264 Personis
1845 1234 1875 1263 in
1890 1232 2037 1262 Comitiva
2062 1234 2122 1270 sua,
2140 1234 2183 1263 vel
2202 1233 2290 1270 infra,

1227 1284 1260 1303 ac
1276 1283 1346 1303 cum
1368 1273 1450 1303 Auro
1470 1272 1504 1302 &
1520 1270 1647 1311 Argento
1664 1272 1818 1302 Monetato
1837 1272 1871 1302 &
1897 1282 1956 1302 non
1977 1270 2147 1309 Monetam,
2169 1271 2288 1309 Lioeris,

1228 1312 1350 1350 PapiriS,
1366 1312 1399 1342 ὅ(
1408 1310 1558 1348 Scripturis
1567 1332 1577 1347 ,
1593 1319 1626 1340 ac
1639 1310 1695 1340 aliis
1709 1310 1809 1341 Rebus
1824 1309 2007 1340 &Hernesiis
2022 1310 2073 1339 suis
2083 1311 2163 1340 licitis
2177 1309 2289 1348 quibus-

1229 1360 1370 1388 cumque,
1389 1350 1449 1380 tam
1462 1359 1511 1386 per
1525 1349 1646 1379 Terram
1681 1351 1747 1379 uam
1765 1359 1814 1387 per
1830 1348 1931 1386 Mare,
1949 1347 2076 1386 equestre
2094 1348 2137 1378 vel
2151 1347 2289 1386 pedestre,

1228 1389 1398 1426 veniendo,
1415 1398 1448 1418 ac
1460 1388 1547 1417 etiam
1567 1387 1649 1425 usque
1696 1389 1819 1418 ivitatem
1840 1386 1929 1426 Regis
1945 1386 2189 1425 Cantuarieniem,
2207 1387 2292 1417 causa

1229 1427 1480 1466 peregrinationis,
1499 1425 1705 1464 proficiscendo
1715 1449 1723 1463 ,
1739 1427 1845 1456 ibidem
1859 1427 1892 1457 &
1907 1427 1936 1455 in
1951 1425 2009 1454 aliis
2025 1425 2111 1456 Locis
2123 1425 2290 1462 RegniRe-

1227 1468 1268 1505 gis
1292 1466 1419 1504 praedicti
1442 1464 1545 1495 Nocte
1565 1463 1678 1503 Dieque
1698 1464 1844 1495 Morando
1858 1488 1868 1502 ,
1895 1463 1956 1499 ὅγε.
1969 1471 2050 1502 prout
2063 1467 2094 1494 in
2108 1463 2241 1505 similibus
2257 1464 2289 1494 de

1230 1506 1370 1536 Conduc‘lu
1383 1506 1496 1533 Literis.

1266 1547 1338 1574 Dat.
1357 1552 1396 1573 22
1414 1542 1543 1581 Januar.

1420 375 1446 401 ²¹5<
1467 379 1525 409 Pro
1549 377 1681 423 Epifiops
1706 379 1898 420 Moravierfi
1917 383 1952 416 (ῤ-
1976 382 2053 416 aliis.

1262 600 1453 653 ssVillielmum,
1471 613 1647 653 Johannem,
1667 615 1699 645 &
1714 614 1874 653 Robertum‚
1892 616 2100 656 Glasguenfim'
2118 622 2274 652 Moravimr

1586 1678 1645 1713 Ad
1667 1682 1778 1726 Regem
1804 1681 1914 1712 Scotiae.

1225 1770 1423 1824 HEnricur,
1449 1765 1510 1801 &a
1536 1763 1721 1796 Sereniffimo
1747 1762 1873 1801 Principi
1898 1762 2025 1802 Jacobo,
2049 1763 2151 1794 eadem
2176 1759 2292 1799 Gratia,

1301 1811 1436 1838 Scotorum
1451 1809 1535 1843 Regi,
1550 1804 1640 1834 Fratri
1653 1804 1686 1833 &
1701 1801 1921 1841 Consanguiueo
1936 1802 2036 1833 nostro
2046 1801 2204 1840 cariffimo,
2223 1809 2290 1831 curn
2333 1795 2418 1825 ¹452·

1228 1845 1426 1885 complacendi
1441 1844 1596 1881 defiderio,
1616 1842 1750 1873 Salutem.
2310 1830 2362 1853 An.
2381 1836 2426 1863 30·

1265 1884 1426 1924 Seremffi'me
1444 1885 1582 1921 Princeps,
1600 1884 1700 1910 Frater
1714 1878 1752 1915 ὠ·
1767 1880 1965 1919 Conshnguinee
1979 1879 2125 1920 Carifflme‚
2311 1867 2391 1932 {eg-

1265 1923 1384 1954 Litteras
1402 1922 1503 1953 vestrae
1518 1921 1716 1958 Sublimitatis,
1732 1918 1818 1950 Datas
1844 1919 1984 1950 Vicesima
2001 1929 2098 1957 quarta
2119 1917 2293 1950 Decembris

1229 1961 1333 1993 ultimo
1353 1962 1501 2000 praeteriti,
1519 1960 1682 1998 nuperrime
1698 1968 1746 1998 per
1761 1957 1906 1987 Albanum
1915 1956 2078 1997 Signiferum
2091 1957 2216 1990 vestrum
2223 1957 2294 1988 No-

1230 2001 1274 2030 bis
1290 2000 1484 2036 PraesentaraS,
1503 1998 1695 2036 Recepimus,
1713 1998 1890 2027 continentes
1914 2000 2013 2036 quod,
2028 1999 2095 2028 licet
2115 2006 2222 2036 nuper,
2240 2005 2294 2033 pro

1229 2040 1311 2070 certis
1333 2039 1430 2070 vestris
1445 2037 1586 2077 Subditis,
1604 2036 1638 2067 ad
1657 2034 1983 2078 IntrandumtRegnum
2006 2036 2134 2066 nostrum
2160 2035 2272 2075 Angliae
2284 2057 2296 2072 ,

1229 2078 1263 2108 ad
1285 2078 1481 2109 Tractandum
1505 2087 1573 2107 cum
1591 2075 1692 2105 nostris
1715 2074 1925 2104 Commlffariis
1946 2075 2024 2111 super
2048 2075 2130 2106 certis
2149 2073 2296 2110 Materiis‚

1230 2116 1337 2148 Pacem
1351 2119 1385 2149 &
1401 2117 1565 2147 Utilitatem
1587 2114 1758 2152 Regnorum
1778 2113 1889 2151 Angliae
1908 2114 1941 2144 &
1964 2112 2071 2144 Scotiae
2094 2113 2296 2143 concernenti-

1230 2156 1298 2195 bus,
1319 2156 1430 2187 nostras
1443 2155 1519 2187 Salvi
1531 2151 1704 2185 Conduc‘ffis
1722 2152 1840 2183 Litteras
1855 2151 2033 2190 dederimus,
2056 2153 2122 2191 quia
2137 2161 2230 2182 tamen
2245 2153 2294 2180 Ve-

1221 2195 1285 2234 stra
1300 2199 1436 2225 Serenitas
1448 2195 1483 2225 de
1496 2193 1624 2231 praesenti
1641 2191 1726 2221 Viros
1739 2191 1849 2228 majoris
1866 2190 2020 2229 Dignitatis
2033 2192 2067 2221 &
2082 2190 2295 2220 Excellentioris

1229 2233 1337 2271 Status,
1362 2235 1396 2264 ad
1423 2233 1533 2263 easdem
1560 2231 1694 2262 Materias
1712 2229 1930 2268 pertractandas,
1956 2231 1984 2259 in
2003 2230 2060 2259 hoc
2083 2228 2222 2267 Regnum
2240 2238 2296 2258 no-

1229 2272 1317 2302 strum
1332 2272 1469 2303 destinare
1481 2271 1619 2309 disponit,
1637 2279 1690 2309 pro
1707 2269 1808 2307 quibus
1822 2267 1928 2298 nostras
1942 2268 2017 2298 Salvi
2038 2267 2212 2298 ConduCtsis
2233 2267 2295 2298 Lit-

1230 2320 1304 2381 terfst
1312 2313 1340 2342 in
1360 2312 1454 2342 forma
1468 2310 1564 2341 debita
1577 2307 1700 2340 concedi
1717 2308 1750 2339 &
1767 2307 1891 2346 expediri
1904 2307 1996 2337 facere
2012 2306 2163 2344 defiderac,

1305 2360 1339 2381 os

1271 2374 1355 2429 Qi?
1372 2388 1437 2427 Ipso
1448 2388 1498 2427 qui
1514 2387 1603 2417 nichil
1617 2387 1728 2424 ignorat
1740 2383 1847 2421 Teste,
1864 2383 1952 2414 nichil
1967 2383 2042 2414 aliud
2056 2383 2104 2413 nifi
2124 2382 2232 2414 Bonam
2251 2381 2295 2412 Fi·-

1234 2427 1302 2458 dem
1316 2428 1486 2459 intendimus
1506 2425 1710 2464 (Tractatibus,
1729 2433 1818 2466 nuper
1834 2424 1905 2453 inter
1920 2422 1980 2453 Vos
1992 2424 2025 2453 ὃς
2035 2422 2229 2453 Adversarium
2243 2431 2298 2451 no-

1233 2466 1323 2497 strum
1338 2466 1360 2496 F
1363 2467 1464 2497 ranciae
1476 2474 1506 2496 ut
1520 2466 1710 2495 informamur
1726 2461 1843 2500 habitss,
1860 2471 1922 2491 non
1945 2461 2135 2498 obstantibus)
2158 2460 2298 2491 Amantis-

1234 2505 1313 2536 fimae
1325 2505 1426 2536 vestrae
1448 2504 1631 2534 Fraternitatis
1646 2502 1729 2532 Votis
1744 2501 1778 2532 &
1799 2500 1968 2538 Defideriis,
1986 2510 2019 2531 ac
2036 2500 2121 2538 Paci,
2139 2499 2297 2538 Tranquil-

1234 2544 1318 2582 lirati,
1337 2545 1371 2575 &
1393 2542 1568 2574 Commodis
1590 2541 1777 2572 Subditorum
1799 2538 1970 2578 Regnorum
1991 2539 2102 2578 Angliae
2120 2540 2154 2571 &
2175 2538 2298 2575 Scotiae,

1235 2591 1370 2621 quantum
1384 2584 1413 2612 in
1429 2582 1528 2613 Nobis
1542 2581 1583 2611 est
1593 2604 1602 2619 ,
1621 2580 1764 2610 intendere
1782 2580 1942 2616 cupientes,

1239 2621 1420 2690 [Mittimus
1443 2621 1540 2662 Vestrae
1558 2622 1711 2650 Serenitati
1730 2617 1892 2649 desideratas
1918 2616 2007 2647 nostri
2027 2616 2101 2648 Salvi
2123 2615 2298 2649 Conducras

1269 2668 1369 2691 itteras.

1276 2699 1427 2738 Quantum
1446 2699 1516 2728 vero
1532 2696 1567 2727 ad
1580 2696 1638 2726 hoc
1651 2695 1761 2735 ipsum,
1779 2694 1858 2734 quod
1877 2704 1927 2734 per
1941 2693 2003 2724 alias
2022 2694 2119 2733 Vestrae
2136 2697 2299 2726 Serenitatis

1236 2736 1355 2767 Litteras
1373 2737 1440 2767 Nos
1463 2735 1602 2775 rogandos
1626 2733 1861 2772 requirendosque
1882 2733 2015 2771 censetis,
2030 2735 2157 2772 quatinus
2180 2734 2299 2765 Ambas-

1236 2776 1379 2807 siatoribns
1393 2778 1452 2806 tam
1467 2775 1584 2806 Gallicis
1601 2774 1689 2811 quam
1705 2772 1804 2810 Regni
1820 2771 1905 2802 vestri
1918 2771 2060 2810 Subditis,
2079 2783 2169 2810 nuper
2181 2774 2217 2804 ab
2232 2770 2301 2802 Ad-

1235 2814 1359 2854 verfizrio
1371 2815 1457 2855 nostro
1471 2816 1594 2843 Franciae
1607 2812 1641 2842 ad
1654 2811 1715 2842 Vos
1730 2810 1905 2848 transmissis,
1923 2810 1970 2849 qui
1989 2811 2049 2848 jam
2071 2812 2101 2841 in
2117 2811 2224 2850 Regno
2244 2821 2299 2841 no-

1234 2852 1292 2882 stro
1309 2854 1421 2892 Angliae
1438 2853 1596 2892 detinentur
1608 2850 1741 2890 Captivi,
1759 2851 1806 2887 pie
1821 2851 2042 2889 compatientes,
2062 2859 2161 2880 eorum
2180 2850 2300 2881 Delibe-

1234 2893 1335 2923 rationi
1348 2892 1536 2924 favorabiliter
1552 2890 1697 2922 intendere
1711 2889 1862 2926 vellemus,
1881 2888 1995 2918 noverit
2013 2888 2105 2926 Vestra
2120 2892 2297 2919 Fraternitas

1235 2931 1315 2968 quod
1328 2933 1357 2961 in
1372 2932 1425 2961 hac
1440 2941 1468 2960 re
1480 2930 1546 2961 Nos
1561 2927 1650 2960 taliter
1664 2928 1767 2958 habere
1781 2928 1956 2965 curabimus,
1970 2933 2002 2957 ut
2016 2926 2147 2965 decebit,
2165 2929 2199 2959 &
2213 2935 2298 2967 prout

1229 2969 1305 3009 Juris
1319 2971 1446 3008 aequitati
1459 2968 1618 3001 consonum
1637 2967 1689 2997 erit
1701 2967 1735 2996 &
1748 2967 1860 2996 rationi.

1248 3009 1251 3011 '
1270 3007 1507 3049 Cegfitudinemque
1520 3006 1640 3046 vestram
1654 3005 1689 3036 ad
1702 3004 1778 3035 Vota
1798 3004 1946 3036 conservet
1967 3003 2016 3042 qui
2029 3004 2164 3035 omnium
2182 3003 2224 3036 est
2239 3003 2297 3035 Re-

1235 3048 1364 3078 tributor.

1276 3085 1344 3116 Dat.
1363 3086 1391 3115 in
1409 3084 1519 3115 Palatio
1537 3082 1623 3121 nostro
1641 3082 1716 3121 apud
1732 3080 2006 3121 Westmonasterium,
2030 3079 2178 3112 Vicefimo
2198 3082 2297 3119 quinto

1234 3122 1280 3154 die
1290 3123 1432 3163 Januarii,
1451 3124 1620 3162 Regnorum
1635 3123 1706 3151 vero
1720 3121 1883 3151 nostrorum
1899 3120 1988 3150 Anno
2003 3120 2174 3151 Tricefimo.

1402 3203 1448 3230 De
1467 3199 1606 3230 Mandata
1624 3200 1701 3236 Regis
1714 3204 1763 3235 per
1779 3195 1998 3236 Avrjl‘amentnm
2015 3195 2183 3235 Conciliifici.

1948 3273 1988 3304 T.
2025 3272 2056 3303 K
2075 3282 2093 3304 a
2109 3280 2132 3302 N
2151 3280 2184 3302 τ,

1488 3428 1510 3449 *
1536 3430 1594 3460 Pro
1618 3423 1763 3471 Johanne
1784 3424 1821 3457 de
1846 3422 2015 3473 Conymbre.
2308 3435 2389 3466 *XL

1238 3511 1361 3568 REX
1379 3512 1542 3548 Omnibus,
1561 3510 1595 3542 ad
1609 3520 1697 3550 quos,
1716 3511 1778 3542 ἃς.
1803 3509 1937 3540 Salutem.
2308 3486 2375 3542 232⁰„ss
2401 3513 2434 3544 D

1350 3552 1448 3582 Sciatis
1461 3550 1556 3590 quod,
2331 3560 2415 3590 1452,

1271 3589 1367 3628 Cum,
1383 3589 1498 3620 Illustris
1511 3590 1544 3619 &
1562 3587 1662 3618 Inclita
1678 3585 1932 3627 Praecanffimaque
1948 3582 2163 3623 Consanguinea
2178 3584 2270 3615 nostra
2281 3607 2291 3622 ‚
2308 3594 2356 3617 Aa.
2373 3601 2416 3619 20.

1233 3629 1343 3668 Duczffiz
1359 3629 1522 3665 Burgundiae
1531 3627 1628 3657 Nobis
1643 3625 1801 3662 suppliciter
1816 3623 1988 3652 luadendum
2008 3623 2117 3654 duxerit
2139 3624 2216 3662 quod
2233 3622 2289 3652 Di·
2308 3632 2342 3657 Η,
2359 3629 2387 3656 6,

1233 3666 1414 3697 Ιθιῖὲίιίὶτηυῑη
1424 3666 1670 3703 consanguineum
1680 3662 1808 3692 nostrum
1818 3660 2012 3699 Johannemde
2021 3666 2076 3691 Con
2072 3662 2175 3702 ymbre,
2184 3661 2288 3698 Nepo-
2307 3670 2366 3694 Par.
2389 3675 2436 3705 3⁰·

1233 3714 1292 3735 tem
1308 3706 1405 3742 suum,
1423 3706 1476 3741 jam
1491 3711 1620 3742 agentem
1641 3702 1760 3731 Annum
1778 3699 1882 3730 AEtatis
1902 3700 1956 3730 suae
1980 3700 2290 3739 Qiintumdecimum,
2309 3709 2342 3733 H.
2359 3707 2388 3735 ⁶„

1234 3743 1268 3774 ad
1291 3744 1473 3781 Obsequium
1490 3743 1519 3771 in
1543 3740 1663 3771 Persona
1680 3739 1724 3769 sua
1743 3737 1842 3768 Nobis
1857 3739 2080 3778 impendendum
2101 3739 2241 3775 Recipere
2256 3738 2290 3768 &
2308 3750 2333 3779 p.
2359 3753 2381 3770 ι.

1233 3782 1379 3812 admittere
1390 3782 1585 3820 dignaremur,
2308 3790 2345 3809 m,
2362 3781 2390 3810 8,

1271 3819 1356 3858 Nos,
1370 3820 1541 3850 attendentes
1554 3815 1716 3854 praeclaram
1730 3813 1852 3844 Generis
1862 3814 1903 3845 sui
1916 3814 2108 3845 Nobilitatem
2122 3814 2155 3844 &
2169 3813 2288 3852 Sangui-

1232 3859 1275 3889 nis
1291 3859 1549 3896 Propinquitatem,
1569 3853 1624 3892 qua
1640 3863 1692 3883 nos
1703 3854 1819 3891 attinet,
1836 3863 1870 3884 ac
1884 3853 2047 3884 Suafionem
2070 3854 2102 3883 δε
2122 3851 2288 3883 Instantiam

1233 3898 1355 3936 praefatae
1370 3894 1593 3933 Consanguineae
1606 3894 1710 3922 nostrae
1726 3892 1817 3930 (cujus
1829 3890 1914 3923 Votis
1926 3893 1960 3924 &
1973 3891 2121 3921 Defideriis
2134 3890 2286 3923 satisfacere

1234 3937 1467 3975 complacereque
1487 3934 1625 3968 curamus)
1650 3932 1833 3962 annuendum
1857 3931 1988 3962 duximus
2003 3952 2012 3966 ,
2037 3928 2114 3966 quod
2136 3928 2287 3967 praefatum

1232 3976 1458 4014 Consanguineum
1473 3968 1619 4007 nostrum,
1636 3979 1704 3999 cum
1719 3969 1752 3999 ad
1768 3969 1954 4000 Maturiorem
1968 3968 2125 4006 pervenerit
2140 3966 2289 4005 AEtatem,

1232 4014 1316 4044 talem
1339 4009 1490 4049 (videlicet)
1510 4009 1539 4038 in
1575 4017 1608 4038 ua
1621 4009 1703 4038 nobis
1717 4007 1878 4038 commode
1892 4007 1994 4044 poterit
2008 4004 2184 4043 personaliter
2198 4007 2290 4037 deser-

1231 4053 1290 4082 vire
1300 4074 1310 4089 ,
1325 4051 1358 4080 ad
1375 4047 1550 4085 Obsequium
1588 4046 1726 4085 ujusmodi
1739 4046 1823 4077 nobis
1840 4044 2068 4085 Impendendum
2080 4051 2164 4083 grato
2176 4044 2290 4076 Animo

1233 4097 1418 4128 promptaque
1432 4085 1583 4118 voluntate
1595 4086 1777 4124 recipiemus,
2253 4120 2279 4151 Ε

2282 4130 2294 4152 t
