2555 4266
153 187 232 230 230
617 167 1854 221 CONVENTIONES,LITER'AE,'

4 259 81 292 Ann.
98 257 139 289 D.
192 258 262 290 Nos
275 257 357 297 igitur
370 258 429 288 Rex
446 254 560 294 Angliae
574 256 740 295 praedietus,

27 298 112 335 1506.
194 297 350 334 Cupientes
361 295 507 327 Praemiffa
523 297 555 327 ὅ(
573 304 674 325 eorum
699 294 868 333 quodlibet,
883 295 925 324 uti
947 295 1021 324 inter
1042 292 1169 325 Nostros
1187 295 1221 325 &

6 341 68 367 HJ}-
91 346 117 372 7.
155 336 284 376 praeditffi
299 339 376 372 Regis
395 334 533 372 Castellae‚
550 332 613 368 &n
633 333 795 363 Archiducis
811 332 949 371 Austriae,
968 331 1029 368 ἀνι.
1045 331 1222 363 Commissa-

153 377 210 405 n'os
223 376 257 405 δε
269 374 405 404 Oratores
416 396 425 411 ,
442 372 595 403 Conventa
604 395 613 409 ,
630 372 810 402 Concordata
819 394 829 409 ‚
848 374 882 403 &
896 371 1038 403 Conclusa
1050 370 1130 409 sunt,
1146 372 1222 401 bene

1256 256 1363 302 lorem,
1382 255 1468 300 Locis
1481 256 1515 287 &
1527 256 1674 302 Terminis
1688 258 1779 290 modo
1793 260 1828 291 &
1840 257 1935 304 forma
1950 260 2109 303 praediffls{
2122 264 2242 304 praefato
2258 268 2324 304 Regi
2344 264 2421 297 Ann.
2436 264 2479 298 D:

1261 294 1373 339 Anglgae
1387 296 1480 334 ejusve
1495 294 1700 328 Executoribus
1713 305 1761 342 aut
1774 297 1925 336 Affignatis
1935 298 2063 343 ,lpfiusve
2077 312 2124 334 aut
2145 315 2245 337 eorum
2259 306 2321 337 De·
2368 304 2455 344 1506.

1263 342 1363 372 putatis
1381 334 1426 364 vel
1440 334 1586 372 Depurato
1600 336 1674 366 bene
1689 335 1805 367 firmiter
1817 336 1851 366 &
1865 336 1983 368 fideliter
1998 338 2164 382 Solvantur‚

1299 371 1337 402 Et
1352 372 1433 411 quod
1447 373 1546 403 omnia
1561 382 1661 405 caetera
1683 374 1732 404 alia
1747 375 1780 406 &
1795 374 1835 404 fin
1856 375 1916 413 ula,
1936 377 2006 406 inter
2027 377 2140 409 eosdem
2162 381 2188 412 R
2276 394 2328 414 an,
2346 348 2402 372 Heu
2420 352 2450 378 ⁷*

6 2370 25 2388 *Κ
42 2370 125 2401 XIII.

6 2417 67 2444 [49.

155 414 191 445 &
206 413 326 443 fideliter
340 412 482 448 expediri,
500 411 666 448 adimpleri,
683 412 717 441 δε
732 410 829 440 debite
844 409 1015 441 Executioni
1028 409 1173 446 mandari,

191 451 341 482 Dilectum
358 451 391 480 δε
405 449 532 480 Fidelem
548 448 746 479 Consiliarium
761 447 892 478 nostrum
915 448 1087 488 Magistrum
1109 447 1223 486 Johan—

156 501 217 521 nem
241 492 308 525 Yong
331 488 443 526 Legum
468 487 634 518 D0&orem
662 487 710 524 (de
730 488 808 525 cujus
829 487 999 526 Fidelitate,
1016 486 1171 523 Industria,
1189 486 1223 516 &

158 527 425 564 circumspectione
449 527 557 566 plenius
578 525 760 563 confidimus)
781 525 914 556 nostrum
939 535 1041 557 verum
1068 527 1102 555 &
1121 524 1223 562 legitti-

154 574 238 598 mum
262 563 417 596 Oratorem
431 589 440 602 ,
465 565 700 603 Procuratorem,
724 563 901 602 Nuncium,
927 565 961 595 δε
985 562 1223 593 Commissarium

154 604 304 673 specialensi
334 603 545 635 Censtituimus
558 627 569 643 ,
592 603 743 642 Facimus,
769 602 961 641 Ordinamus,
989 603 1023 633 &
1044 600 1224 639 Deputamus

177 653 205 673 er
245 653 282 673 rae
294 652 371 674 entes

149 653 174 718 ξ
192 681 303 713 Dantes
323 682 356 713 &
378 666 580 713 'Concedentes
609 679 702 712 eidem
727 680 838 718 plenam
862 676 1035 709 Potestatem
1057 677 1090 707 &
1113 675 1225 707 Αυᾶο-

154 723 265 752 ritatem
281 730 314 751 ac
334 720 510 752 Mandatum
525 720 652 759 generale
665 721 699 750 ὅ(
713 719 843 757 speciale,
864 726 917 754 pro
932 716 1029 746 Nobis
1041 716 1074 746 &
1089 714 1224 759 Nomine

154 758 272 797 nostro,
291 760 442 797 praedid'tos
457 760 602 798 Principes
615 760 648 791 &
663 758 810 788 Dominos
826 757 859 788 ὅ(
875 764 976 785 eorum
991 754 1146 793 quemlibet
1160 763 1224 793 pei·-

155 797 285 831 sonaliter
301 799 486 837 Accedendi,
907 832 913 838 ,
1052 831 1057 836 ¹

192 838 231 868 Et
246 847 315 870 cum
331 837 436 870 eisdem
450 837 487 868 de
501 838 534 869 &
546 836 624 873 super
640 834 745 872 praefati
755 833 914 871 Juramenti
931 830 1224 875 Praestatione&cce-

153 878 219 908 teris
234 876 387 909 Praemissis
398 878 431 909 &
445 886 544 908 eorum
559 873 782 906 Ciicumstantiis
798 871 1029 907 ⁴Conveniendi,
1044 869 1224 900 Communi-

154 915 258 954 candi‚
275 915 450 953 Tractandi,
468 917 501 947 &
516 911 736 955 Concludendi,
782 950 788 955 ·
1157 947 1162 953 .

196 954 330 985 Necnon
347 955 428 992 ipsius
439 953 598 992 Juramenti
611 949 790 981 Praestationi
809 948 843 979 &
864 956 1036 979 caeterorum
1057 945 1224 978 Praemisso-

158 1003 227 1024 rum
247 994 280 1025 &
303 1002 403 1023 eorum
427 990 576 1029 cujuslibet
601 989 771 1020 Executioni
791 986 1025 1031 &⁴Expeditioni
1047 986 1224 1024 personaliter

157 1032 337 1063 intereffendi
354 1032 387 1062 &
405 1029 583 1060 Praesentiam
600 1028 675 1058 suam
692 1025 858 1066 praestandi,

195 1070 205 1101 I
228 1071 341 1108 samque
362 1067 545 1099 effectualiter
562 1066 704 1108 praestari,
724 1065 895 1103 expediri&
917 1063 1077 1095 executioni
1099 1064 1223 1096 mandari

158 1080 282 1140 Vidjendi
296 1109 330 1139 &
344 1106 485 1139 Audiendi
494 1129 503 1146 ‚
688 1145 692 1150 ⁵
968 1142 973 1149 ·

192 1148 239 1177 Ac
256 1148 339 1177 etiam
362 1146 589 1178 Instrumentum
609 1144 764 1178 Pubhcum
781 1143 815 1177 sc
839 1141 1225 1186 Auffenticum-superinde,

151 1187 182 1216 in
198 1185 349 1216 Publicam
365 1186 515 1223 Formam,
533 1195 563 1216 ut
579 1185 774 1222 praemittitur‚
789 1183 953 1221 redasmm,
971 1183 1008 1213 ab
1020 1183 1121 1213 eisdem
1138 1183 1223 1215 Prin—

151 1225 261 1263 cipibus
283 1226 316 1256 &
338 1224 474 1255 Dominis
494 1225 527 1256 δε
548 1234 650 1254 eorum
671 1223 801 1261 quolibet
826 1222 961 1260 Petendi,
979 1220 1172 1262 Requirendi,
1188 1224 1221 1256 &

156 1263 343 1301 Recipiendi‚
358 1264 434 1301 juxta
454 1264 578 1294 formam
594 1263 627 1294 δε
642 1262 780 1293 εξῖεέὶυῐῃ
794 1259 948 1291 Τϊεᾶειῦς
963 1260 1091 1298 praedidti
1101 1284 1111 1299 ,

190 1302 358 1340 Caeteraque
383 1304 481 1332 omnia
507 1302 540 1332 δε
568 1301 671 1340 singula
704 1300 855 1337 Faciendi,
873 1299 1066 1337 Excercendi,
1092 1302 1126 1332 &
1149 1298 1221 1330 Exe-

154 1342 278 1381 quendi,
297 1341 408 1380 fierique
424 1342 456 1371 &
477 1342 598 1371 exerceri
622 1341 656 1372 ὃς
676 1340 775 1378 exequi
800 1337 935 1374 Petendi,
954 1337 1097 1368 Audiendi
1120 1340 1153 1370 &
1170 1339 1222 1370 Vi-

153 1379 257 1418 dendi,
276 1388 340 1418 quae
355 1381 382 1409 iri
398 1379 546 1409 Praemisfis
564 1380 608 1409 seu
625 1380 701 1409 circa
713 1388 745 1409 ea
760 1377 806 1407 vel
822 1385 923 1407 eorum
938 1376 1051 1414 aliquod
1072 1376 1221 1409 neceslaria

151 1418 258 1450 fuerint
276 1419 322 1449 seu
357 1418 556 1448 uomodolibet
570 1427 727 1455 oportuna,
745 1417 829 1446 etiam
845 1415 864 1445 s1
881 1414 916 1445 de
934 1414 960 1444 se
976 1415 1148 1447 Mandatum
1164 1417 1223 1448 exi-

153 1467 221 1496 gant
236 1459 321 1496 magis
344 1457 448 1495 peciale
470 1458 554 1495 quam
572 1456 757 1486 Praesentibus
773 1454 814 1485 est
835 1453 1013 1492 expressum,
1031 1456 1065 1486 &
1082 1455 1151 1485 Nos
1171 1455 1221 1492 ipfi

154 1497 309 1527 faceremus
324 1495 370 1527 seu
392 1496 482 1527 facere
505 1496 648 1535 possemus
672 1495 692 1524 si
714 1493 859 1532 praesentes
883 1492 1060 1530 personaliter
1082 1494 1223 1525 interesse-

156 1545 236 1566 mus·

192 1559 416 1610 Pr’omirtenres‚
434 1571 511 1604 bona
526 1572 594 1603 Fide
615 1573 649 1604 ὃς
666 1573 695 1602 in
720 1570 821 1601 Verbo
842 1569 958 1609 Regin,
974 1580 1009 1601 ac
1030 1571 1080 1600 sub
1103 1570 1223 1611 Obliga-

153 1614 233 1644 tione
247 1616 378 1644 omnium
392 1614 425 1643 &
441 1611 615 1649 singulorum
638 1611 785 1641 Bonorum
801 1609 963 1639 nostrorum
987 1609 1166 1645 praesentium
1186 1611 1219 1642 &

154 1652 333 1689 fururorum,
352 1651 421 1681 Nos
445 1650 553 1680 Rarum
575 1651 608 1681 &
623 1650 768 1686 Gratum,
792 1648 920 1678 Firmum
935 1654 1020 1685 atque
1042 1647 1146 1678 Stabile
1170 1658 1222 1687 pro

155 1699 294 1730 perpetuo
315 1690 458 1720 habituros
473 1697 566 1719 totum
582 1690 615 1720 δε
629 1687 763 1725 quicquid
779 1686 871 1717 dietus
893 1685 991 1716 noster
1010 1686 1118 1716 Orator
1133 1686 1223 1717 Nun-

154 1731 216 1760 cius
229 1730 262 1760 ὃς
276 1728 492 1760 Commiffirius
505 1737 556 1766 pro
571 1726 603 1756 t<
607 1727 668 1757 obis
688 1728 721 1758 ὃς
736 1725 873 1755 Nomine
895 1723 994 1754 nostro
1013 1724 1114 1756 fecerit
1135 1725 1171 1757 de
1186 1727 1220 1759 ὃς

155 1770 186 1800 in
201 1766 351 1799 Praemiffis
363 1767 409 1797 seu
423 1766 516 1803 aliquo
531 1764 757 1795 Praemissorum.

194 1806 228 1837 In
247 1807 329 1845 quus
343 1806 383 1837 rei
399 1804 617 1837 Testimonium
632 1803 681 1835 has
701 1803 808 1834 Literas
826 1801 934 1833 nostras
951 1801 1010 1833 fieri
1029 1803 1150 1834 fecimus
1167 1802 1222 1835 Pa-

157 1853 255 1877 tentes.

192 1927 284 1958 Teste
305 1927 414 1966 meipso
432 1927 505 1967 apud
527 1925 802 1967 Wvstmmzasterium,
819 1923 938 1956 decimo
962 1923 1011 1954 die
1035 1922 1110 1954 Maii
1132 1923 1222 1955 Anno

157 1966 254 2007 Regni
269 1965 358 1998 nostri
373 1966 517 1998 Vicesimo
530 1969 634 2006 primo.

195 2049 321 2087 ITEM,
340 2048 418 2087 quod
430 2049 560 2088 praefatus
581 2049 641 2076 Rex
665 2044 804 2087 Castellae,
819 2042 880 2080 &n
905 2042 1057 2074 Archidux
1079 2042 1221 2084 Austriae,

156 2087 221 2124 dvc.
236 2088 344 2119 curabit
359 2089 392 2118 δε
408 2089 515 2118 realiter
530 2087 612 2117 faciet
627 2096 694 2117 cum
708 2086 814 2117 efletffii
833 2083 933 2122 quud,

195 2127 340 2157 Dominus
355 2126 513 2157 wilhelmus
526 2126 559 2155 de
573 2130 640 2163 Croy
660 2124 805 2154 Dominus
818 2123 854 2153 de
869 2121 995 2152 Chieure
1011 2121 1224 2152 Locumtenens

156 2165 305 2197 Generalis
322 2166 428 2205 pnes-ati
445 2168 521 2203 Regis
535 2164 674 2204 Castellae,
692 2162 752 2197 &a
772 2161 936 2204 Archia'ucis
949 2160 1092 2207 Austriae)
1111 2158 1171 2194 &a
1206 2199 1210 2203 ³

194 2204 338 2235 Dominus
352 2204 466 2234 Thomas
481 2205 513 2234 de
528 2203 623 2234 Plaine
642 2202 791 2233 Dominus
817 2201 853 2232 de
868 2199 989 2240 Maigny
1009 2206 1115 2238 praexati
1133 2197 1225 2237 Regis

97 2237 102 2242 ¹
155 2242 364 2282 Cancellerius,

194 2281 344 2312 Dominus
359 2280 472 2312 Carolus
486 2281 518 2311 de
534 2283 600 2320 Croy
612 2279 750 2317 Princeps
765 2279 801 2310 de
817 2277 961 2318 Chimay,

195 2321 342 2351 Dominus
354 2323 487 2351 Henricus
503 2320 534 2349 de
546 2318 651 2358 Naffliu
666 2317 815 2348 Dominus
829 2317 865 2347 de
882 2316 970 2347 Breda

195 2355 214 2372 ἦ
229 2360 374 2390 Dominus
386 2359 508 2398 Jacobus
521 2358 553 2389 de
569 2357 749 2393 Lucemburgo
765 2355 912 2386 Dominus
926 2356 962 2385 de
978 2339 1115 2398 lssiennes,

198 2396 346 2428 Dominus
355 2397 503 2437 Johannes
517 2397 550 2426 de
572 2396 754 2433 Lucemburgo
771 2395 915 2425 Dominus
930 2394 966 2424 de
980 2392 1061 2430 Vile,

195 2436 344 2468 Dominus
364 2436 510 2476 Johannes
530 2438 619 2465 comes
639 2435 672 2464 de
694 2434 837 2474 Egmonda
862 2434 1077 2464 Locumtenens
1095 2431 1130 2462 de
1146 2429 1222 2462 Hol-

156 2476 263 2515 landia,

192 2514 342 2546 Dominus
357 2513 481 2544 Michael
491 2513 523 2543 de
540 2516 606 2551 Croy
619 2512 767 2543 Dominus
781 2511 818 2542 de
832 2510 946 2549 Sempi,
1201 2545 1207 2551 ⁶

187 2552 340 2621 3130anoe
355 2552 504 2582 Florentius
522 2552 554 2580 de
573 2551 716 2589 Egmonda
729 2550 876 2581 Dominus
889 2552 925 2579 de
944 2547 1103 2587 Yffeisteyn
1121 2545 1223 2577 Adrm-

155 2601 186 2622 τι
209 2601 239 2621 us
253 2602 279 2622 is
293 2602 343 2622 aris

195 2629 344 2661 Dominus
352 2615 522 2658 ’Philibertus
540 2631 672 2658 Dominus
686 2627 718 2658 de
736 2630 800 2657 Vere
817 2627 908 2658 dietus
921 2626 956 2656 de
977 2624 1128 2664 Mouche,

192 2667 340 2699 Dominus
352 2667 495 2705 Johannes
517 2667 549 2696 de
570 2670 695 2704 Sauvage
719 2666 864 2696 Dominus
884 2663 1101 2695 Deschanbeliae
1123 2661 1223 2693 Praesi-

153 2706 228 2777 dessst
238 2707 392 2777 Pssgssriffig
404 2743 563 2784 Jerom'mus
571 2745 730 2778 Lauweryn
744 2741 892 2773 Dominus
904 2741 940 2772 de
952 2739 1124 2771 Watervliet
1137 2736 1220 2770 The-

200 2794 212 2814 r
229 2795 253 2814 ri

152 2786 352 2864 ¹3²uli'lltptelil’ient
365 2821 473 2852 dabunt
489 2820 523 2851 ὅ(
535 2819 661 2855 tradent,
678 2828 726 2849 aut
743 2819 867 2859 expediri
884 2818 944 2850 dari
962 2819 996 2850 δε
1018 2818 1089 2850 tradi
1106 2818 1219 2855 facient,

153 2863 190 2895 ὃ(
207 2871 307 2894 eorum
332 2861 451 2900 quilibet
472 2858 618 2897 expediet,
642 2858 724 2889 dabit
743 2858 777 2889 &
797 2859 910 2896 tradet,
933 2858 1056 2896 expediri
1091 2857 1149 2888 dari
1172 2864 1220 2889 aut

154 2902 226 2933 tradi
239 2901 340 2940 faciet,
360 2899 479 2937 praefato
495 2897 688 2940 RegihAngliae
710 2897 800 2933 ejusve
817 2895 966 2935 Deputato
985 2897 1030 2927 vel
1052 2881 1220 2934 Deputatis,

153 2942 183 2971 in
201 2940 324 2970 Civitate
344 2937 525 2973 Londoniae‚
543 2944 609 2965 citra
624 2936 759 2966 Primum
774 2934 863 2966 Diem
885 2934 994 2966 Mensis
1017 2934 1141 2973 Augusti
1158 2936 1221 2967 Da-

155 2986 216 3009 tam
239 2977 378 3016 praesentis
396 2973 548 3006 Tracratfis
567 2975 700 3011 proxime
721 2975 755 3005 δε
776 2973 941 3005 immediate
963 2974 1144 3012 sequentem,
1163 2974 1221 3005 suas

153 3017 263 3049 Literas
278 3015 486 3054 obligatorias,
505 3013 534 3042 in
550 3011 643 3043 debita
656 3014 689 3043 &
703 3011 854 3043 sufficienti
868 3012 963 3043 forma
977 3013 1063 3043 fatias
1084 3014 1118 3043 &
1135 3022 1220 3052 expe-

153 3056 240 3093 ditas,
260 3054 397 3086 Manibus
410 3052 462 3082 suis
477 3050 590 3091 signatas
605 3053 637 3082 ὃ(
650 3051 703 3081 suis
719 3050 819 3090 sigillis
837 3051 974 3090 sigillatas,

191 3094 247 3125 Per
258 3102 324 3131 quas
335 3093 384 3130 ipsi
401 3091 434 3122 &
449 3098 549 3120 eorum
563 3089 663 3126 singuli
678 3088 833 3127 astringent
855 3090 1021 3128 obligabunt
1043 3090 1077 3121 ὅτ
1090 3091 1217 3159 <L{tomit-

151 3140 216 3165 tent
231 3132 267 3163 Se
281 3130 420 3162 Haeredes
431 3131 465 3161 &
481 3127 660 3158 Succeffores
677 3128 739 3157 suos
755 3128 927 3158 exhibituros
947 3128 1070 3159 facturos
1147 3140 1219 3167 ρης-

155 3172 271 3204 stituros
303 3176 424 3200 omnem
449 3167 578 3206 Operam
603 3165 702 3204 Opem
726 3166 760 3196 &
783 3166 968 3206 Di1³gentiam
989 3166 1040 3197 sibi
1061 3167 1096 3197 &
1117 3177 1220 3198 eorum

154 3210 270 3241 cuilibet
304 3207 461 3244 offibssem,
478 3214 513 3235 ac
532 3203 617 3235 uilem
631 3205 664 3235 &
678 3213 782 3234 tantam
798 3206 907 3243 qualem
922 3207 955 3237 &
971 3214 1104 3243 quantam
1118 3206 1147 3236 in
1168 3207 1219 3237 suis

154 3249 276 3287 propriis
323 3248 391 3277 ebus
405 3244 583 3284 Negotiis&
605 3242 703 3273 Causis
723 3243 918 3281 urgentissimis
939 3244 1063 3274 facerent
1084 3252 1131 3274 aut
1146 3254 1220 3282 quo-

154 3286 309 3325 quomodo
323 3285 416 3316 facere
436 3281 547 3320 possent
569 3281 703 3312 deberent
724 3290 771 3312 aut
793 3282 914 3320 vellent,
932 3291 979 3312 aut
997 3291 1099 3313 eorum
1122 3283 1221 3321 aliquis

160 3326 265 3356 faceret
288 3324 335 3354 vel
355 3320 568 3361 quoquomodo
590 3320 684 3351 facere
708 3319 799 3357 posset
814 3329 861 3351 aut
886 3320 988 3359 vellet,
1007 3321 1110 3359 absque
1126 3322 1221 3359 aliquo

156 3363 244 3400 dolo,
261 3362 355 3393 fraude
369 3370 417 3392 aut
430 3360 484 3391 alio
500 3359 600 3398 quovis
613 3359 730 3398 quaesito
742 3358 856 3396 colore,
873 3359 947 3396 apud
961 3359 1109 3396 praefatum
1124 3362 1222 3397 Regem

155 3400 280 3440 Castellae
292 3424 301 3438 ,
311 3400 380 3435 .&c.
398 3398 579 3430 Archiducem
588 3397 728 3436 Austriae,
746 3396 808 3431 &aa
827 3396 942 3434 ejusque
957 3397 1094 3427 Haeredes
1110 3398 1222 3428 &Suc-

158 3438 283 3471 ceffores
291 3447 450 3476 eorumque.
458 3437 664 3467 Locatenentes
678 3437 710 3466 &
727 3436 793 3465 alios
807 3444 906 3466 eorum
915 3434 1061 3465 Officiales
1077 3436 1223 3473 quoscun-

160 3487 235 3516 que,
252 3476 422 3514 eosdemque
435 3476 578 3507 &eorum
587 3474 741 3511 quemlibet
754 3473 901 3513 diligenter
913 3474 1020 3504 realiter
1034 3474 1223 3505 &cumeffe-

161 3517 213 3547 &u
223 3516 359 3546 omnibus
365 3516 416 3545 viis
431 3514 464 3544 &
479 3513 572 3544 modis
584 3513 634 3543 fibi
649 3514 681 3543 δε
691 3522 793 3543 eorum
802 3512 921 3544 cuilibet
936 3511 1111 3549 possibilibus
1123 3513 1156 3543 ὅ(
1164 3522 1224 3544 non

164 3554 354 3593 minusquam
367 3553 398 3583 in
410 3553 494 3582 caufiS
502 3552 715 3590 suispropriisut
723 3551 918 3588 supradictum
931 3550 972 3581 est
984 3551 1107 3581 facerent
1121 3559 1168 3582 aut
1182 3551 1224 3581 fa-

162 3602 229 3623 cere
243 3591 353 3630 possent
365 3598 413 3621 aut
427 3590 545 3628 vellent,
564 3590 756 3620 Solicitaturos
768 3589 971 3620 Exhortaturos
986 3590 1018 3620 &
1036 3589 1225 3627 Requifituros

164 3631 201 3662 &
213 3638 350 3670 quantum
366 3630 396 3659 in
418 3628 479 3665 ipsis
492 3629 525 3659 ὃ(
542 3638 640 3659 eorum
654 3628 782 3666 quolibet
797 3629 850 3659 erit
864 3628 971 3658 realiter
990 3629 1023 3659 &
1037 3636 1105 3657 curn
1120 3627 1224 3659 effectu

165 3668 319 3700 Curaturos
333 3670 367 3699 ὃς
385 3667 548 3698 Effe&uros
564 3667 599 3696 de
613 3676 741 3704 tempore
756 3668 784 3696 in
801 3676 911 3703 tempus
927 3667 1057 3704 quotiens
1080 3666 1113 3696 ὃ(
1136 3676 1225 3702 quan-

163 3708 205 3738 do
219 3717 239 3737 o
261 3706 401 3744 usfuerit,
418 3703 463 3735 vel
475 3703 534 3734 Res
553 3705 586 3735 δε
599 3704 686 3735 Causa
701 3704 920 3743 postulaverint,
938 3704 984 3734 vel
1003 3714 1052 3741 per
1070 3704 1223 3741 praefatum

165 3749 235 3784 Ang
247 3748 280 3774 iae
294 3748 390 3782 Regem
404 3742 497 3782 ejusve
509 3742 685 3772 Executores
699 3752 746 3773 aut
767 3743 927 3782 Affignaros
944 3742 1034 3779 ejusve
1052 3751 1099 3772 aut
1122 3752 1223 3773 eorum

166 3783 344 3814 Deoutatum
359 3782 404 3813 vel
422 3782 581 3820 Deputatos
595 3790 641 3816 per
658 3781 715 3811 suas
738 3781 842 3811 Literas
866 3782 910 3811 vel
933 3780 1069 3810 Nuncios
1085 3779 1225 3818 Requisiti

167 3815 383 3859 &interpellati
400 3820 517 3856 fuerint,
536 3818 618 3857 quod
640 3820 698 3848 tam
718 3819 795 3850 dicta
820 3820 940 3850 Summa
957 3822 1143 3848 Trecerrtorum
1164 3821 1227 3848 Mi-

170 3858 235 3887 lium
247 3862 368 3888 Franciae
383 3860 454 3889 boni
470 3859 541 3888 Auri
562 3858 595 3888 ὃς
615 3855 684 3892 Justi
707 3865 739 3886 ac
762 3858 852 3895 legalis
873 3857 1026 3895 Ponderis,
1043 3858 1127 3895 quam
1150 3857 1226 3888 dieta

172 3895 275 3926 Annua
287 3897 406 3927 Summa
422 3899 545 3933 Triginta
562 3895 670 3924 Milium
684 3896 908 3932 octingentarum
921 3895 959 3930 <sy
973 3899 1018 3934 qui
1056 3899 1168 3932 uaginta
1176 3899 1227 3925 Co-

168 3943 298 3963 ronarum
312 3938 452 3973 Franciae,
468 3944 521 3972 pro
538 3933 616 3964 Dete
633 3933 777 3963 Sabaudiae
794 3936 826 3965 ὃς
843 3933 986 3973 Hispaniae
1000 3934 1040 3964 So
1052 3934 1225 3972 vendarum,

169 3971 293 4002 similiter
306 3972 375 4002 boni
388 3973 455 4003 Auri
471 3974 503 4004 ἃ(
517 3971 579 4014 justi
596 3981 628 4001 ac
646 3972 737 4010 legalis
751 3971 905 4008 Ponderis,
922 3973 955 4002 &
968 3972 1131 4002 earumdem
1139 3971 1225 4002 Sum-

170 4017 283 4040 marum
299 4010 426 4046 quxelibet
440 4011 505 4041 Pars
518 4016 574 4040 uve
586 4009 740 4047 Particum,
759 4011 787 4041 in
803 4009 927 4040 Coronis
939 4010 1097 4048 praedicitis,
1113 4010 1158 4039 vel
1173 4010 1224 4040 alia

172 4047 298 4079 Moneta
312 4047 384 4076 Auri
399 4048 598 4088 Sterlingorum
607 4070 618 4086 ,
637 4048 670 4080 ad
687 4048 851 4079 earumdem
865 4047 1049 4080 Coronarum
1062 4058 1164 4081 verum
1172 4047 1229 4088 Va}

164 4152 190 4168 'O

1261 411 1343 441 tehac
1359 411 1602 449 qualitercumque
1619 412 1773 444 Conventa
1786 413 1820 444 &
1864 413 1976 446 onclusa
1985 438 1995 453 ,
2011 415 2108 447 debite
2121 417 2234 452 firmiter
2247 423 2281 454 ὃς
2295 422 2329 452 fi-

1265 449 1363 480 deliter
1377 449 1573 480 Observentur
1587 451 1619 481 δε
1637 451 1873 490 Adimpleantur‚

1302 487 1341 518 Et
1355 487 1390 532 ad
1405 489 1502 519 omnia
1517 490 1551 532 &c
1566 489 1670 528 singula
1687 489 1835 521 Praemiffa
1846 493 1880 522 &
1894 501 1995 522 eorum
2014 492 2154 531 quidlibet
2167 494 2332 529 faciendum

1264 525 1374 569 praefati
1388 526 1514 557 Domini
1528 537 1556 556 in
1571 528 1630 572 hoc
1644 529 1778 561 Articulo
1793 529 1916 568 superius
1928 532 2085 570 nominati,
2103 532 2136 562 &
2152 542 2253 564 eorum
2266 538 2330 575 qui-

1266 564 1355 602 libet,
1370 574 1470 608 coram
1487 564 1618 596 Notariis
1632 569 1666 598 δε
1677 567 1828 605 Testibus,
1845 569 1879 599 ad
1897 569 1955 600 hoc
1969 578 2018 608 per
2040 579 2090 600 eos
2110 573 2218 602 vocatis
2233 573 2267 603 &
2283 584 2331 604 ro-

1265 610 1353 647 gatis,
1371 612 1404 633 ac
1420 613 1448 632 in
1470 602 1618 635 Praesentia
1639 605 1832 637 Commiffarii
1859 607 1904 639 vel
1927 607 2197 640 Commiffariorum
2223 612 2333 647 praefati

1265 643 1345 685 ngff
1367 641 1499 688 Anglias,
1517 642 1551 672 ad
1567 642 1625 674 hoc
1640 643 1778 683 Deputati
1791 646 1836 677 vel
1850 645 2083 684 Deputatorum,
2101 648 2170 678 citra
2196 647 2333 680 Mensem

1261 678 1342 716 Junii
1356 680 1647 725 proximesuturum,
1664 682 1744 721 super
1759 683 1912 715 Canonem
1932 685 2031 716 Missae
2052 686 2086 716 δε
2099 686 2202 718 δεηᾶα
2219 687 2279 718 Dei
2292 687 2334 718 E-

1266 719 1408 758 vangelia,
1427 728 1476 756 per
1491 719 1565 758 ipsos
1579 720 1737 764 &eorum
1756 723 1914 760 quemlibet
1936 724 2118 762 corporaliter
2139 725 2231 764 tacta,
2249 725 2334 764 Jura-

1266 764 1399 786 mentum
1414 759 1561 800 corporale
1573 759 1676 791 facient
1691 760 1724 790 &
1739 760 1914 798 praestabunt
1935 764 1969 794 &
1992 773 2092 794 eorum
2109 764 2228 802 quilibet
2248 765 2336 797 faciet

1266 794 1299 824 ὅ(
1311 795 1475 840 praestabit,
1494 798 1690 838 rogabuntque
1702 799 1814 836 insuper
1828 800 1862 830 &
1879 810 1979 830 eorum
1994 802 2112 840 quilibet
2130 804 2239 841 rogabit
2261 803 2334 834 No-

1266 841 1350 863 tarios
1365 834 1518 874 praedictos
1531 844 1561 866 ut
1575 836 1653 874 super
1669 837 1823 868 Praemiffis
1840 837 1948 868 Unum
1964 840 2008 870 vel
2023 841 2099 879 plura
2112 841 2266 872 conficient
2282 841 2333 873 In-

1266 871 1460 903 strumentum
1473 873 1517 904 vel
1533 874 1722 907 Instrumenta
1738 877 1932 908 auctenticum
1953 875 2000 907 seu
2017 879 2175 911 audientica
2185 902 2196 918 ,
2215 890 2333 911 eorum-

1266 909 1394 955 demque
1411 910 1673 955 Instrumentorum
1693 924 1784 945 unum
1807 917 1836 945 in
1860 915 2008 946 Publicam
2030 916 2164 948 Formam
2185 919 2334 950 redactum

1269 947 1479 994 Commiffario
1491 951 1762 996 velnCommissai-iis
1775 953 1883 992 praefati
1898 956 1976 992 Regis
1989 955 2103 993 Angliae
2123 963 2191 987 tunc
2203 958 2335 996 praesenti

1265 987 1310 1018 vel
1332 989 1512 1033 praesentibua
1534 991 1620 1022 iidem
1645 991 1772 1023 Domini
1803 992 2021 1032 supranominati
2043 995 2077 1025 &
2095 1003 2196 1024 eorum
2215 996 2334 1034 quilibet

1266 1034 1338 1056 tunc
1351 1028 1385 1058 &
1400 1028 1508 1072 ibidem
1521 1028 1676 1061 tradent&
1692 1030 1889 1063 deliberabunt
1903 1031 1992 1064 tradet
2014 1032 2048 1064 δε
2067 1032 2232 1065 deliberabit
2252 1035 2337 1067 tradi-

1267 1075 1302 1097 ve
1316 1065 1349 1097 ὃ(
1363 1066 1507 1098 deliberari
1523 1067 1629 1101 facient
1644 1069 1678 1101 ὅ(
1693 1069 1786 1102 faciet.

1305 1145 1442 1191 Qumis
1462 1155 1600 1187 QUIDEM
1619 1147 1834 1182 Commisfione
1849 1149 1884 1182 ὃς
1907 1149 2058 1189 Articulo,
2076 1151 2115 1182 fic
2135 1159 2166 1183 ut
2188 1153 2340 1193 praemitti:

1267 1192 1311 1216 tur
1329 1186 1438 1232 ibidem
1454 1197 1539 1227 prout
1556 1188 1606 1220 ubi
1631 1190 1710 1227 supra
1733 1189 1877 1221 Exhibitis
1898 1191 1931 1221 &
1950 1190 2103 1228 Perlectis,
2123 1190 2218 1221 statim
2238 1193 2273 1223 &
2293 1192 2338 1222 in-

1266 1232 1442 1270 continenti,
1460 1237 1560 1258 coram
1574 1228 1654 1259 dicto
1666 1228 1804 1259 Domino
1814 1228 1948 1268 Johanne
1965 1232 2035 1267 Yong
2048 1229 2173 1260 Oratore
2188 1230 2220 1260 δε
2237 1228 2335 1260 Com-

1267 1263 1396 1295 miffario
1408 1265 1441 1296 &
1457 1266 1487 1295 in
1503 1266 1670 1299 nostrorum
1685 1266 1878 1298 Notariorum
1892 1267 2084 1298 Publicorum
2099 1268 2132 1298 ὅ(
2145 1268 2278 1299 Testium
2291 1269 2337 1299 iri-

1265 1301 1474 1340 frascriptorum
1490 1305 1659 1344 Praesentia,
1676 1305 1843 1344 saepedistus
1858 1306 2006 1338 Dominus
2021 1305 2167 1346 Johannes
2182 1309 2278 1337 comes
2293 1305 2335 1343 ὠή

1267 1342 1467 1373 Locumtenens
1476 1344 1645 1384 praedfflus,

1307 1379 1417 1426 Yolens
1430 1381 1585 1414 Contentis
1607 1384 1636 1413 in
1653 1381 1732 1414 disto
1749 1382 1883 1415 Articulo
1902 1384 1936 1416 &
1949 1383 2086 1416 TraCtatu
2096 1407 2106 1423 ,
2121 1383 2158 1415 de
2203 1385 2286 1416 uibus
2300 1382 2340 1416 Se

1267 1418 1341 1449 bene
1355 1419 1544 1452 informatum
1558 1422 1591 1454 &
1604 1422 1737 1453 avisatum
1754 1422 1812 1452 esse
1824 1423 1892 1454 dixit
1927 1424 2108 1461 quantumin
2121 1432 2158 1454 eo
2173 1427 2198 1454 ei
2227 1424 2339 1455 &eum

1271 1460 1441 1498 concernit,
1459 1459 1614 1491 satisfacere
1626 1461 1661 1492 &
1675 1470 1787 1499 parere,
1805 1471 1865 1491 non
1888 1446 2018 1492 &cadius
2038 1471 2093 1493 nec
2115 1461 2272 1502 Seductus,
2290 1461 2337 1493 sed

1266 1495 1376 1541 Sponte
1389 1498 1472 1541 &92
1487 1508 1563 1530 certa
1579 1500 1622 1530 sua
1640 1499 1781 1537 Scientia,
1799 1500 1880 1531 tactis
1894 1500 1914 1519 ²¹²
1929 1510 1978 1538 per
1991 1509 2058 1530 eum
2073 1500 2134 1531 Scri
2156 1501 2222 1531 turis
2242 1501 2340 1532 sacro-

1266 1534 1368 1604 gnfitis
1387 1535 1521 1576 (scilicet,
1541 1537 1638 1569 {aufto
1652 1537 1820 1577 Evangelio)
1839 1540 1872 1571 &
1885 1537 1973 1570 Sacro
1989 1538 2115 1570 Canone
2175 1539 2232 1570 'ffae
2248 1540 2340 1581 inspe-

1297 1583 1316 1603 o

1300 1597 1387 1650 Ji'ixta
1397 1612 1545 1645 Tenorem
1560 1613 1629 1646 disti
1643 1615 1791 1654 praeinserti
1809 1614 1951 1655 Articuli,
1969 1616 2118 1656 corporale
2125 1616 2338 1686 djuramentum

1265 1651 1408 1690 solempne
1432 1653 1576 1692 praestitit,
1594 1653 1645 1684 sub
1666 1653 1762 1685 forma
1779 1656 1808 1684 in
1828 1655 1951 1694 quadam
1968 1654 2063 1693 Papiri
2077 1654 2124 1686 Ce
2145 1656 2187 1687 ula
2207 1654 2257 1686 hic
2271 1656 2340 1688 sub-

1266 1699 1381 1730 notata,
1398 1700 1532 1724 contenta
1550 1693 1584 1724 &
1599 1690 1741 1732 expressa,
1756 1702 1842 1731 quam
1856 1693 1915 1724 hoc
1930 1693 2022 1724 modo
2035 1694 2175 1734 perlegir3
2191 1694 2342 1735 videlicet,

1268 1806 1281 1836 I
1299 1767 1358 1837 7ῙΖΞΔςῐ
1367 1778 1388 1799 o
1409 1768 1557 1801 Dominus
1563 1768 1711 1809 johannes
1727 1768 1840 1801 Comes
1851 1769 1887 1802 de
1896 1767 2058 1810 Egmonda,
2065 1771 2259 1801 Locumtenens
2265 1770 2337 1802 Hol-

1280 1819 1297 1837 a
1336 1819 1370 1837 με

1306 1831 1410 1876 cora’m
1434 1847 1512 1877 vohis
1555 1845 1711 1878 venerabili
1731 1849 1799 1877 Viro
1820 1845 1955 1886 Magistro
1973 1845 2106 1886 Johanne
2125 1846 2215 1886 Yong
2236 1849 2341 1886 Legum

1270 1886 1387 1915 DoHore
1413 1871 1571 1924 Sereniffimi
1594 1885 1634 1921 ὠ·
1653 1885 1825 1925 Illuslriffimi
1847 1888 1978 1925 Principis
1999 1886 2110 1916 Domini
2129 1885 2266 1925 Henrici,
2284 1890 2341 1918 Dei

1268 1924 1382 1962 gratia,
1401 1923 1490 1964 Regis
1513 1925 1626 1965 Angliae
1648 1924 1687 1960 &
1709 1924 1838 1955 Franciae
1857 1922 1896 1959 ὠ·
1919 1923 2043 1954 Domini
2063 1923 2215 1955 Hiberniae
2237 1929 2267 1955 in
2287 1925 2339 1956 hac

1263 1970 1343 2000 parte
1356 1966 1474 1993 Oratore
1488 1962 1526 1999 &
1540 1963 1721 2003 Commiffario
1759 1961 1905 2001 ufficienter
1923 1960 2103 2002 auc‘lortjfhto,
2122 1974 2223 1993 necnon
2246 1974 2337 1994 coram

1267 2001 1346 2075 {gobis
1361 2003 1491 2032 Notariis
1504 2002 1621 2033 Publicis
1639 2000 1678 2038 ό·
1697 2005 1733 2033 Ἠ)
1757 2002 1816 2033 ibus
1840 2004 1869 2032 in
1887 2000 1938 2031 hac
1948 2008 2033 2040 parte
2057 2004 2164 2032 vocatis
2182 2001 2338 2042 specialiter

1285 2052 1307 2062 ιν
1324 2051 1353 2069 νο
1370 2043 1425 2070 atis

1300 2051 1386 2117 JUgR
1397 2089 1417 2109 ο
1428 2064 1510 2118 fiper
1526 2082 1659 2110 Canonem
1676 2079 1766 2119 Mffae
1778 2087 1827 2118 per
1839 2089 1880 2108 me
1907 2076 2156 2118 Impraefentimm
2177 2078 2336 2119 inspectum,

1267 2116 1306 2153 ό·
1312 2117 1417 2158 ssenti‘a
1434 2121 1488 2148 Dei
1499 2119 1657 2156 Evangelia
1667 2126 1717 2157 per
1731 2129 1773 2148 me
1788 2116 1959 2156 corporaliter
1972 2118 2067 2155 taeta,
2085 2129 2126 2147 me
2132 2117 2338 2149 Solicitaturum

1269 2159 1481 2186 Procuraturum
1496 2157 1534 2192 ὠ
1548 2165 1683 2197 quantum
1698 2160 1728 2187 in
1742 2167 1783 2186 me
1797 2160 1850 2186 erit
1865 2155 1978 2186 realiter
1990 2155 2160 2194 Effec‘lurum
2173 2157 2248 2197 quod
2259 2161 2338 2188 Sere-

1267 2194 1384 2234 niffimus
1399 2198 1531 2226 Dominus
1548 2208 1618 2226 meus
1633 2197 1698 2226 Rex
1712 2194 1844 2226 Castellae
1859 2198 1949 2225 omnia
1962 2192 2114 2236 &singula
2137 2195 2280 2226 Articulos
2292 2195 2333 2232 &-

1266 2234 1395 2272 Capitula
1405 2258 1414 2273 ,
1434 2238 1463 2264 in
1480 2235 1619 2272 Articulo,
1621 2234 1680 2272 jam
1696 2233 1764 2263 left'o
1779 2233 1818 2270 &³
1833 2237 1862 2263 in
1875 2234 2010 2263 Tradatu
2039 2233 2244 2264 Matrimoniali
2261 2238 2336 2265 inter

1269 2273 1444 2312 Serenffimos
1468 2273 1580 2311 Angliae
1603 2274 1636 2304 &
1661 2272 1804 2312 Castelle
1819 2272 1916 2309 Reges
1941 2271 1992 2303 vel
2022 2282 2112 2302 eorum
2131 2272 2329 2312 Commtffarios

1261 2323 1324 2350 Jam
1339 2310 1463 2351 proxime*
1477 2315 1547 2342 inito
1569 2312 1724 2342 concordato
1743 2310 1781 2346 ὠ·
1802 2310 1916 2349 conclufii
1937 2316 2083 2348 contenta,
2095 2317 2186 2349 Juxta
2201 2316 2261 2341 vim
2291 2323 2338 2342 or-

1267 2362 1341 2379 mam
1357 2350 1394 2386 ὠ·
1407 2362 1420 2379 e
1443 2352 1528 2380 ectum
1541 2351 1609 2382 diffi
1627 2350 1778 2380 Traliatos
1791 2348 1830 2384 ὀ·
1850 2348 1992 2386 Articuli,
2010 2348 2098 2379 debite
2108 2348 2232 2391 firmiter
2295 2350 2333 2390 fi-

1267 2389 1363 2420 deliter
1379 2393 1403 2420 Ο
1417 2390 1562 2429 servabit,
1579 2401 1611 2419 ac
1627 2388 1800 2427 integerrime}
1815 2387 2006 2426 Adimplebit:

1305 2428 1372 2458 Sic
1398 2437 1451 2458 ME
1480 2427 1595 2459 Deus
1615 2435 1812 2469 ADJquT
1832 2434 1884 2458 ΕΤ
1903 2435 1992 2458 HAEc
2008 2425 2178 2457 SANCTA
2196 2425 2278 2457 Dm
2294 2425 2336 2458 E-

1266 2477 1284 2498 v
1295 2476 1313 2496 Α
1325 2475 1347 2496 Ν
1358 2477 1380 2497 G
1391 2476 1408 2497 E
1420 2475 1440 2497 L
1451 2476 1462 2497 1
1472 2477 1503 2497 Α.

1307 2507 1347 2535 Es
1361 2516 1422 2543 rogo
1444 2505 1483 2540 ὠ·
1495 2507 1601 2545 requiro
1622 2515 1690 2543 vos,
1707 2506 1822 2534 Domini
1840 2505 1970 2541 Notarii,
1989 2509 2020 2533 ut
2044 2503 2077 2533 de
2097 2502 2146 2533 hoc
2163 2502 2333 2541 Juramento

1262 2551 1311 2582 per
1333 2555 1373 2573 me
1380 2543 1501 2582 praellito
1521 2547 1610 2574 Unum
1625 2543 1676 2573 vel
1680 2542 1760 2581 plura
1774 2542 1920 2582 conficiatis
1934 2541 2147 2609 Inllrumenturn
2164 2541 2214 2571 vel
2225 2541 2332 2582 Instru-

1267 2590 1361 2612 menta
1378 2584 1558 2612 auctenticum
1572 2581 1622 2611 vel
1634 2584 1789 2611 auctentica
1798 2605 1807 2618 ,
1824 2579 1862 2616 &0
1876 2591 1927 2610 vos
1936 2603 1944 2617 ,
1981 2583 2004 2610 1'c
2017 2579 2185 2618 Praesentes,
2204 2583 2234 2610 in
2247 2580 2335 2619 Testes

1266 2621 1307 2650 ad
1315 2621 1506 2660 perhibendum
1515 2619 1701 2659 Testimonium
1715 2622 1747 2651 de
1761 2619 1808 2650 hoc
1821 2629 1877 2649 meo
1887 2619 2055 2658 Juramento
2063 2626 2114 2658 pro
2122 2620 2194 2649 Loco
2206 2617 2245 2655 ὠ·
2253 2621 2332 2649 Tem-

1259 2667 1326 2698 pore
1338 2663 1486 2698 oportunis.

1302 2736 1372 2767 Post
1386 2737 1465 2775 cujus
1479 2736 1596 2775 quidem
1613 2735 1734 2767 Cedulae
1759 2735 1912 2767 Le&uram
1936 2736 1971 2767 &
1985 2733 2146 2774 Juramenti
2166 2732 2334 2765 Praestatio-

1266 2784 1355 2812 nem,
1374 2784 1460 2813 prout
1473 2776 1501 2804 in
1518 2775 1578 2814 ipsa
1590 2773 1720 2813 proxima
1733 2773 1832 2803 inserta
1846 2773 1961 2804 Cedulfi
1980 2775 2017 2804 de
2042 2774 2132 2804 verbo
2148 2772 2182 2802 ad
2206 2774 2331 2804 verbum

1267 2814 1447 2851 continetur,
1464 2813 1543 2844 idem
1564 2812 1710 2843 Dominus
1731 2810 1876 2850 Johannes
1897 2815 1988 2841 Comes
2005 2811 2039 2842 &
2061 2810 2276 2842 Locumtenens
2292 2811 2331 2843 de

1264 2850 1418 2882 Hollandia
1435 2851 1585 2889 praediCtus
1600 2851 1751 2889 Ipsammet
1771 2848 1914 2880 Cedulam
1937 2849 2032 2880 Manu
2054 2848 2102 2880 sua
2123 2848 2238 2888 propria
2259 2850 2329 2881 sub-

1263 2889 1383 2928 scripsit,
1403 2891 1436 2922 &
1451 2890 1570 2920 eandem
1588 2890 1626 2920 fic
1641 2897 1671 2919 ut
1689 2888 1871 2928 praemittitur
1892 2887 2074 2927 subscriptam
2089 2887 2207 2927 praefato
2219 2887 2329 2918 Domi-

1264 2938 1305 2958 no
1320 2928 1452 2967 Johanni
1470 2931 1537 2966 Yong
1552 2928 1586 2959 ad
1604 2927 1712 2958 Manus
1723 2926 1836 2957 tradidit
1858 2927 1893 2958 δε
1908 2926 2094 2964 deliberavit,
2108 2925 2216 2963 nosque
2229 2926 2330 2957 Nota-

1264 2968 1319 2997 rios
1338 2966 1489 3005 Publicos,
1506 2977 1537 2998 ut
1553 2966 1669 3004 desuper
1684 2966 1754 3003 sibi,
1772 2966 1805 2997 ὃς
1819 2965 1957 2997 omnibus
1971 2973 2096 3003 quorum
2109 2963 2223 2995 interest
2235 2964 2326 2994 inter-

1264 3006 1317 3036 erit
1333 3015 1380 3036 aut
1403 3005 1530 3036 interesse
1561 3006 1663 3043 poterit
1683 3003 1901 3042 quomodolibet
1914 3004 1943 3034 in
1959 3004 2103 3040 futurum,
2120 3000 2328 3033 conficeremus

1264 3054 1354 3074 unum
1370 3044 1414 3075 vel
1431 3044 1510 3082 plura
1532 3043 1684 3073 Publicum
1706 3042 1753 3073 seu
1773 3041 1893 3073 Publica
1915 3041 2137 3073 instrumentum
2156 3039 2204 3071 seu
2223 3038 2332 3072 lnstru-

1267 3091 1380 3120 menta,
1398 3083 1428 3113 in
1440 3082 1600 3114 auctentica
1616 3082 1728 3119 forma,
1743 3080 1893 3120 requisivit.

1306 3159 1381 3191 Aelia
1394 3158 1509 3190 fuerunt
1521 3159 1586 3189 haec
1601 3158 1698 3188 omnia
1713 3158 1746 3189 &
1761 3157 1864 3196 singula
1878 3164 1965 3196 prout
1976 3155 2055 3193 fflpra
2071 3154 2227 3187 scribuntur
2242 3155 2276 3187 &
2285 3158 2333 3188 rei

1265 3197 1570 3276 ἓίζῑῗὲιὲἓῑὲἱέχῇηᾶἳὲ),
1584 3196 1727 3236 Domini,
1744 3195 1922 3234 Indifflone,
1941 3193 2131 3233 Pontificatu,
2150 3193 2268 3233 Mense,
2282 3195 2331 3225 die

1302 3313 1489 3345 Praesentibus
1506 3322 1577 3344 tunc
1600 3312 1708 3344 ibidem
1720 3311 1847 3352 Egregiis
1866 3310 1900 3342 &
1920 3308 2143 3350 Circumspectis
2159 3310 2242 3349 viris,
2261 3308 2329 3347 Dof

1265 3353 1348 3382 minis
1363 3353 1397 3384 &
1413 3352 1573 3391 Magistris‚

1299 3390 1404 3428 Jacobo
1422 3391 1527 3431 Ruyfih
1546 3390 1670 3421 Decano
1686 3389 1812 3427 Capellae
1825 3386 1939 3427 Hagen.

1302 3432 1327 3457 F
1327 3429 1438 3458 larentia
1547 3428 1580 3457 de
1599 3430 1642 3456 W
1639 3429 1782 3464 ingaerdin
1789 3450 1800 3466 ,

1304 3468 1348 3496 W
1346 3465 1454 3495 ilhelmo
1556 3465 1704 3496 erendiechi
1713 3488 1723 3503 ,

1303 3505 1426 3534 Gerardo
1444 3503 1478 3533 de
1496 3504 1601 3544 Inpia,
1766 3535 1771 3538 ,

1304 3542 1420 3611 Ιῂεςυω
1433 3541 1611 3573 Βοᾶοτὼυε
1624 3541 1658 3572 &
1676 3540 1848 3572 Confiliariis
1861 3538 1960 3571 Curiae
1971 3537 2150 3578 Hollandiae,

1341 3590 1435 3612 ecnon

1304 3618 1426 3649 cornelio
1437 3603 1598 3658 braffai»,
1615 3617 1726 3656 Milite,

1303 3658 1438 3727 {ohanne
1449 3657 1592 3695 Thompsim
1598 3680 1609 3697 ,

1332 3705 1342 3727 t
1358 3695 1491 3734 Johanne
1507 3695 1598 3736 Wyst,
2288 3729 2295 3732 ‚

1305 3735 1434 3778 Anglicis
1451 3734 1604 3765 &literatis
1617 3733 1753 3765 Testibus
1767 3733 1803 3764 ad
1822 3731 1971 3765 Praemiffa
1992 3731 2100 3764 vocatis
2121 3730 2270 3772 specialiter
2287 3737 2327 3762 at-

1268 3783 1324 3812 que
1337 3781 1451 3810 rogatis.

1306 3851 1347 3881 Et
1365 3859 1411 3887 ego
1429 3848 1607 3880 Willielmus
1627 3849 1712 3881 Falke
1731 3847 1913 3888 Norvn'cenfis
1935 3846 2076 3888 Dioecglls,
2093 3849 2182 3877 curiae
2205 3848 2330 3876 cantua-

1267 3893 1325 3920 rien
1337 3899 1360 3918 15
1381 3890 1586 3918 Procuratorum
1602 3887 1770 3926 generalium
1792 3889 1866 3917 Unus
1880 3910 1890 3924 ,
1916 3886 1950 3915 de
1971 3887 2152 3916 Austoritate
2171 3884 2327 3923 Apostolica

1270 3930 1404 3958 Notarius
1421 3926 1560 3964 Publicus,
1580 3930 1644 3966 quia
1651 3925 1794 3966 praemiffae
1806 3923 1991 3962 Commiffl'onis
2003 3923 2042 3959 ό·
2055 3922 2190 3953 Mandata*
2206 3922 2327 3953 Exhibi-

1269 3970 1353 4003 tiom'‚
1371 3964 1497 3994 Articuli
1512 3966 1638 3994 Leflurae
1650 3987 1660 4002 ,
1676 3965 1742 3994 dicit
1758 3963 1868 3994 Nobilis
1891 3966 1950 3992 viri
2014 3963 2130 3991 ramenta·
2140 3959 2266 3999 superius
2278 3971 2328 3991 no·

1268 4007 1366 4035 minati
1381 4003 1572 4043 Praestationi,
1591 4002 1750 4044 Cedulaeque
1792 4004 1930 4032 uramenti
1963 3997 2102 4037 ubscrr'ptae
2115 3999 2270 4029 vinditiani
2287 3997 2328 4034 ό-

1268 4041 1443 4085 Requifitioni
1461 4042 1600 4080 praediblae
1616 4065 1629 4082 ‚
1653 4045 1744 4074 caeteri
1756 4051 1806 4081 que
1827 4041 1928 4071 Praemi
1946 4047 1970 4068 u·
1993 4036 2113 4069 omnibus
2137 4035 2178 4074 ό
2191 4035 2328 4106 βημέίε,

2284 4082 2328 4104 m

2358 1499 2378 1520 *⁵
2388 1501 2476 1532 Xlssss

2364 1549 2428 1577 ¹50·
