2555 4266
47 255 122 288 Arm.
135 254 180 288 D.

71 296 159 334 1460.

44 337 109 363 Hm.
123 336 152 362 6.

36 1374 59 1395 ⁸
76 1373 132 1404 x1.

38 1850 167 1887 AnnD.

60 1895 149 1932 1460.

37 1937 91 1962 An.
110 1933 158 1970 38.

38 1977 76 2001 Η.
91 1973 119 1998 6.

39 2009 157 2047 Pae.38.

41 2054 78 2078 H.
97 2050 124 2076 6.

38 2094 67 2127 p.
91 2096 113 2115 1.

39 2136 118 2163 amq..

47 2688 177 2725 'Ann.D.

68 2733 156 2770 1460.

47 2775 102 2800 An.
120 2770 164 2807 38.

48 2814 84 2838 Η.
100 2812 128 2838 6.

47 2848 113 2876 lbid.
126 2857 163 2875 m.

48 2894 78 2922 5.
92 2886 149 2914 dor.

772 162 875 204 ET
960 159 1225 204 ACTA

196 253 310 286 fiatores
323 252 357 284 &
372 247 594 282 Commiffirios
607 247 687 288 suos,
706 258 739 279 ex
753 250 836 280 altera
853 248 952 287 Parte,
969 249 1059 286 fasta,
1120 285 1125 291 ¹
1195 284 1200 289 ³
1217 283 1222 288 .

236 293 286 323 De
308 293 340 323 &
359 292 436 328 super
457 290 538 320 certis
556 289 682 326 Treugis
701 289 735 319 &
756 288 933 319 Guerrarum
955 286 1140 319 Abstinentiis
1162 287 1257 320 initis,

194 332 300 370 captis,
319 330 417 366 faeiis,
435 329 469 359 &
483 327 642 364 conclufis,

234 370 370 407 Qiorum
392 367 507 404 quidem
530 366 871 403 Appunecuamentorum
887 372 971 402 atque
993 363 1176 401 Treugarum
1192 358 1254 390 Te-

189 418 244 440 nor
260 407 381 445 sequitur
398 407 427 435 in
441 405 506 435 haec
523 406 624 442 verba,

224 482 325 514 HAEc
341 481 626 519 INDENTURA,

218 521 361 552 FACTA
381 522 453 551 inter
473 521 542 551 Nos
561 543 571 558 ,
860 553 865 559 ι
918 550 923 558 Β
1020 549 1084 557 ...
1197 551 1201 556 Ι

228 562 410 590 Laurentium
423 558 578 599 Episcopum
590 551 798 594 Dunolmenfim
817 552 980 596 Pri-vatique
996 550 1087 589 Sigillr
1107 547 1252 581 Sereniffi-

189 599 234 628 mi
249 597 480 636 Illustriffimique
492 597 633 632 Principis
647 593 770 623 Domini
784 591 871 621 nostri
892 590 980 628 Regis
1000 589 1176 633 Custodem,
1193 588 1251 633 Jo—

187 635 308 666 hannem
323 639 501 668 Vicecomitem
515 636 547 664 de
567 632 734 663 Bellomonte
750 629 891 668 Magnum
911 627 1106 671 Camerarium
1125 628 1252 665 Angliae,

187 675 334 705 Ricardum
356 676 502 706 Andrewe
520 672 671 702 Decanum
693 668 831 699 Ecclefiae
852 666 1028 697 Cathedralis
1048 667 1198 704 Eborum,
1216 667 1250 697 &

217 713 349 744 ohannem
365 711 506 752 Lillefard
525 710 680 740 Decanurn
699 707 735 737 de
761 705 929 743 Aukeland,
948 705 1064 743 Legum
1088 704 1250 748 Do&ores,

186 714 418 784 {xcellentiffimi
438 752 472 781 δε
496 745 723 778 Christianiffimi
742 744 884 782 Principis
899 766 909 782 ,
934 746 1047 774 Henrict
1072 746 1165 781 Sexti,
1193 743 1252 785 Dei

190 790 293 830 gratia,
310 790 424 827 Angliae
446 787 484 823 ῤ’
506 788 628 817 Franciae
646 788 744 822 Regis,
759 782 798 819 ὀ·
813 785 925 814 Domini
944 782 1084 813 Hiberniae
1107 781 1252 812 Commii-

189 831 291 868 sarios,
308 837 342 859 ex
359 827 432 865 una,

219 866 356 936 Ἰξῖσίσηῐιῖνῗ
363 888 523 942 Ἑρῇἲοριινη
533 899 753 939 Aberdonenftm
766 897 965 929 Consiliarium
979 896 1107 934 Regium
1116 922 1126 938 ,
1144 895 1249 927 Archi-

185 943 296 975 baldum
308 942 342 972 &
357 941 506 971 Andream
525 941 633 970 Sanft’ae
652 943 743 969 Crucis
764 939 800 968 de
822 937 1003 976 Edynburgh
1025 937 1059 967 &
1080 936 1116 966 de
1140 936 1252 966 Melsos

185 979 429 1014 Monasteriorum
447 979 591 1017 Abbates,
609 988 723 1009 necnon
741 975 922 1006 Willielmum
935 978 1081 1005 Dominum
1097 974 1251 1011 Borthwic,

186 1019 332 1052 Robertum
345 1021 455 1055 Leving
462 1017 521 1056 ston
540 1018 576 1049 de
592 1017 723 1055 Drumry
740 1015 894 1058 Militem,
905 1015 944 1058 &¹
954 1014 1123 1057 Magistrum
1146 1012 1250 1057 Nicho-

186 1059 261 1089 laum
274 1057 412 1087 Otteburn
425 1056 572 1087 Clericum
585 1056 762 1087 Rotulorum
779 1054 812 1084 ὃ(
822 1051 1250 1097 Regtstr1-,UIllustriffimtlIV'r1'n—

185 1094 490 1172 ἷὲξὲῗῑὶιζῗὲὸὲἰιεὲῗί
499 1094 870 1173 {Jfftssfit’sufofffsz'ssmnffffii
873 1090 1250 1168 2fi052¹¹1551525ffis¹f¹¹fl³⁰⁰⁵

221 1211 292 1242 Nos
308 1219 404 1242 autem
419 1211 686 1249 AppunCtuamenta
700 1209 882 1247 Treugarutn
901 1206 1117 1251 praedictarum,
1135 1215 1168 1235 ac
1181 1213 1248 1236 om-

183 1251 276 1281 nia&
296 1250 401 1289 singula
414 1251 444 1280 in
464 1249 568 1280 eisdem
591 1256 744 1286 contenta,
762 1247 852 1284 Rata,
869 1245 977 1283 Grata,
996 1245 1093 1276 Firma
1115 1245 1248 1275 habentes

182 1291 218 1321 δε
235 1289 366 1326 Stabilia‚
390 1298 422 1319 ea
446 1288 625 1325 Laudamus,
661 1286 878 1326 Apmobamus,
905 1285 958 1323 &,
983 1284 1100 1316 Tenore
1122 1283 1250 1314 Praesen⁴

183 1329 275 1364 tium,
292 1326 530 1364 Confirmamus,
929 1361 934 1366 .

220 1368 240 1386 '¹‘
259 1366 476 1402 Promittentes,
496 1362 573 1393 bon-21
597 1362 668 1393 Fide
689 1362 722 1393 ὃς
743 1361 842 1392 Verbo
860 1360 973 1401 Reg1o,
992 1362 1074 1399 quod
1099 1363 1167 1393 Nos
1185 1363 1247 1403 Ap-

180 1405 401 1445 punciuamenta
416 1402 569 1440 praedicta,
585 1412 618 1432 ac
635 1402 733 1431 omnia
753 1402 786 1431 ὃς
804 1401 907 1438 singula
927 1401 956 1429 in
972 1401 1078 1430 eisdem
1098 1412 1249 1441 contenta,

183 1454 236 1484 pro
251 1443 333 1474 Parte
347 1441 458 1479 nostra,
478 1441 674 1471 inviolabiliter
689 1438 928 1476 observabimus,
946 1439 980 1469 &
990 1449 1040 1477 per
1053 1439 1250 1473 Subditosnon

184 1483 258 1515 stros
267 1481 407 1511 observari
424 1480 572 1510 faciemus.

223 1519 312 1552 Teste
324 1518 407 1558 Rege
421 1518 496 1556 apud
511 1516 787 1558 Wstmonasterium,
805 1515 943 1546 vicefimo
959 1515 1006 1546 die
1020 1516 1173 1548 Februarii.

377 1594 432 1624 Per
451 1597 545 1624 Breve
563 1594 596 1623 de
614 1595 737 1622 Privato
753 1591 864 1630 sigillo,
881 1591 920 1626 όν
941 1592 973 1622 de
996 1596 1078 1623 Data
1098 1597 1249 1636 Ρνιεᾶὶδῗα,

505 1633 687 1663 Λιιέῖονίἰαίε
706 1631 899 1662 parliamenti.

515 1759 574 1791 Pro
599 1759 714 1791 Comite
735 1752 914 1802 Pembroqu.⁴

249 1840 313 1875 EX
331 1841 494 1881 Omnibus,
511 1842 546 1874 ad
562 1852 652 1882 quos,
669 1843 731 1874 δῖε.
751 1841 888 1873 Salutem.

287 1882 384 1913 Sciatis
400 1882 481 1920 quod
498 1881 584 1919 Nos,

224 1920 274 1951 De
290 1921 388 1952 Gratia
402 1920 497 1950 nostra
510 1919 639 1958 speciali,
656 1929 689 1950 ac
707 1919 931 1950 consideratione
947 1921 1100 1957 grandium
1117 1920 1252 1954 Onerum

189 1956 222 1990 δε
236 1959 434 1999 multiplicium
450 1959 656 1997 Servitiorum‚
676 1967 756 1996 quae,
773 1957 927 1989 carissimus
942 1959 1036 1990 Frater
1051 1962 1164 2002 noster,
1183 1962 1256 2001 Jass

184 2004 235 2036 per
256 2002 345 2028 comes
362 1997 542 2028 Pembrochiae
557 1997 672 2035 Nobis,
696 1998 724 2026 in
748 1997 904 2028 obsidendo
920 1996 1055 2029 Castrum
1075 2000 1205 2033 nostrum
1222 2002 1257 2033 de

190 2036 334 2105 Denibygh
345 2059 356 2076 ,
370 2046 403 2068 ac
420 2036 622 2075 suppeditando
636 2035 768 2067 Rebelles
788 2035 900 2066 nostros
921 2038 949 2066 in
966 2048 1002 2068 eo
1017 2038 1182 2079 existentes,
1200 2041 1257 2071 im-

212 2085 245 2105 en
268 2084 306 2112 rt,

190 2084 210 2114 P
226 2112 428 2145 Conceffimus
442 2113 468 2144 ei
485 2112 656 2144 omnimoda
669 2111 748 2143 Bona
758 2112 875 2144 mobilia
889 2112 1052 2151 hujusmodi
1060 2117 1259 2159 Personarum,

188 2161 254 2191 quae
275 2153 347 2183 infra
360 2152 497 2183 Castrum
513 2152 685 2190 praedictum
709 2152 848 2190 existunt,
866 2153 1032 2192 ubicunque
1056 2157 1178 2187 inveniri
1201 2168 1255 2196 po-

187 2199 300 2230 terunt,
318 2191 458 2221 Habenda
470 2200 505 2222 ex
520 2191 614 2221 Dono
628 2190 741 2228 nostro,
760 2190 913 2229 postquam
927 2192 984 2229 ipse
1007 2193 1139 2224 Castrum
1155 2197 1257 2234 praedi-

187 2229 268 2259 ‹stum
283 2229 318 2260 ad
334 2229 538 2260 Obedientiam
562 2228 686 2260 nostram
709 2229 806 2260 reduci
829 2230 944 2268 fecerit,
960 2230 995 2260 ad
1019 2231 1257 2265 Distribuendum

187 2266 267 2298 Bona
285 2268 347 2306 illa,
359 2270 437 2307 juxta
450 2268 648 2298 discretionem
665 2268 759 2306 suam,
779 2268 938 2306 hujusmodi
962 2269 1089 2301 Personis
1111 2282 1175 2311 quae
1191 2273 1256 2306 Ser-

186 2307 255 2338 vitia
268 2306 367 2350 Nobis
386 2308 414 2336 in
430 2307 482 2337 hac
496 2315 573 2345 parte
588 2307 764 2346 impendent.

187 2421 209 2454 b
224 2344 442 2428 1ῗὲἕὲδῇΞὲ
446 2370 532 2424 ⁸apud
553 2382 829 2423 Wstmonasterium,
847 2383 988 2416 vicesimo
1001 2385 1128 2418 secundo
1145 2388 1191 2420 die
1205 2388 1258 2421 Fe-

210 2431 300 2453 ruam.

863 2462 918 2490 Per
933 2462 1017 2502 ipftcm
1034 2467 1138 2503 Regem.

272 2590 322 2623 De
344 2588 555 2635 Prcficiftendo
579 2599 682 2622 contra
708 2586 837 2622 Rebelles
858 2591 895 2626 (ῤ’
922 2588 956 2622 de
978 2590 1168 2625 intendendo.

199 2672 344 2729 REX,
362 2675 504 2706 cariffirno
522 2675 610 2706 Fratri
627 2675 693 2714 suo,
709 2674 829 2714 Jaspari
845 2678 945 2705 comiti
964 2676 1162 2716 Pernbrochiae,
1180 2676 1259 2710 Salu-¹

275 2721 346 2743 tem.

234 2748 334 2782 Sciatis
349 2751 430 2789 quod
449 2752 627 2784 manifestum
644 2751 685 2782 est
698 2752 777 2790 quod
792 2753 922 2782 Ricardus
935 2763 1022 2791 nuper
1037 2757 1107 2784 Dux
1122 2755 1259 2795 Eburum,

197 2787 357 2819 Edwardas
373 2799 462 2829 nuper
484 2795 574 2821 Comes
597 2790 750 2829 Marchiae,
769 2792 900 2821 Ricardus
920 2803 1008 2830 nuper
1033 2797 1123 2823 comes
1149 2797 1261 2825 lVarre-

198 2831 261 2857 witi
295 2828 428 2858 Ricardus
440 2839 527 2867 nuper
535 2834 624 2859 Comes
632 2833 728 2859 Sarum
736 2853 745 2868 ,
762 2831 793 2861 ὃ(
803 2831 963 2860 Edmundus
976 2835 1067 2861 Comes
1078 2833 1261 2872 Rotelandiae,

272 2868 336 2897 obis
352 2877 441 2904 nuper
464 2868 659 2905 Rebellantes,
673 2869 729 2898 suae
749 2869 847 2899 Salutis
867 2870 1070 2909 immemores,
1088 2882 1142 2902 nec
1159 2872 1258 2904 Deum

195 2916 256 2944 prae
276 2906 367 2936 oculis
381 2907 516 2937 habentes
526 2930 537 2946 ‚
551 2916 643 2945 neque
657 2906 782 2936 nostram
794 2907 971 2945 Majestatem
989 2909 1111 2947 Regiam
1128 2910 1260 2942 offende—

193 2945 262 3015 gere
277 2944 476 3014 foritaenidpntes,
491 2945 549 2976 Dei
563 2946 685 2975 Timore
701 2955 734 2976 ac
748 2946 803 2976 suae
818 2945 969 2978 Fidelitatis
989 2957 1022 2978 ac
1039 2949 1195 2987 Ligeantiae
1210 2950 1261 2981 de-

219 2992 259 3014 ito
360 2993 380 3013 o
393 2993 436 3014 itis

235 2993 493 3062 coliigssgation'effi
512 3023 546 3054 ὃς
563 3019 776 3053 Conventicula
794 3022 906 3062 illicita,
924 3022 1194 3056 &coadunationes
1202 3026 1261 3057 Po-

196 3060 257 3101 puli
272 3061 382 3100 nostri,
398 3061 434 3092 ad
448 3062 527 3092 suum
545 3060 629 3092 latens
642 3062 675 3092 ὃς
689 3061 946 3099 nephandissimum
958 3061 1138 3101 Propositum
1154 3067 1261 3102 perim-

194 3100 352 3140 plendum,
369 3110 469 3132 contra
479 3100 587 3130 dietam
605 3100 789 3140 Majestatem
806 3100 931 3130 nostram
947 3110 1036 3141 nuper
1050 3103 1212 3134 suscitarunt
1229 3106 1261 3135 ὃς

195 3148 363 3178 erexerunt,
378 3149 411 3170 ac
431 3139 579 3170 nonnullas
601 3139 664 3170 alias
685 3139 863 3170 Proditiones
883 3139 972 3176 (unde
995 3140 1175 3172 Auctoritate
1193 3142 1261 3173 Par-

192 3176 324 3209 Jiamenti
338 3177 446 3217 nostri,
459 3178 534 3215 apud
548 3177 697 3209 Coventre
712 3178 815 3208 ultimo
832 3179 920 3217 tenti,
935 3178 1044 3209 attineri
1064 3181 1098 3212 ὃς
1120 3180 1261 3213 Convicsti

201 3216 333 3254 existunt)
354 3217 484 3247 fecerunt
498 3217 532 3246 &
547 3225 756 3255 perpetrarunt,

239 3254 277 3286 Et
290 3257 393 3285 iterum
409 3256 437 3284 in
455 3255 592 3293 Regnum
614 3255 744 3285 nostrum
760 3254 876 3292 Angliae
890 3256 1012 3295 ingredi,
1031 3266 1064 3286 ac
1079 3256 1263 3290 Insurretstio—

200 3302 268 3331 nec,
286 3294 485 3331 Rebelliones,
503 3294 594 3324 &alia
603 3293 700 3331 Mala,
715 3293 859 3325 Prioribus
874 3294 991 3333 Pejora,
1010 3296 1038 3325 in
1055 3296 1146 3326 nostri
1158 3299 1262 3336 gravis-

200 3331 301 3362 simam
317 3332 464 3362 Offensam
474 3355 483 3370 ‚
499 3333 551 3362 viis
564 3333 597 3363 &
615 3332 708 3363 modis
719 3333 820 3371 quibus
833 3341 984 3372 poterunt,
1001 3335 1110 3372 erigere
1132 3336 1164 3367 &
1179 3336 1264 3368 susci—

193 3377 255 3401 tare
270 3379 430 3407 proponunt
445 3379 476 3402 ut
487 3380 665 3411 accepimus,

240 3407 309 3437 Nos
323 3409 426 3447 igitur,

236 3444 297 3475 Pro
316 3445 481 3479 Resistenda
503 3457 643 3486 protetvae
665 3447 788 3480 Malitiae
809 3449 843 3480 &
870 3447 1032 3481 Inimicitiae
1058 3449 1260 3490 praeditstorum

196 3493 292 3522 nuper
299 3487 402 3523 Ducis,
419 3487 452 3517 ὃς
468 3497 555 3525 nuper
572 3491 719 3526 Comttmn,
736 3498 770 3519 ac
779 3487 969 3527 Complicum
982 3489 1096 3520 suorum
1111 3492 1261 3526 providere

200 3523 343 3566 volentes,
358 3533 391 3554 ac
406 3523 440 3555 de
449 3523 591 3557 Fidelitate
604 3527 637 3557 ὃ(
647 3527 766 3566 provida
775 3526 1043 3566 circumspectione
1054 3528 1151 3560 vestris
1160 3541 1261 3569 quam-

201 3561 358 3604 plurimum
371 3562 562 3604 confidentes,

240 3601 451 3637 Affignavimus
467 3612 533 3640 vos,
549 3613 583 3634 ac
598 3602 692 3635 Vobis
713 3604 825 3642 plenam
844 3603 1020 3636 Potestatem
1044 3607 1078 3637 &
1100 3607 1263 3639 Auctorita-

200 3647 260 3671 tem
277 3638 387 3669 Damus
400 3639 433 3669 &
454 3639 691 3680 Committimus,
707 3644 742 3672 ad
766 3642 975 3674 Advocandum
1000 3645 1085 3675 vobis
1106 3656 1207 3677 omnes
1225 3649 1259 3679 &

198 3678 328 3724 ‘singulos
340 3678 565 3722 Ligeosnostros
584 3680 713 3711 Partium
727 3680 843 3711 Walliae
860 3683 1066 3720 (cujuscunque
1081 3684 1187 3724 status,
1202 3697 1264 3726 gra-

199 3717 272 3755 dus,
287 3716 332 3747 seu
348 3716 518 3746 conditionis
533 3718 648 3755 fuerint)
669 3720 705 3750 de
720 3720 821 3758 quibus
838 3721 920 3749 vobis
941 3721 1040 3752 melius
1057 3723 1196 3755 videbitur
1212 3735 1261 3757 ex-

195 3757 317 3825 pedire,
334 3755 368 3785 ad
384 3754 625 3786 Proficiscendum
638 3757 787 3788 vobiscum
805 3765 903 3788 contra
924 3760 1054 3795 praefatos
1071 3761 1205 3793 Rebelles
1226 3766 1259 3794 δε

217 3795 340 3825 nimicos
351 3793 480 3832 nostros,
497 3795 530 3826 &
554 3803 656 3824 eorum
680 3796 853 3834 quemlibet,
871 3807 904 3828 ac
926 3796 1093 3839 Complices
1114 3800 1176 3832 suos
1191 3811 1262 3841 prae-
1294 3821 1297 3824 -

197 3832 334 3902 diegqsad
352 3870 541 3903 Asfistentiam
557 3870 590 3901 ὃς
610 3869 756 3901 Auxilium
771 3872 851 3902 suum
864 3873 948 3905 vobis
961 3875 990 3904 in
1007 3884 1107 3907 eorum
1116 3876 1262 3909 Resisten-

197 3910 270 3941 tiam
290 3909 430 3942 Dandum
450 3912 482 3942 &
500 3908 730 3947 Impendendum
741 3932 750 3947 ,
769 3911 798 3939 in
815 3910 877 3941 casu
899 3923 957 3950 quo
972 3914 1060 3945 iidem
1076 3915 1208 3948 Rebelles
1226 3918 1259 3948 δε

199 3948 318 3979 tlnimici
330 3950 438 3989 nostri,
453 3959 488 3979 ac
494 3949 660 3986 Complices
671 3947 711 3978 sui
725 3949 948 3985 praedietidit‘hs
962 3951 1056 3983 Partes
1071 3954 1180 3993 ingredi
1189 3965 1261 3993 prae-

203 3988 336 4057 suffiacnggi
357 4034 422 4063 eos,
438 4027 583 4057 &secum
607 4023 802 4063 comitantes,
818 4033 848 4056 ut
869 4024 974 4057 Hostes
996 4028 1033 4061 &
1056 4030 1188 4064 Rebelles
1202 4042 1262 4065 no.

197 4063 288 4103 fixos,
306 4063 533 4104 Debellandum,
553 4062 795 4104 Expugnandum‚
812 4064 845 4096 &
864 4061 1099 4108 Destruendum‚
1258 4070 1261 4071 ’

1309 142 1777 199 ΡυΒιΙΟΑ.
2311 175 2364 216 93

1333 239 1378 271 Ac
1392 241 1426 271 ad
1439 241 1535 271 omnia
1551 241 1602 272 alia
1618 241 1651 272 &
1665 243 1784 280 singula,
1801 250 1863 281 quae
1876 242 1948 280 iuxta
1962 242 2051 275 sanam
2073 242 2281 277 Discretionem
2297 244 2342 279 ve'r
2364 253 2437 284 Arm,
2455 256 2485 286 D

1295 277 1378 308 stram
1394 281 1421 308 in
1437 280 1489 309 hac
1503 289 1595 318 parte,
1613 281 1642 309 in
1658 280 1871 318 Refrellionein
1884 282 2080 318 praedistorum
2095 284 2279 314 inimicorum
2292 295 2347 315 no-
2388 294 2463 330 1460
2485 281 2495 287 ‘

1297 316 1436 360 strorurn,
1454 328 1486 360 ac
1503 318 1688 357 Complicum
1709 319 1838 357 suorum,
1857 321 1888 349 ὃς
1905 329 2004 349 eorum
2028 322 2168 352 rra'edieti
2192 322 2343 362 Pr020s1ti,
2362 335 2426 360 Heu.
2439 317 2472 360 6‘

1294 354 1358 385 fore
1372 356 1493 386 videritis
1516 357 1665 386 necess'aria
1681 358 1713 387 ὃς
1735 366 1892 395 oportuna,
1910 356 2095 397 Faciendum,
2114 361 2345 400 Excercendum,
2459 355 2468 363 ’

1295 393 1328 422 &
1344 393 1564 431 Exequendum:

1332 430 1369 460 Et
1384 432 1510 470 insuper,
1526 433 1565 462 ob
1583 433 1719 463 internam
1734 433 1929 464 Affectionem
1945 432 1977 462 δε
1995 433 2126 466 sinceram
2139 437 2346 475 Dilectionem

1294 479 1361 506 quas
1383 470 1434 507 ad,
1462 471 1690 507 praecariffinmm
1713 472 1814 501 Filium
1836 471 1963 501 nostruin
1987 471 2212 508 primogenitum
2253 481 2266 494 ‘
2287 478 2347 507 Ed-
2367 490 2435 518 *XI

1294 508 1422 537 wardum
1442 510 1590 546 Principem
1610 508 1733 546 Walliae,
1754 512 1853 538 Ducem
1873 510 2028 547 cornuciae,
2047 511 2077 540 &
2096 500 2345 555 Comitcm⁷Cqstriae
2437 512 2445 520 ⁰

1293 545 1332 580 ὠ
1345 547 1378 575 de
1392 546 1490 587 Flynt,
1508 547 1665 577 naturaliter
1683 548 1806 583 gerimus
1823 548 1854 577 ὃ(
1869 548 2020 584 habemus,
2039 549 2163 579 Gratiam
2182 554 2213 583 &
2233 554 2343 585 Miseri-
2362 537 2429 564 445⁴

1292 585 1423 615 cordiam
1446 586 1535 622 rigori
1554 585 1691 622 Justitiae,
1714 587 1743 614 in
1761 586 1853 624 primo
1873 585 1996 615 Accessu
2015 586 2047 616 &
2070 587 2198 619 Adventu
2222 593 2344 628 ejusdem

1294 623 1483 663 Primogeniti
1500 623 1587 653 nostri
1603 624 1631 652 in
1649 623 1841 661 Principatum
1858 624 1937 652 suum
1952 623 2084 662 Walliae,
2099 627 2232 658 anteferre
2247 632 2344 661 volen-

1293 670 1348 700 tes,
1367 663 1448 693 vobis
1469 663 1582 700 plenam
1606 663 1640 693 &
1666 661 1850 692 sufficientem
1871 660 2039 692 Potestatem
2064 665 2097 693 &
2124 663 2325 699 Auctoritatem

1292 699 1410 730 Tenore
1436 700 1640 738 Praesentium‚
1666 700 1776 730 Damus
1803 700 1837 729 &
1861 698 2083 731 Commiztimm
2107 701 2141 731 ad
2166 692 2346 744 quoscunque

1292 737 1423 769 Rebelles
1438 739 1551 770 nostros
1561 762 1570 778 ,
1590 739 1619 768 in
1638 738 1741 769 Castro
1757 738 1792 768 de
1804 737 1949 776 Denbygh
1965 739 1997 767 ὅ(
2010 748 2083 769 extra
2098 739 2260 779 existentes,
2270 743 2346 775 Gra-

1293 778 1340 807 tiae
1354 777 1459 808 nostrae
1471 778 1498 808 se
1513 778 1678 808 submittere
1693 777 1835 814 volentes,
1850 776 1883 806 ad
1900 777 2030 807 Gratiam
2047 778 2172 807 nostram
2193 779 2346 817 Recipien-

1292 815 1362 846 dum
1376 817 1409 847 δε
1427 816 1646 846 Admittendum
1656 839 1666 855 ,
1684 816 1717 846 ὅ(
1734 815 1864 845 Gratiam
1877 815 2001 845 nostram
2018 816 2055 845 cis
2069 817 2101 846 &
2115 826 2215 846 eorum
2232 820 2348 852 cuilibet

1290 863 1345 893 pro
1360 855 1482 886 Deliciis
1494 855 1546 885 suis
1559 855 1612 885 fibi
1624 855 1674 885 sub
1690 854 1802 892 Magno
1815 854 1916 891 Sigillo
1932 852 2030 884 nostro
2046 854 2292 894 promittendum,

1328 893 1462 931 Exceptis
1486 894 1642 932 quibuscun
1665 904 1698 923 ue
1723 893 1824 929 Anglis
1847 893 1880 922 &
1906 891 2069 922 Hibernicis
2093 892 2226 923 Castrum
2249 896 2349 933 praedi-

1291 932 1389 970 etum,
1403 933 1448 963 seu
1460 933 1573 970 aliquod
1588 904 1662 962 aliud
1677 931 1810 962 Castrum
1824 930 1870 961 seu
1889 930 2064 961 Fortalitium
2075 954 2083 969 ,
2099 941 2199 962 contra
2214 932 2348 965 NosTe-

1291 972 1421 1001 nentibus
1440 971 1473 1002 &
1489 971 1732 1007 Defendentibus,
1749 980 1820 1008 quos
1832 970 1865 999 ad
1880 969 2066 1000 Voluntatem
2083 970 2209 1000 nostram
2232 981 2281 1008 per
2298 982 2349 1002 vos

1290 1010 1377 1046 recipi
1391 1010 1543 1048 volumus,
1559 1010 1683 1047 exceptis
1699 1010 1786 1039 etiam
1800 1008 2012 1047 quibuscunque
2026 1008 2213 1039 Wallensibus
2227 1010 2351 1048 utlagatis

1291 1047 1326 1076 ὃς
1349 1048 1487 1087 εῑῐίῃᾶῒίς,
1510 1058 1580 1088 quos
1594 1049 1628 1078 ad
1651 1048 1835 1078 Voluntatem
1858 1046 1984 1076 nostram
2004 1047 2129 1089 similiter
2148 1049 2247 1084 recipi,
2265 1048 2298 1078 &
2315 1049 2350 1079 ad

1289 1085 1417 1116 Prisonas
1433 1089 1554 1125 nostras,
1574 1088 1602 1116 in
1617 1086 1720 1118 eisdem
1735 1094 1900 1121 moraturos,
1913 1085 2057 1124 quousque
2071 1085 2254 1116 sufficientem
2261 1086 2349 1117 Secu-

1288 1124 1401 1155 ritatem
1417 1125 1452 1155 de
1467 1126 1493 1155 se
1507 1127 1580 1156 bene
1596 1125 1721 1164 gerendo
1736 1124 1836 1155 Nobis
1852 1125 1884 1154 ὃς
1894 1123 2031 1154 Concilio
2048 1124 2146 1154 nostro
2160 1125 2347 1164 aggreabilem

1287 1163 1463 1200 invenerint,
1482 1165 1628 1194 committi
1647 1164 1796 1194 volumus:

1327 1200 1364 1231 Et
1387 1202 1499 1232 ulterius
1520 1203 1714 1241 assignavimus
1736 1211 1804 1239 vos,
1823 1201 1857 1232 &
1878 1201 1959 1231 vobis
1981 1201 2093 1239 plenam
2113 1200 2286 1231 Potestatem
2311 1203 2346 1233 δε

1289 1238 1502 1270 Auctoritatem
1512 1240 1624 1281 Damus
1638 1242 1671 1272 ἃ
1686 1240 1923 1277 Committimus,
1940 1240 1974 1271 ad
1983 1249 2086 1269 omnes
2101 1239 2353 1271 Rebelles&Pro—

1288 1278 1395 1308 ditores
1409 1277 1540 1316 nostros,
1556 1289 1628 1316 quos
1651 1281 1679 1308 in
1700 1279 1828 1308 Partibus
1845 1279 1987 1318 praedietis
2010 1279 2071 1316 capi
2093 1280 2259 1316 contigerit,
2273 1280 2352 1315 juxta

1288 1316 1437 1385 cliDemerita
1460 1318 1506 1347 sua
1529 1317 1731 1355 justitiandum
1757 1318 1790 1348 ὃς
1813 1317 1986 1347 Executioni
2006 1316 2129 1355 Justitiae
2155 1317 2352 1348 Committen-

1310 1365 1377 1385 um:

1325 1393 1508 1431 Ulteriusque
1531 1393 1739 1433 Affignavimus
1759 1403 1810 1424 vos
1831 1394 1866 1423 ad
1893 1392 2062 1424 Monstrum
2083 1394 2139 1424 five
2163 1393 2353 1424 Monstratio-

1287 1441 1354 1461 nem
1368 1431 1534 1462 Hominum
1549 1433 1583 1463 ad
1596 1434 1681 1463 Arma
1695 1434 1727 1463 &
1744 1433 1954 1472 Sagittariorum
1968 1442 2199 1471 quarumcunque
2220 1432 2350 1463 Patrium

1289 1470 1393 1501 Castro
1414 1471 1553 1509 praedicto
1573 1472 1775 1510 adjacentium,
1795 1481 1827 1501 ac
1843 1473 1956 1501 aliarum
1972 1472 2098 1501 Partium
2115 1471 2244 1509 Walliae,
2264 1472 2283 1501 si
2304 1482 2354 1502 ne-

1291 1509 1366 1540 c’effe
1380 1510 1481 1547 fuerit,
1499 1511 1528 1540 in
1543 1509 1628 1540 Loco
1642 1511 1674 1541 ὃς
1699 1510 1786 1540 Locis
1809 1511 1894 1549 magis
1911 1509 1945 1539 ad
1965 1510 2022 1539 hoc
2037 1511 2170 1546 congruis
2190 1510 2223 1540 &
2240 1520 2350 1541 conve-

1290 1549 1450 1586 nientibus,
1468 1558 1515 1587 per
1530 1559 1582 1579 vos
1594 1559 1626 1579 ac
1642 1548 1748 1580 vestros
1761 1550 1789 1578 in
1804 1548 1857 1580 hac
1876 1549 1958 1579 Parte
1972 1548 2146 1587 Deputatos,
2165 1548 2351 1588 faciendum,

1290 1586 1490 1626 capiendum,
1505 1589 1539 1619 &
1557 1589 1595 1618 Su
1617 1587 1822 1624 ervidendum,

1330 1626 1367 1656 Et
1381 1626 1449 1657 ideo
1466 1626 1549 1656 vobis
1603 1627 1736 1657 andamus
1751 1624 1834 1665 quod
1846 1624 1923 1655 circa
1939 1624 2084 1654 Praemiffa
2098 1625 2242 1663 diligenter
2261 1626 2353 1656 inten-

1290 1663 1376 1701 datis,
1396 1666 1428 1695 &
1444 1675 1477 1695 ea
1492 1665 1599 1696 faciatis
1613 1667 1646 1697 ὃς
1659 1665 1833 1704 exequamini
1846 1665 1875 1694 in
1890 1663 1984 1694 forma
1998 1663 2150 1700 praedieta:

1331 1702 1440 1734 Damus
1453 1713 1549 1734 autem
1571 1704 1701 1735 universis
1721 1705 1754 1735 ὃς
1775 1702 1883 1742 singulis
1910 1702 2153 1739 vicecomitibus,
2173 1701 2352 1740 Majoribus,

1291 1741 1420 1780 Ballivis,
1440 1741 1678 1781 Constabulariis,
1693 1753 1726 1773 ae
1750 1742 1809 1772 aliis
1829 1740 2002 1778 Officiariis,
2021 1739 2180 1778 Ministris,
2200 1740 2359 1779 Fidelibus,

1294 1780 1411 1818 Ligeis,
1431 1781 1464 1812 ὃ(
1486 1781 1609 1812 Subditis
1631 1781 1733 1812 nostris
1754 1780 1966 1820 quibuscunque
1992 1779 2116 1810 Partium
2143 1779 2359 1818 praedictarum,

1293 1819 1354 1849 tam
1375 1820 1447 1850 infra
1466 1819 1636 1858 Libertates,
1659 1822 1743 1858 quam
1767 1828 1859 1857 eXtra,
1877 1819 1994 1848 Tenore
2018 1817 2202 1848 praesentium
2240 1816 2358 1849 firmiter

1294 1858 1323 1887 in
1337 1857 1481 1888 Mandatis
1498 1859 1578 1897 quod
1593 1858 1699 1895 Vobis,
1717 1859 1746 1888 in
1768 1857 1944 1888 Executione
1968 1856 2180 1886 Praernifforum
2203 1840 2355 1887 futenden-

1294 1903 1335 1926 tes
1350 1897 1419 1935 sint,
1436 1896 1631 1937 obedientes,
1649 1896 1829 1934 Affistentes,
1846 1897 1879 1927 &
1895 1896 2069 1926 Auxiliantes
2090 1896 2120 1924 in
2137 1895 2273 1925 omnibus
2294 1895 2358 1925 dili-

1292 1943 1400 1974 genter.

1334 1973 1368 2004 In
1388 1974 1467 2012 cujus
1478 1997 1487 2012 ,
1505 1975 1566 2006 &c.

1297 2050 1316 2081 b
1349 2011 1439 2057 Teste
1454 2011 1537 2053 Rege
1551 2012 1625 2053 apud
1641 2010 1918 2052 Wstmonasterium,
1936 2010 2071 2042 vicefimo
2088 2008 2213 2041 secundo
2235 2011 2281 2042 die
2301 2008 2356 2041 Fe-

1318 2060 1406 2082 ruarn.

1974 2089 2028 2117 Per
2044 2086 2127 2127 ipsr'cm
2144 2089 2249 2126 Regem.

1354 2227 1413 2257 Pro
1438 2226 1591 2269 Principe,
1618 2220 1654 2255 de
1679 2223 1790 2255 Literis
1814 2217 2048 2254 Pardonationis
2071 2218 2293 2254 Promittendis.

1300 2307 1447 2365 REX,
1467 2307 1671 2346 praecarissimo
1688 2306 1761 2337 Filio
1776 2303 1826 2334 suo
1850 2304 2062 2343 primogenito,
2079 2305 2223 2335 Edwardo
2242 2308 2361 2345 Princspi
2381 2318 2447 2349 Am,
2470 2317 2503 2350 D

1379 2346 1499 2386 Walliae,
1519 2350 1591 2377 Duci
1607 2346 1760 2382 Cornubt'ae,
1780 2342 1819 2378 ἄν
1836 2346 1933 2373 comiti
1947 2342 2053 2383 Cestriae
2069 2342 2107 2378 ὠ
2121 2346 2155 2374 de
2165 2343 2265 2387 Flym²
2281 2346 2359 2377 Salu—
2402 2342 2486 2396 ¹460.
2504 2342 2513 2350 .

1294 2392 1364 2416 tem.

1334 2424 1432 2455 Sciatis
1446 2424 1542 2463 quud,
1845 2460 1850 2465 .
2417 2420 2434 2425 ’”
2451 2399 2497 2435 3⁸·

1335 2463 1432 2502 Cum,
1452 2473 1553 2501 quarto
1569 2463 1614 2493 die
1636 2460 1783 2492 Februarii
1801 2458 1905 2490 ultimo
1929 2460 2091 2502 praeterito,
2107 2469 2157 2500 per
2179 2461 2288 2492 Literas
2308 2470 2362 2492 no-

1298 2500 1365 2533 stras
1378 2502 1505 2532 Patentes
1516 2525 1525 2540 ‚
1545 2500 1783 2540 Affignaverimus
1800 2508 1869 2536 vos,
1887 2506 1920 2528 ac
1941 2498 2006 2528 alios
2020 2500 2048 2528 in
2065 2499 2166 2530 Literis
2184 2500 2235 2530 illis
2251 2500 2359 2538 specifi-

1297 2549 1392 2579 catOS,
1411 2541 1445 2572 ad
1459 2539 1666 2579 inquirendum
1686 2540 1715 2569 in
1728 2537 1839 2568 diverfis
1856 2535 2050 2567 Comitatibus
2070 2536 2166 2578 Regni
2189 2538 2276 2569 nostri
2301 2540 2360 2569 An—

1318 2581 1378 2618 liae,
1398 2581 1431 2610 &
1448 2580 1598 2617 speciliater
1613 2580 1641 2608 in
1657 2577 1762 2608 wallia
1777 2576 1809 2606 ὃς
1826 2574 1964 2605 Marchiis
1981 2576 2123 2614 ejusdem,
2140 2578 2198 2607 tam
2218 2578 2288 2607 infra
2313 2578 2363 2608 Li-

1321 2628 1435 2657 estates,
1453 2620 1539 2657 quam
1552 2626 1643 2654 extra,
1662 2617 1735 2646 inter
1754 2614 1820 2654 alia,
1838 2614 1874 2644 de
1889 2614 2112 2657 quibuscumque
2133 2615 2365 2656 proditionibus,

1296 2656 1565 2694 Iniurreecionibus,
1581 2655 1813 2691 Rebellionibus,
1831 2653 1970 2690 Feloniis,
1985 2652 2277 2693 Tranigressionibus‚
2295 2655 2365 2686 Lol-

1299 2696 1390 2726 lardiis
1400 2719 1409 2734 ,
1428 2695 1715 2731 Convocationibus,
1723 2691 1988 2723 Coadunationibus
1998 2714 2007 2728 ,
2016 2691 2256 2723 Affociationibus
2263 2717 2272 2731 ,
2280 2694 2365 2724 Con-

1298 2735 1512 2774 spirationibus,
1540 2732 1791 2773 Mesprisionibus,
1808 2729 2124 2770 Confoederationibus,
2151 2732 2221 2762 falsis
2241 2733 2366 2772 Alligan-

1299 2774 1343 2803 tiis
1354 2796 1363 2812 ‚
1389 2774 1498 2812 Riotis,
1526 2772 1633 2803 Routis
1677 2770 1830 2807 Roberiis,
1857 2768 2126 2807 Depraedationibus
2141 2793 2151 2808 ,
2176 2770 2366 2810 Homicidiis,

1302 2811 1448 2850 Murdris,
1472 2812 1616 2850 Raptibus
1638 2795 1812 2846 Mulierum,
1833 2806 2127 2851 CongregationibuS,
2147 2810 2179 2840 ὃ(
2202 2809 2365 2841 Conventi-

1301 2851 1371 2881 culis
1396 2852 1516 2889 illicitis,
1542 2849 1750 2889 Negligentiis,
1776 2847 1968 2890 Falsitatibus,
1993 2846 2224 2885 Deceptionibus
2239 2873 2248 2887 ‚
2281 2849 2365 2879 Con-

1302 2892 1474 2929 temptibus,
1494 2889 1746 2925 Concelamentis,
1765 2885 2008 2923 Manutenenuis,
2034 2885 2288 2925 Oppreffionibus,
2305 2887 2363 2918 Ex-

1301 2930 1488 2966 tortionibus‚
1508 2927 1727 2965 Cambipartiis,
1746 2924 1965 2962 Ambidextriis‚
1983 2934 2015 2955 ac
2032 2925 2088 2954 aliis
2104 2924 2229 2956 Offenfis
2247 2926 2362 2964 quibus-

1302 2977 1442 3006 cumque,
1463 2968 1533 2998 infra
1548 2965 1708 2997 Comitatus
1724 2965 1757 2995 &
1772 2963 1906 2993 W'alliam
1922 2962 2073 3000 praedictos
2085 2963 2118 2994 &
2134 2963 2279 2994 Marchias
2291 2964 2362 3003 ejus-

1300 3006 1367 3037 dem
1381 3015 1430 3044 per
1445 3006 1642 3044 quoscumque
1655 3005 1688 3035 δε
1703 3001 1944 3045 qualitercumque
1959 3001 2039 3031 factis
2056 3001 2111 3033 five
2133 3005 2310 3041 perpetratis,
2328 3003 2363 3032 &

1300 3045 1334 3075 ad
1350 3045 1448 3075 eadem
1463 3043 1650 3075 Audiendum
1660 3039 1929 3074 &Termmandum
1942 3039 2096 3070 secundum
2108 3041 2218 3078 Legem
2230 3044 2261 3072 ἃ
2277 3041 2362 3071 Con-

1303 3084 1476 3114 suetudinem
1500 3082 1596 3121 Regni
1613 3081 1703 3111 nostri
1719 3079 1848 3118 Angliae,
1868 3079 1902 3108 &
1925 3077 1959 3107 ad
1976 3078 2106 3116 quaedam
2127 3080 2194 3117 alia,
2214 3081 2241 3109 in
2262 3080 2364 3115 Literis

1302 3122 1444 3159 praedietis
1459 3129 1610 3158 contenta,
1628 3118 1803 3149 Faciendum
1814 3118 1847 3148 ὃ(
1862 3116 2088 3156 Exequendum,
2106 3127 2188 3155 prout
2202 3119 2229 3147 in
2254 3118 2360 3148 eisdem

1304 3161 1405 3191 Literis
1418 3160 1528 3201 plenius
1544 3159 1723 3195 continetur,
2114 3195 2117 3199 Ι
2179 3194 2183 3199 .

1341 3199 1427 3237 Nos,
1447 3201 1487 3229 ob
1501 3200 1639 3229 internam
1657 3195 1856 3227 Affefflonem
1871 3194 1905 3225 ὃς
1920 3193 2056 3225 sinceram
2078 3193 2271 3224 Dilestionem
2295 3203 2363 3231 quas

1303 3237 1337 3268 ad
1352 3237 1508 3268 Personam
1522 3237 1644 3267 vestram
1656 3234 1812 3265 naturaliter
1826 3233 1950 3272 gerimus
1965 3234 1997 3264 ὃς
2012 3234 2164 3274 habemus,
2181 3231 2308 3261 Gratiam
2326 3233 2361 3263 &

1304 3275 1534 3308 Misericordiam
1550 3276 1636 3314 rigori
1655 3272 1776 3312 justitiae
1794 3273 1823 3301 in
1846 3272 1940 3308 primo
1963 3272 2084 3301 Accessu
2106 3271 2138 3300 &
2159 3270 2294 3300 Adventu
2313 3281 2363 3301 ve-

1303 3315 1364 3345 stris
1378 3316 1406 3346 in
1421 3316 1616 3352 Principatum
1630 3312 1756 3343 vestrum
1768 3310 1887 3341 Walltae
1901 3310 2035 3340 anteferre
2049 3308 2188 3344 volentes,
2207 3310 2306 3346 vobo,
2328 3320 2363 3341 ac

1303 3355 1480 3392 cuicumque
1496 3354 1540 3384 alii
1556 3362 1604 3392 per
1619 3361 1670 3382 vos
1684 3350 1732 3381 sub
1753 3349 1849 3380 Sioillo
1867 3348 1961 3378 vestro
1983 3346 2156 3384 Deputando
2168 3369 2176 3382 ,
2194 3347 2304 3389 plenam
2325 3348 2359 3378 &

1303 3392 1492 3424 sufficientem
1515 3390 1689 3422 Potestatern
1716 3389 1749 3419 &
1776 3373 2003 3422 Auctoritatem,
2023 3384 2140 3414 Tenore
2161 3384 2363 3425 Praesentium,

1301 3432 1414 3462 Damus
1429 3432 1461 3462 &
1476 3430 1700 3461 Committimus
1715 3427 1750 3458 ad
1773 3426 1969 3465 quoscumque
1986 3422 2114 3453 Rebelles
2129 3423 2259 3466 nostros,
2278 3426 2305 3454 in
2329 3435 2358 3455 a-

1298 3471 1420 3509 liquibus
1434 3469 1542 3501 Castris
1563 3470 1596 3499 ὃς
1619 3476 1714 3505 extra,
1730 3466 1800 3496 infra
1818 3462 1953 3493 VValliam
1976 3461 2010 3491 ὃ(
2031 3460 2177 3491 Marchias
2196 3463 2317 3500 ejusdem
2336 3465 2355 3483 *ε
2374 3463 2452 3491 *XL

1298 3509 1460 3546 existente5‚
1479 3508 1586 3538 Gratiae
1602 3506 1705 3536 nostrae
1721 3504 1746 3535 se
1760 3502 1920 3533 submittere
1934 3500 2074 3543 volentes,
2093 3500 2127 3530 ad
2146 3499 2276 3531 Gratiam
2300 3512 2355 3531 no-
2366 3502 2433 3538 44⁶-

1298 3550 1384 3580 stram
1403 3546 1614 3583 Recipiendum
1627 3547 1660 3576 δε
1675 3539 1907 3576 Admittendum‚
1925 3537 1958 3567 &
1979 3536 2110 3567 Gratiam
2125 3538 2250 3569 nostram
2267 3541 2304 3570 eis
2322 3542 2356 3571 ὃς

1301 3596 1403 3618 eorum
1418 3585 1551 3622 cuilibet,
1570 3594 1623 3621 pro
1639 3581 1761 3613 Delietis
1775 3580 1843 3614 suis,
1897 3586 1909 3605 r
1926 3575 2032 3606 Literas
2043 3576 2147 3607 nostras
2163 3576 2306 3615 Parentes,
2325 3578 2360 3607 si-

1299 3626 1334 3655 bi
1348 3626 1396 3655 iub
1420 3623 1538 3659 Magno
1552 3622 1651 3660 Sigillo
1667 3619 1763 3649 nostro
1783 3616 1842 3645 fieri
1889 3614 2116 3658 remittendum,
2135 3617 2361 3655 quibuscumque

1297 3663 1429 3694 'Personis
1447 3661 1482 3691 de
1499 3660 1576 3689 Alta
1591 3660 1746 3688 Proditione
1762 3654 1902 3684 AttinHis
1915 3655 2038 3683 omnino
2056 3656 2193 3692 exceptis,

1338 3702 1504 3738 Caeteraque
1515 3698 1613 3727 omnia
1628 3698 1660 3727 ἃ
1675 3694 1779 3732 singula
1792 3689 1983 3729 Faciendum,
1999 3690 2213 3730 Expediendum
2223 3715 2232 3731 ,
2252 3692 2285 3722 &
2299 3691 2359 3722 Ex-

1304 3739 1478 3773 cercendum
1493 3746 1556 3775 quae
1572 3736 1602 3764 in
1615 3731 1765 3764 Praeniiflis
1774 3731 1806 3761 &
1823 3731 1897 3760 circa
1910 3740 1941 3760 ea
1954 3731 2103 3760 necessaria
2118 3731 2220 3761 fuerint
2235 3730 2280 3760 seu
2289 3740 2362 3768 quo-

1302 3779 1462 3810 modolibet
1477 3783 1636 3813 oportuna,
1656 3773 1738 3801 etiam
1753 3770 1773 3799 si
1794 3768 1965 3799 Mandatum
1982 3769 2092 3808 exigant
2110 3770 2195 3807 magis
2221 3769 2356 3808 speciale,

1340 3817 1556 3851 Promittentes,
1574 3809 1651 3841 bona
1669 3808 1737 3838 Fide
1758 3807 1792 3838 &
1813 3806 1911 3837 Verbo
1926 3807 2034 3846 Regio,
2056 3807 2122 3837 Nos
2139 3807 2264 3844 Ratum,
2284 3807 2361 3838 Gra-

1301 3865 1364 3888 tum
1401 3855 1433 3885 δε
1448 3853 1578 3883 Firmum
1592 3849 1734 3878 habituros
1750 3854 1845 3877 totum
1862 3846 1895 3877 &
1915 3846 2050 3885 quicquid
2073 3855 2120 3883 per
2137 3855 2204 3884 vos,
2223 3845 2363 3876 Nomine

1302 3878 1402 3925 nostr'o
1413 3915 1422 3930 ,
1441 3891 1548 3922 Actum
1566 3887 1622 3918 sive
1636 3885 1760 3917 Gestum
1781 3885 1865 3916 fuerit
1879 3886 1909 3915 in
1930 3882 2097 3922 Praemiffis‚
2113 3883 2158 3914 seu
2172 3883 2267 3923 aliquo
2281 3884 2361 3916 1²1ae-

1300 3934 1459 3965 missOrum.

1337 3966 1640 4044 Ir'xI'giiJeusRezcecapud
1658 3998 1931 4042 Wstmonasterium,
1948 3997 2052 4029 Tertio
2067 3996 2113 4029 die
2128 3996 2238 4039 Martii,

1554 4059 1606 4090 Per
1623 4057 1706 4098 ipst'tm
1722 4060 1818 4095 Regem
1827 4077 1837 4094 ,
1855 4054 1892 4090 &⁴
1906 4055 1938 4086 de
1954 4057 2034 4086 Data
2044 4053 2197 4094 praedt'bla,
2211 4054 2272 4092 &c.

1768 4103 1806 4136 Μ
1828 4112 1843 4143 3
2312 4101 2369 4131 Pro
