2555 4266
9 309 84 342 Ann.
94 307 135 338 D.
191 307 269 338 Hinc
287 305 329 337 est
343 302 422 344 quod
439 304 524 343 Nos,
542 303 668 336 volentes
681 303 787 343 Coepta
800 305 958 344 hujusmodi
972 303 1101 334 debitum
1118 301 1208 332 sortiri
1244 298 1290 330 tiis
1307 300 1339 330 &
1355 300 1574 334 Communitati5

10 355 119 422 2¹23?ss

12 1618 31 1637 *
51 1619 102 1647 XI.

9 1657 74 1684 801.

698 219 809 260 ET
893 217 1158 259 ACTA

152 347 287 378 effectum

179 379 241 415 >De
267 367 425 419 Fidelitate,
450 380 733 420 circumspectione,
757 384 791 414 δε
815 380 953 412 Industria
976 378 1157 421 Dilee'torum
1181 377 1214 407 &

158 422 297 454 Fidelium
318 420 480 450 nostrorum
491 443 501 458 ,
517 420 657 458 Johannis
668 424 755 450 Scotte
772 418 871 449 Militis
890 417 1044 453 Marescalli
1057 416 1140 459 Villae
1161 424 1214 443 no-

156 462 222 492 strae
244 459 361 497 Calesii,
387 459 594 495 Magistrorum
641 458 784 488 Willielmi
804 455 967 499 Hattechff
977 456 1138 490 Secretarii,
1158 451 1214 490 Jo-

158 499 257 529 hanm's
277 497 368 536 Ruffil
380 497 581 528 Archidiaconi
602 482 706 533 l3erks,
725 495 957 537 Conliliariorum
983 491 1164 535 nostrorum,
1181 491 1213 520 &

161 535 305 567 Willielmi
320 535 395 576 Roffl
410 535 544 567 Vitellarii
562 534 644 566 Villae
662 534 766 564 nostrae
789 532 906 570 Caleni,
926 531 1048 569 plenarie
1068 529 1216 561 confiden-

157 583 271 651 τΘεΙῖήὸε
293 613 406 644 nostros
431 623 513 644 vetos
534 611 567 642 &
592 610 760 641 indubitatos
783 606 1021 645 Ambaffiatores,
1039 604 1217 650 Commissa-

160 653 231 690 rios,
253 652 470 689 Procuratores,
487 650 660 686 Deputatos,
680 648 711 677 &
728 647 867 677 Nuncios
881 646 1019 685 generales
1034 646 1065 675 δε
1090 644 1218 682 speciales

161 690 369 722 Censtituimus
405 689 626 725 Deputavirnus,
646 686 679 716 &
701 685 919 722 Ordinavimus,
939 695 971 715 ac
999 684 1119 714 Tenore
1141 683 1218 712 Prae-

159 729 281 760 sentium
294 713 520 764 Consiituimus,
538 725 735 768 Deputamus,
754 725 786 753 &
801 723 991 767 Ordinamus,
1110 762 1115 766 ῃ
1173 759 1188 765 ..

198 767 307 799 Dantes
320 767 353 798 &
369 764 567 795 Concedentes
588 762 688 793 eisdem
711 761 979 799 Ambaffiatoribus,
995 760 1218 797 Commissariis,

159 805 407 839 Procuratoribus,
426 802 592 839 Deputatis,
609 803 643 832 ὅ(
662 800 789 831 Nunciis
804 800 923 838 nostris,
940 800 1048 831 Tribus
1064 800 1107 831 seu
1132 798 1217 828 Duo-

162 845 214 875 bus
229 853 328 875 eorum
343 843 475 879 (quorum
493 840 641 877 praefatum
655 838 815 878 Johannem
826 843 914 869 Scotte
923 863 931 877 ,
950 838 1127 870 Willielmum
1141 839 1218 866 Hat-

162 881 274 922 teclyff,
292 889 338 911 aut
351 878 510 918 Johannem
523 877 614 917 Ruffil
626 888 715 908 unum
729 877 785 908 effe
798 878 940 914 volumus)
959 877 1070 915 plenam
1094 878 1126 907 &
1149 876 1218 919 libe-

162 931 224 950 ram
249 917 423 950 potestatem
444 927 477 946 ac
504 917 674 947 Mandatum
694 916 819 954 generale
834 918 867 947 δε
881 916 1013 954 speciale,
1033 926 1085 953 pro
1100 914 1218 951 Nobis,

160 958 348 994 Haeredibus‚
373 957 405 986 &
430 955 662 993 Succefforibus,
686 955 807 994 Regnis,
826 955 942 993 Terris,
961 954 1125 991 Dominiis,
1146 952 1220 983 Sub-

157 997 252 1035 jedtis,
268 994 394 1032 Amicis,
411 993 554 1032 Alligatis,
573 992 800 1030 Confoederatis,
820 994 989 1024 Faventibus
1005 993 1038 1023 &
1060 992 1218 1034 Adhaeren-

160 1035 235 1065 tibus
249 1032 350 1063 nostris
367 1033 612 1070 quibuscumque,
628 1042 696 1063 cum
713 1032 916 1069 spectabilibus
935 1033 969 1063 &
992 1031 1121 1068 Egregiis
1144 1028 1219 1059 Viris

159 1071 388 1103 Gubernatoribus
411 1073 572 1100 patriarum
594 1073 627 1102 &
656 1074 809 1100 Civitatum
835 1073 947 1100 Hanzae
970 1073 1118 1099 Teutonicae
1133 1092 1142 1105 ,
1172 1067 1217 1097 seu

159 1120 261 1140 eorum
276 1109 542 1147 AmbasfiatoribuS,
562 1107 784 1147 Commiffariis',
798 1109 1045 1146 procuratoribus,
1060 1107 1219 1145 Deputatis,

159 1150 193 1180 &
218 1148 360 1186 Nunciis,
387 1147 572 1178 sufficientem
598 1150 625 1178 in
651 1158 682 1178 ea
705 1157 780 1185 parte
798 1147 969 1177 Potestatem
987 1147 1175 1188 habentibus,
1185 1154 1218 1188 ac

159 1189 246 1217 etiam
262 1197 329 1217 cum
348 1187 572 1224 quibuscumque
592 1186 843 1224 Univerlitatibus,
862 1185 1068 1223 Societatibus,
1083 1185 1221 1221 PrinCipt-

159 1226 227 1262 bus,
256 1225 424 1262 Dominiis,
444 1225 689 1256 Gubernatoribus
715 1225 748 1255 δε
771 1224 956 1260 Κεέὶοῑίὃυε,
975 1224 1147 1262 Terrarum,
1166 1222 1220 1252 Pa-

157 1266 290 1302 triarum,
309 1263 482 1301 Civitatum,
502 1263 683 1300 Opidorum,
704 1263 861 1300 Villarum,
873 1263 905 1293 &
926 1262 1133 1293 Dominiorum
1150 1271 1221 1299 quo-

158 1303 293 1334 rumlibet
317 1307 408 1332 Terrae
437 1301 580 1331 Almaniae
598 1324 606 1340 ,
637 1311 683 1332 aut
707 1311 775 1331 cum
803 1301 925 1339 ipsorum
948 1299 1221 1337 Ambaffiatoiibus,

158 1341 384 1378 Commiffariis,
404 1340 652 1377 procuratoribus,
668 1339 834 1378 Deputatis,
851 1340 883 1371 &
902 1339 1026 1369 Nunciis
1048 1338 1220 1368 Potestatem

159 1380 348 1410 sufficientem
370 1379 554 1417 habentibus,
580 1378 800 1415 Conveniendi,
825 1378 1063 1416 Appundtuandi‚
1085 1375 1222 1407 Concor-

160 1418 265 1457 dandi,
286 1419 318 1448 &
343 1418 458 1448 finaliter
482 1416 684 1448 Concludendi
707 1417 743 1446 de
765 1417 797 1447 &
813 1418 892 1454 super
910 1416 1043 1446 omnibus
1060 1416 1093 1446 &
1111 1415 1222 1455 lingulis

161 1456 355 1495 Differentiis,
373 1456 503 1492 Litibus,
523 1454 753 1502 Qrestionibus,
771 1457 804 1485 &
823 1454 994 1492 Discordiis,

200 1494 275 1525 Inter
290 1494 359 1525 Nos
372 1493 538 1532 nostrosque
555 1494 689 1524 Subditos
704 1503 736 1523 ex
754 1503 807 1523 una
829 1493 928 1531 Parte,
947 1493 980 1523 ὃς
1000 1491 1130 1530 praefatos
1153 1491 1220 1522 Ho-

160 1533 299 1564 norabiles
313 1535 346 1564 &
359 1532 505 1563 Discretos
521 1531 604 1562 Viros
618 1531 830 1562 Gubernatores
846 1531 1000 1561 Patriarum
1016 1531 1047 1561 ὃς
1065 1534 1220 1560 Civitatum

160 1575 272 1601 Hanzae
298 1571 461 1609 praedistae,
481 1581 514 1600 ac
530 1572 614 1600 etiam
629 1570 848 1608 Univerfitatcs,
868 1569 1038 1607 Societates,
1059 1569 1220 1607 Principes,

158 1609 321 1649 Dominos,
343 1608 573 1645 Gubernatores‚
599 1609 632 1639 &
655 1609 674 1627 '¹‘
698 1607 836 1639 Restores
853 1608 1030 1644 Terrarum,
1046 1607 1220 1647 Civitatum,

157 1647 338 1686 Opidorum,
355 1646 510 1683 Villarum,
529 1647 562 1677 ὃς
578 1645 788 1678 Dominiorum
811 1647 1004 1685 quorumlibet
1026 1646 1109 1677 dietae
1129 1650 1220 1676 Terrae

158 1685 316 1725 Almaniae‚
337 1685 457 1723 Terras,
473 1686 625 1724 Civitates,
643 1685 755 1723 Opida,
774 1685 874 1723 Villas,
900 1684 1016 1723 Castra,
1042 1684 1161 1723 Patrias,
1185 1686 1218 1716 &

159 1724 314 1763 Dominia,
339 1723 494 1763 sabditos,
519 1723 658 1762 Amicos,
683 1724 834 1763 Alligatos‚
861 1723 1083 1755 Confoederatos
1103 1725 1136 1755 δε
1159 1723 1221 1754 Ad-

159 1763 295 1833 ὴεῖτεὲῑΐεε
307 1763 373 1832 ἕως
390 1763 584 1802 quoscumque
594 1785 604 1801 ,
621 1772 655 1793 ex
669 1762 751 1794 Parte
766 1763 847 1794 altera
857 1786 867 1802 ,
885 1762 1091 1801 pendentibus,

208 1812 226 1831 n
247 1812 305 1833 icu
329 1813 352 1832 is

194 1839 323 1878 Ipfixsque
338 1825 538 1877 D'ifferentias,
561 1839 657 1878 Lites,
677 1839 876 1879 QuaestioneS,
894 1840 927 1870 &
944 1838 1106 1870 Discordias
1120 1838 1224 1870 Discu-

157 1878 263 1917 tiendi,
282 1878 517 1916 Determinandi,
536 1879 568 1909 ὃ(
580 1877 699 1910 finaliter
712 1879 846 1910 omnibus
861 1878 970 1917 modis,
990 1880 1089 1917 quibus
1102 1878 1163 1916 ipsis
1178 1880 1222 1910 vi-

161 1916 289 1955 debitur,
308 1916 479 1948 Pacificandi
495 1918 528 1948 &
545 1916 708 1955 Abolendi,

198 1955 244 1986 Ac
268 1957 304 1986 de
325 1957 359 1986 ὅτ
381 1955 461 1994 super
483 1963 614 1993 perpetua
631 1957 665 1987 &
684 1956 748 1987 reali
768 1956 844 1987 Pace
864 1963 945 1993 atque
959 1954 1142 1992 Concordia,
1161 1956 1219 1985 tam

160 1994 312 2032 pefMare
326 1995 413 2032 quarn
429 2004 479 2032 per
495 1993 634 2032 Terram,
654 1994 802 2033 Flumina,
819 1996 852 2026 &
870 1995 963 2032 Aquas
975 1993 1087 2032 dulces,
1104 2004 1221 2024 necnon

161 2033 253 2072 Ligis,
275 2034 414 2064 Amicitiis
427 2034 461 2063 ὅτ.
477 2031 781 2064 Confoederationibus
797 2034 1037 2071 quibuscumque,
1056 2034 1127 2063 inter
1141 2031 1221 2070 Nos,

159 2070 314 2109 Haeredes,
331 2072 364 2102 δε
388 2070 565 2101 Successores
585 2070 713 2110 nostros,
732 2081 764 2102 ac
785 2072 903 2109 Regna,
930 2070 1051 2110 Terras,
1080 2071 1221 2102 Dominia

160 2110 273 2148 nostra,
292 2109 441 2147 Subdstos,
461 2109 601 2147 Amicos,
626 2110 778 2150 Alligatos,
804 2109 1041 2148 Confoederatos,
1068 2109 1221 2148 Faventes,

158 2149 193 2179 &
216 2149 397 2180 Adhaerentes
420 2147 532 2178 nostros
575 2149 763 2188 uoscumque,
780 2158 815 2180 ex
838 2148 920 2180 Parte
943 2158 1018 2187 una,
1034 2149 1067 2179 &
1093 2149 1223 2186 praefatos

161 2186 299 2226 Egregios
315 2188 348 2218 ὃ(
363 2186 533 2225 speetabiles
578 2188 634 2218 iros
648 2187 860 2218 Gubernatores
876 2186 1032 2217 Patriarum
1056 2187 1089 2217 &
1112 2190 1223 2218 Civita-

161 2232 219 2257 tum
241 2230 353 2256 Hanzae
372 2225 533 2263 praedic‘tae,
552 2235 584 2256 ac
609 2226 694 2256 etiam
716 2227 788 2256 inter
812 2225 1032 2262 UniversitateS,
1051 2224 1222 2263 Societates,

159 2263 323 2303 Principes,
341 2264 503 2302 DominOS,
521 2263 734 2296 Gubernatores
751 2265 784 2295 &
799 2263 940 2295 Rectores
953 2264 1125 2301 Terrarum,
1141 2264 1224 2295 Civi-

159 2310 244 2340 tum,
263 2302 447 2342 Opidorum,
466 2302 620 2341 Villarum,
640 2303 673 2333 &
697 2303 904 2334 Dominiotum
926 2303 1116 2339 quorumlibet
1137 2303 1223 2334 dietae

157 2344 248 2373 Terrae
271 2341 432 2379 Almana,
461 2340 582 2379 Terras,
608 2340 761 2380 Civitates,
786 2341 899 2379 Opida,
915 2340 1020 2380 Villas,
1039 2341 1151 2380 Castra,
1169 2340 1223 2372 Pa-

159 2381 224 2412 trias
239 2381 272 2410 &
288 2379 429 2411 Dominia
450 2378 511 2417 sua,
531 2379 682 2419 Subditos,
699 2381 838 2418 Amicos,
857 2381 1012 2418 Alligatos,
1032 2379 1225 2411 confoedera-

160 2426 220 2456 tos,
240 2418 375 2449 Faventes
390 2419 423 2450 δε
441 2417 625 2451 Adhaerentes
648 2419 710 2450 suos
732 2420 944 2457 quoscumque,
964 2428 998 2451 ex
1021 2419 1104 2450 Parte
1124 2420 1227 2457 altera,

159 2457 374 2494 contrahendis,
398 2456 543 2494 ineundis,
560 2458 593 2488 ὃ(
615 2457 775 2496 firmandis,
798 2457 953 2488 Tractandi
967 2480 977 2495 ‚
1002 2457 1226 2495 Appun&uandi

161 2497 264 2533 pariter
275 2497 309 2526 δε
325 2494 544 2532 Concludendi,

196 2533 328 2564 Necnon
339 2533 446 2564 Pacem
460 2535 493 2565 &
509 2533 726 2573 Concordiam,
746 2535 848 2573 LigaS,
866 2534 1029 2573 Amicitias,
1047 2536 1080 2566 δε
1097 2534 1224 2566 Confoe-

158 2571 312 2609 derationes
325 2572 501 2611 hujusmodi,
517 2574 568 2602 viis
584 2573 617 2604 &
632 2573 726 2604 modis
742 2574 879 2605 omnibus
900 2574 1001 2612 quibus
1027 2574 1157 2614 expedire
1180 2575 1224 2605 vi—

160 2611 287 2649 debitur,
305 2611 433 2643 Vallandi
449 2612 483 2643 &
497 2610 686 2650 Roborandi,

197 2648 558 2688 Communicationemque
582 2659 710 2682 mutuam
727 2660 761 2681 ac
782 2649 902 2682 liberum
927 2650 1114 2682 Intercursum
1140 2650 1224 2681 Mer-

160 2687 352 2727 candisarum,
369 2689 566 2727 Securumque
577 2688 688 2720 Statum
702 2699 755 2726 pro
769 2688 944 2720 Hominibus
973 2689 1112 2727 utriusque
1134 2690 1224 2721 Partis

158 2726 340 2764 praesentibus
354 2728 388 2758 &
403 2727 519 2765 futuris,
538 2728 597 2758 tam
614 2728 644 2758 in
669 2727 797 2765 Regnis,
815 2727 932 2766 patriis,
950 2728 1139 2766 Civitatibus,
1158 2729 1224 2759 Do-

160 2765 254 2796 miniis
269 2766 302 2795 &
323 2765 410 2796 Locis
425 2766 506 2797 unius
519 2766 552 2796 &
568 2766 674 2797 alterius
688 2765 775 2797 Partis
788 2767 929 2804 praedietae
940 2791 950 2806 ,
968 2769 1054 2806 quam
1068 2767 1133 2798 alias
1159 2768 1224 2797 ubi-

160 2803 229 2836 libet
252 2803 311 2835 tam
335 2805 363 2834 in
387 2803 478 2834 Terra
500 2805 587 2842 quam
603 2805 631 2834 in
649 2804 741 2842 Mari,
761 2805 957 2844 Fluminibus,
976 2807 1009 2837 ὃ(
1029 2806 1118 2844 Aquis
1134 2805 1226 2836 dulci-

158 2842 227 2878 bus,
247 2842 302 2873 una
322 2851 391 2873 cum
410 2842 548 2880 Treugis,
567 2841 749 2876 Abstinentiis
767 2843 965 2882 Guerrarum,
991 2845 1097 2883 aliaque
1116 2848 1224 2882 Dicta,

157 2879 177 2910 fi
198 2880 261 2917 ipsis
284 2879 377 2912 visum
397 2881 480 2913 suerit
495 2904 505 2917 ,
532 2881 755 2918 Appunetuandi
770 2904 779 2920 ,
805 2881 1037 2921 Concordandi,
1061 2884 1164 2921 pariter
1188 2884 1222 2914 ὃς

159 2916 364 2949 Concluderidi
383 2918 432 2949 sub
455 2917 573 2956 Modis,
596 2919 716 2957 Formz't,
742 2920 775 2950 &
795 2919 1016 2955 Conditionibus
1031 2944 1041 2959 ,
1063 2922 1100 2952 de
1122 2922 1223 2959 quibus

159 2957 232 2988 inter
256 2956 350 2988 dietos
369 2957 480 2988 nostros
494 2957 730 2994 Ambaffiatores,
750 2957 988 2997 Commiffarios,
1004 2960 1223 2998 Procuratores,

160 2993 337 3035 Deputatos,
354 2997 388 3027 &
404 2996 559 3032 Nuncios,
576 3005 610 3026 ac
626 2996 756 3034 praefatos
770 2996 942 3034 Spec'tabiles
958 2999 992 3028 &
1011 2997 1151 3037 Egregios
1172 2997 1224 3028 Vi-

162 3043 210 3063 ros
223 3056 238 3071 ,
254 3044 287 3068 ac
308 3035 394 3068 etiam
413 3034 621 3066 Universitates
633 3058 643 3072 ,
670 3034 840 3073 Societates,
867 3034 1011 3074 Principes
1022 3061 1030 3074 ,
1057 3036 1204 3067 Dominos
1215 3060 1225 3075 ,

162 3070 394 3110 Gubernatores,
411 3073 445 3105 &
467 3073 611 3103 Rectores
632 3072 802 3111 praedictos,
825 3074 869 3104 seu
889 3073 1012 3112 ipsorum
1033 3074 1224 3106 Ambassiato-

160 3119 218 3147 res,
234 3109 470 3150 Cemmiffarios,
488 3110 706 3150 Procuratores,
725 3110 900 3151 Βεροιαῖος,
917 3113 952 3144 ὃς
963 3113 1099 3145 Nuncios
1122 3113 1224 3152 praedi-

163 3147 226 3183 clos
243 3151 345 3186 poterit
356 3149 547 3189 concordari,

197 3185 363 3227 Caet'eraqu'e
383 3189 480 3219 omnia
502 3189 537 3221 ὃς
558 3188 662 3227 singula
685 3188 836 3226 Faciendi,
854 3188 1048 3228 Excetcendi,
1065 3191 1100 3221 ὃς
1128 3190 1224 3229 Expe-

161 3223 256 3268 diendi
277 3235 342 3263 quae
365 3227 395 3257 in
419 3226 569 3261 Praemiffrs
590 3228 637 3259 seu
654 3227 750 3265 aliquo
773 3227 1006 3266 Praemifforum,
1022 3231 1067 3259 seu
1089 3230 1164 3259 circa
1192 3240 1223 3259 ea

161 3265 337 3300 conjunctim
353 3273 400 3299 aut
412 3265 524 3298 divisim
536 3265 685 3297 necessaria
703 3266 805 3297 fuerint
820 3266 865 3297 seu
893 3266 1112 3304 quomodolibet
1134 3278 1222 3305 opor-

160 3308 298 3344 tunaaac*
309 3313 374 3341 quae
388 3303 502 3342 qualitas
517 3305 552 3335 ὃς
571 3313 665 3335 natura
679 3304 839 3342 hujusmodi
855 3304 978 3344 Negotii
993 3307 1108 3344 exigunt
1129 3307 1161 3336 ὃ(
1179 3316 1223 3336 re-

161 3347 276 3406 {mmm
291 3363 302 3378 ‚
327 3343 361 3375 δι’,
388 3352 454 3379 qnae
476 3341 651 3380 Nosmetipfi
673 3342 831 3376 faceremus
854 3353 901 3374 aut
924 3343 1015 3375 facere
1034 3344 1176 3382 possemus
1203 3345 1222 3375 fi

190 3377 313 3411 raesentes
327 3380 509 3417 ‚personaliter
529 3380 651 3412 essemus
669 3404 679 3418 ,
705 3383 790 3413 etiam
811 3381 830 3412 si
852 3382 914 3413 talia
936 3383 1030 3414 forent
1053 3393 1118 3420 quae
1139 3382 1175 3413 de
1196 3383 1223 3413 se

161 3413 435 3460 Massdmnmmagis
447 3421 565 3457 exigant·
579 3420 712 3459 speciale,

198 3452 413 3494 Promittentes‚
431 3458 510 3490 bona
533 3458 602 3492 Fide
623 3459 656 3490 &
683 3459 712 3489 in
734 3458 835 3491 Verbo
856 3458 970 3497 Regio,
998 3458 1068 3490 Nos
1092 3458 1222 3498 Rarum,

168 3490 309 3536 Gratum,
325 3494 502 3539 &Firmum
519 3496 661 3528 habituros
674 3498 809 3536 quicquid
824 3508 872 3537 per
888 3498 980 3528 (ᾔθεος
996 3497 1225 3537 Ambaffiatores,

162 3529 398 3575 Comnuflarios,
414 3533 638 3574 Procuratores,
648 3536 824 3574 Deputatos,
840 3538 874 3568 &
890 3536 1026 3569 Nuncios
1042 3536 1171 3575 nostrOS,
1191 3539 1220 3567 in

161 3567 432 3614 formavpraedieia,
455 3571 592 3612 Aecum,
615 3573 743 3605 Gestum
759 3598 769 3613 ,
797 3575 843 3607 seu
868 3574 1057 3607 procuratum
1080 3576 1163 3607 fuerit
1191 3577 1221 3606 in

162 3606 316 3638 Praemiffis
325 3607 379 3639 sm
388 3608 487 3646 atiquo.
497 3610 725 3644 Praemissorum.

164 3644 235 3716 teritn
242 3647 325 3714 scujus
345 3647 389 3677 rei
398 3645 616 3682 Testimonium
629 3651 679 3683 has
697 3651 803 3683 Literas
820 3650 927 3683 nostras
941 3650 1001 3683 fieri
1025 3653 1143 3684 fecimus
1167 3652 1222 3684 Pa·

226 3695 240 3714 Ε
257 3708 262 3714 .

199 3760 289 3790 Teste
308 3759 414 3805 meipso
437 3748 511 3805 apud
535 3761 640 3802 Wstm.
658 3763 805 3795 Vicefimo
827 3763 952 3795 secundo
969 3765 1015 3796 die
1035 3765 1223 3805 Decembris,

167 3797 255 3830 Anno
269 3799 365 3839 Regni
377 3799 466 3832 nostri
482 3799 709 3831 Tertiodecimo.

337 3879 392 3908 Per
412 3875 494 3914 ipsimi
513 3878 608 3913 Regem
620 3897 631 3914 ,
653 3875 692 3912 (φ
713 3877 748 3907 de
766 3879 848 3907 Data
861 3877 994 3916 predicta
1009 3901 1019 3917 ,
1044 3882 1223 3911 Austoritate

372 3915 560 3944 Parliamenti.

982 3989 1062 4023 Ινε.

201 4063 390 4095 UNtVERsls
408 4066 441 4096 &
460 4074 636 4103 SINGULIS,
654 4065 800 4102 praesentes
818 4064 924 4096 Literas
941 4067 1116 4105 inspecturis,
1131 4069 1223 4100 lectu—

165 4102 202 4133 ris
223 4102 269 4133 seu
290 4103 345 4141 legi
364 4104 513 4143 audituris,
530 4106 605 4142 Nos,
624 4103 791 4141 Proconfieles
804 4103 838 4136 &
849 4103 972 4143 confides
983 4107 1067 4138 totius
1083 4106 1222 4140 Consula-

1241 189 1724 262 pn'sstioii.
2263 241 2315 281 39

1251 413 1454 457 Communem
1468 418 1631 459 earumdem
1649 419 1825 458 Civitatum,
1842 421 2013 460 Burgorum,
2031 426 2280 458 Communitatum
2291 448 2302 467 ,

1251 451 1431 497 Opidorum,
1455 453 1591 485 Villarum
1603 481 1610 490 ,
1630 458 1662 487 &
1681 457 1827 488 Locorum
1845 460 1927 489 dieiae
1941 461 2067 499 Hanzae,
2085 464 2117 493 ὃς
2133 474 2164 494 ex
2179 467 2216 495 eis
2238 467 2301 495 ubi-

1249 499 1375 534 cumque
1389 492 1567 523 existentium
1583 493 1776 526 Mercatorum
1793 498 1824 527 ὃς
1839 497 2021 529 Personarum
2037 501 2172 538 Qietem
2186 505 2218 535 ὃς
2235 503 2303 533 Uti-

1249 528 1353 559 litatem
1372 529 1603 568 Procurandum,
1623 534 1649 561 in
1665 533 1717 570 ipsa
1734 534 1826 565 inclita
1841 534 1964 566 Civitate
1980 537 2130 569 Lubet-ensi
2150 541 2299 577 specialiter

1249 567 1411 636 {ggffiigitss
1428 568 1551 600 Salutem
1573 570 1602 599 in
1624 570 1755 601 Domino
1776 574 1809 603 ὃς
1830 572 2014 605 Praesentibus
2039 575 2135 606 Fssdem
2157 581 2301 612 indubiam

1368 617 1392 637 e.

1288 648 1354 674 Cizm
1369 644 1493 683 pridem,

1267 715 1270 717 ,
1289 682 1365 713 Inter
1388 683 1617 715 Excellentiffimi
1642 684 1674 714 ὃ(
1698 683 1886 715 Potentissimi
1907 686 2041 725 Principis
2056 698 2088 719 ac
2104 688 2224 722 Domini
2237 691 2304 724 Do-

1253 722 1323 751 mini
1345 722 1484 752 Edwara'i
1507 720 1619 760 Angliae
1639 722 1677 757 ό»
1698 726 1819 753 Franciae
1848 727 1921 761 Regis
1946 725 1983 760 ὠ,
2008 729 2117 756 Domini
2140 730 2274 760 Hiberniae

1252 759 1430 804 Veiierabi'les
1449 761 1482 791 &
1508 760 1641 799 Egregios
1668 761 1769 798 Viros,
1796 761 1942 792 Dominos
1963 764 2137 794 Willielmum
2158 756 2316 809 Hatteclyff

1252 797 1454 836 Secretarium,
1471 798 1629 837 Johannem
1645 799 1736 838 Ruffil
1758 800 1950 831 Decretorum
1974 801 2136 832 Dsstorem
2163 806 2304 837 Archidia-

1252 846 1361 868 conum
1386 836 1470 867 Berks
1490 838 1519 867 in
1542 837 1667 868 Ecclesia
1688 840 1786 869 Sarum
1803 863 1812 877 ,
1841 841 1874 870 &
1901 839 2075 870 Willielmum
2096 839 2171 880 Roffi·
2192 845 2303 875 Vitella-

1251 876 1326 905 rium
1348 875 1430 906 Viilae
1448 874 1566 914 Calesii,
1586 875 1738 915 Oratores,
1755 876 1991 917 Commiffarim,
2008 880 2042 911 δε
2057 879 2256 912 Procuratores
2271 891 2305 913 ex

1251 924 1322 952 una,

1291 952 1308 971 ²*
1331 951 1392 986 Ac,
1411 950 1746 992 Circumspec'tos'atque
1768 953 1902 992 providos
1923 952 2022 994 Viros,
2048 952 2190 987 Dominos
2209 960 2310 989 Henri-

1252 1000 1308 1020 cum
1324 990 1474 1031 Castrorum
1486 991 1687 1031 Proconst'clem,
1702 991 1858 1029 Johannem
1872 992 2002 1032 Osthufi‘n
2026 994 2185 1025 Doctorem
2211 999 2309 1029 utrius-
2328 981 2341 994 t
2360 983 2413 1011 XI*

1253 1038 1309 1066 que
1328 1029 1403 1066 Juris
1425 1030 1629 1067 Secretarium,
1646 1031 1679 1060 ὃ(
1697 1030 1853 1069 Johannem
1874 1033 2015 1070 Luneborg
2030 1032 2165 1073 Coasiclem
2178 1033 2309 1067 Concilii
2325 1019 2389 1048 8⁰²*

1252 1067 1285 1096 &
1308 1066 1529 1099 Communitatis
1555 1067 1685 1099 Civitatis
1711 1069 1879 1100 Lubecenlis
1896 1093 1906 1108 ,
1931 1081 1999 1100 cum
2021 1071 2077 1101 aliis
2103 1073 2152 1102 iibi
2174 1074 2311 1111 adjunctis

1253 1104 1455 1142 Spectabilibus
1481 1107 1513 1137 ὃς
1537 1106 1758 1144 Circumspectis
1787 1108 1920 1137 Dominis
1943 1109 2108 1140 Oratoribus
2133 1111 2308 1151 (videlicet)

1252 1144 1393 1173 Bernardo
1410 1144 1507 1174 Balcer
1525 1143 1716 1184 Proconsule,
1732 1145 1853 1184 Eylarda
1867 1147 2023 1176 Lubherdss
2038 1148 2180 1188 Consule,
2199 1152 2231 1181 ὃς
2297 1167 2313 1175 -

1253 1181 1343 1211 hanne
1354 1185 1446 1212 Grove
1462 1183 1619 1214 Secretario
1633 1183 1751 1214 Bremen
1763 1207 1772 1222 ,
1786 1188 1903 1215 Henrico
1929 1186 2087 1224 Murmester
2106 1187 2220 1224 Legum
2243 1151 2312 1220 go-

1254 1219 1335 1249 &ore
1350 1220 1542 1259 Proconsule,
1557 1224 1698 1259 Henningo
1717 1224 1835 1260 Burmgk
1852 1222 1992 1260 Consule,
2012 1226 2044 1256 ὃς
2062 1228 2212 1256 Laurentio
2232 1231 2297 1258 Rota·
2308 1249 2315 1254 «

1254 1258 1333 1287 deker
1351 1259 1507 1289 Secretario
1519 1259 1714 1298 Hamburgen.
1733 1259 1875 1302 Cristfiro
1888 1262 2105 1301 Henxstenbrech
2122 1263 2310 1306 Proconsule,

1258 1299 1370 1326 Henrico
1383 1298 1473 1327 Brake
1487 1297 1611 1329 Consule
1633 1300 1819 1330 Tremouien.
1841 1303 1955 1331 Henrico
1973 1303 2166 1331 Warendorum
2183 1303 2311 1335 Procon-

1255 1335 1327 1372 sule,
1344 1339 1460 1366 chrico
1479 1337 1630 1366 Rentzinck
1647 1336 1787 1375 Consule,
1807 1340 1839 1368 δ’.
1855 1338 1987 1376 Johanne
2012 1341 2165 1371 Kaks-sheke
2186 1342 2312 1374 Secreta-

1257 1374 1300 1403 rio
1317 1373 1529 1412 Monasterien,
1546 1375 1706 1405 Bernhardo
1723 1376 1851 1415 Pau-eft,
1870 1377 2009 1416 Radulpho
2029 1379 2160 1418 Velstede,
2179 1380 2314 1411 Consuli-

1255 1413 1307 1441 bus
1323 1435 1332 1450 ‚
1356 1413 1389 1443 ὅς
1415 1411 1554 1452 Magistro
1578 1412 1710 1453 Johanne
1732 1415 1886 1455 Lyna'oubr'e
1911 1416 2064 1448 Secretario
2084 1418 2119 1448 de
2143 1419 2288 1450 Dantsuke
2303 1443 2315 1459 ,

1255 1449 1387 1487 Johanne
1411 1451 1592 1490 Marquarh,
1611 1452 1742 1490 Johanne
1767 1456 1886 1490 Borreu,
1905 1454 2141 1494 proconsulibus,
2160 1458 2193 1488 &
2218 1458 2314 1498 Magi-

1258 1488 1316 1518 stro
1339 1488 1473 1527 Stephano
1493 1489 1609 1520 Yerlbert
1631 1490 1787 1521 Secretario
1812 1491 1994 1524 Davantrien.
2015 1495 2167 1534 Tydmanno
2188 1496 2220 1526 de
2244 1500 2315 1527 Veen

1256 1526 1447 1565 Proconsule,
1466 1530 1581 1557 Henrico
1603 1529 1766 1570 Kunezstorp
1789 1529 1913 1561 Consule
1935 1531 2081 1570 Campe-ri,
2099 1533 2230 1571 Johanne
2250 1538 2313 1564 Du-

1253 1566 1330 1604 rekzp
1347 1589 1357 1605 ,
1382 1569 1527 1596 Bertramo
1543 1566 1688 1606 Berghoff,
1708 1567 1934 1607 [Aldermannis]
1950 1572 1982 1600 &
2006 1571 2148 1607 Magistro
2173 1573 2316 1604 Gerharda

1254 1607 1346 1634 Bruns
1368 1604 1525 1636 Secretario
1547 1615 1581 1635 ex
1606 1614 1682 1643 parte
1708 1605 1907 1637 Mercatorurn
1931 1608 1960 1636 in
1983 1608 2104 1645 Brugges
2121 1633 2130 1647 ‚
2154 1613 2313 1642 Hermanno

1256 1646 1405 1673 Wantuate
1417 1643 1573 1674 Secretario
1588 1642 1790 1675 Mercatorum
1808 1645 1987 1684 Londoniae,
2006 1646 2188 1677 &Domino
2208 1651 2318 1688 Cristia-

1255 1693 1288 1712 no
1305 1682 1337 1712 de
1353 1682 1442 1712 Ghore
1454 1682 1608 1720 Capeliano
1625 1683 1658 1713 ὃ(
1672 1682 1825 1714 Secretario
1842 1683 2039 1715 Mercatorum
2057 1685 2162 1724 Bergen
2187 1687 2216 1717 in
2232 1689 2316 1718 Nor-

1253 1722 1345 1758 wegia
1355 1745 1364 1758 ‚
1384 1720 1595 1752 Communium
1611 1720 1830 1752 Comunitatum
1843 1721 2005 1762 Opidoruin
2019 1727 2130 1754 Hanzae
2152 1724 2318 1758 Theuconicae

1255 1758 1405 1797 Oratores,
1425 1759 1575 1796 Nuncios,
1594 1759 1627 1790 &
1641 1758 1860 1798 Procuratores,
1877 1771 1910 1790 et<
1925 1762 2006 1792 altera
2022 1763 2165 1801 Partibus,

1293 1797 1362 1828 Post
1386 1799 1475 1828 varios
1497 1798 1665 1835 Tractatus,
1680 1799 1710 1828 iri
1734 1798 1859 1830 Civitate
1877 1800 2066 1838 ijeetcnfi,
2087 1800 2234 1833 Meniibus
2250 1801 2318 1841 Julii

1257 1837 1290 1868 &
1320 1836 1492 1874 Septembris
1509 1859 1518 1874 ,
1545 1837 1633 1867 Anno
1654 1835 1778 1867 Domini
1800 1837 1953 1868 Millesimo
1967 1863 1975 1876 ,
2003 1839 2291 1878 Qiadringentelimo
2304 1864 2315 1879 ‚

1257 1875 1468 1913 Septuagelimo
1490 1875 1591 1913 tertio,
1614 1874 1650 1905 de
1674 1876 1707 1906 ὃ(
1727 1875 1806 1913 super
1825 1877 1951 1915 plurimis
1977 1876 2168 1917 Ditl'erentiis,
2188 1879 2318 1918 Litibus,

1258 1913 1406 1950 Querens,
1425 1913 1548 1952 Injuriis,
1567 1914 1600 1944 &
1619 1912 1787 1951 DiscordiiS,
1807 1915 1878 1945 inter
1903 1915 2046 1946 Homines
2069 1916 2194 1947 Partium
2217 1919 2320 1955 praedi-

1257 1953 1365 1982 &arum
1383 1953 1467 1983 motis
1486 1953 1519 1983 &
1534 1952 1734 1990 pendentibus,
1752 1953 1862 1983 habitos
1876 1964 1957 1992 atque
1972 1954 2076 1992 factos,

1294 1991 1427 2021 Tandem
1462 1991 1608 2028 inspirante
1628 1990 1706 2021 Pacis
1732 1991 1877 2030 Audiore,
1897 2002 1949 2028 pro
1972 1992 2153 2024 Pacificandis
2177 1995 2210 2025 δε
2235 1993 2318 2025 Abo-

1257 2029 1345 2060 lendis
1368 2028 1409 2059 Di
1435 2030 1562 2068 ereutii-s,
1582 2029 1709 2067 Litibus,
1728 2029 1862 2068 Guerris,
1883 2030 2009 2068 Injuriis,
2035 2033 2067 2062 Sc
2093 2031 2248 2063 Discordiis
2267 2034 2320 2064 hu-

1252 2067 1397 2106 jusmodi,
1412 2077 1495 2106 atque
1511 2078 1563 2105 pro
1577 2067 1755 2098 Reducendo
1770 2069 1804 2098 δε
1823 2068 2019 2101 Restaurando
2037 2080 2136 2100 omnes
2155 2071 2186 2101 δε
2199 2071 2320 2109 singulos

1257 2107 1402 2137 Homines
1425 2107 1565 2144 utriusque
1582 2105 1671 2136 Partis
1690 2106 1832 2144 praedietae
1855 2107 1888 2138 ad
1916 2108 2059 2145 pristinam
2083 2109 2261 2140 amicabilem
2284 2112 2319 2141 &

1256 2155 1384 2176 mutuam
1400 2145 1674 2175 Comunicationem
1692 2146 1724 2176 δι’.
1742 2144 2015 2184 Conversitionem,
2031 2147 2209 2185 liberumque
2231 2147 2321 2178 Inter-

1258 2184 1369 2216 cursum
1394 2183 1638 2221 Mercandisandi,
1653 2184 1783 2221 quaedam
1804 2183 1989 2215 Concordata
2010 2186 2044 2215 &
2065 2184 2224 2223 Conclusa,
2243 2197 2320 2224 quae-

1255 2224 1323 2254 dam
1342 2225 1412 2254 vcro
1427 2232 1475 2259 per
1494 2221 1623 2252 Modum
1641 2222 1905 2253 Advisamentorum
1932 2224 2128 2261 Appundtuata
2151 2224 2229 2262 sunt,
2248 2227 2321 2257 inter

1256 2260 1406 2301 praediifitos
1422 2260 1555 2291 Oratores
1567 2262 1600 2291 ὃς
1617 2260 1834 2292 Commissatios
1850 2261 2004 2300 hincinde,

1294 2300 1347 2338 Et,
1365 2309 1466 2330 eorum
1485 2300 1651 2336 occasione,
1669 2300 1741 2329 inter
1762 2299 1874 2330 eosdem
1897 2299 2032 2331 Oratores
2057 2299 2172 2331 finaliter
2189 2300 2320 2332 Conclu-

1258 2339 1319 2370 sum
1334 2340 1367 2370 ὃς
1382 2337 1602 2369 Concordatum
1617 2337 1709 2368 existit
1725 2338 1803 2375 quod
1813 2361 1822 2375 ,
1839 2339 1897 2368 tam
1913 2340 2042 2376 praesatus
2054 2338 2246 2370 Sereniffimus
2258 2344 2320 2371 Rex

1259 2378 1371 2415 Angliae
1390 2399 1400 2414 ,
1420 2375 1481 2411 &a
1503 2376 1588 2414 quam
1610 2379 1745 2406 Civitates
1766 2379 1879 2406 Hanzae
1898 2378 2040 2414 praediclae
2055 2400 2064 2414 ‚
2091 2378 2235 2415 utriuioue
2256 2380 2320 2410 suos

1262 2417 1396 2447 Oratores
1413 2416 1445 2446 δε
1462 2414 1697 2452 Ambaffiatores,
1717 2425 1784 2445 cum
1800 2414 1946 2445 sufficienti
1962 2416 2101 2446 Mandato
2115 2417 2149 2447 &
2167 2418 2249 2454 plena
2272 2417 2322 2448 In·

1260 2455 1430 2492 struffione,
1448 2455 1477 2484 in
1493 2453 1646 2491 supradieta
1662 2456 1786 2484 Caevitate
1800 2454 1981 2494 Trajecffenfi,
2000 2455 2121 2485 Decima
2142 2457 2239 2493 quinta
2262 2455 2322 2487 Die

1254 2493 1379 2532 Januarii
1396 2493 1531 2530 proximo
1545 2492 1687 2529 sequenti,
1704 2492 1838 2530 habeant,
1853 2492 1886 2523 ad
1901 2495 1997 2523 omnia
2012 2494 2045 2524 &
2061 2493 2164 2532 lingula
2188 2495 2322 2531 supratra-

1258 2533 1332 2564 <stata
1348 2530 1606 2568 Concludendum,
1624 2531 1658 2560 ad
1669 2530 1773 2561 Pacem
1799 2530 1910 2561 firmam
1931 2533 1962 2562 &
1986 2541 2148 2569 perpetuam
2170 2532 2320 2563 Stabilien-

1258 2571 1345 2608 dum,
1362 2571 1423 2600 &c.
1442 2571 1469 2598 in
1485 2568 1578 2599 modis
1591 2569 1752 2599 Parentibus
1775 2569 1808 2599 ὃ(
1829 2569 1950 2606 figularis
1971 2570 2139 2601 eorumdem
2162 2570 2320 2602 Oratorum

1256 2611 1289 2640 &
1309 2607 1579 2639 Commissariorum
1597 2608 1714 2645 Literis,
1732 2607 1792 2645 ipsis
1809 2607 1977 2638 Oratoribus
1991 2610 2023 2639 δε
2048 2608 2254 2640 Commiffariis
2276 2611 2319 2640 su-

1257 2648 1408 2686 prascriptis
1434 2647 1596 2676 alterutrum
1621 2646 1774 2683 exhibitis,
1799 2647 1832 2676 &
1855 2646 1922 2677 Dat.
1949 2649 1977 2676 in
1997 2646 2120 2677 Civitate
2145 2648 2318 2686 Tiajeetenfi

1256 2688 1344 2717 Anno
1362 2686 1482 2716 Domini
1508 2684 1681 2723 Millefimo,
1702 2684 2004 2723 Quadringentelimo,
2024 2685 2237 2723 Septuagelimo
2263 2696 2320 2718 ter-

1256 2727 1314 2764 tio,
1334 2724 1393 2755 Die
1409 2725 1479 2754 vero
1494 2722 1619 2754 Decimfi
1633 2723 1710 2754 non&
1724 2723 1897 2765 Septembris
1911 2723 2072 2755 Dominica
2093 2726 2172 2763 (quas
2196 2726 2244 2757 hic
2266 2736 2320 2764 pro

1258 2764 1363 2794 insertis
1377 2763 1471 2792 haberi
1488 2763 1590 2800 placet)
1609 2762 1856 2799 comprehensum.

1293 2803 1372 2832 Hinc
1385 2801 1425 2831 est
1440 2801 1537 2839 quod,
1555 2801 1584 2830 in
1600 2799 1743 2831 Eventum
1758 2802 1790 2831 &
1808 2801 1908 2831 Finem
1923 2800 2053 2838 praefatos
2063 2825 2072 2837 ,

1293 2841 1340 2872 De
1364 2849 1469 2870 matura
1489 2839 1743 2875 circumspectione
1768 2840 1801 2869 ὃς
1817 2840 1955 2876 probitate
1969 2839 2171 2876 Spe&abilium
2192 2840 2225 2870 &
2253 2838 2321 2870 Cir-

1257 2879 1488 2916 cumspectorum
1510 2877 1707 2908 Dominorum
1733 2876 1892 2907 Civitatum
1914 2879 1947 2909 ὃς
1970 2877 2134 2914 Opidorutn
2160 2878 2318 2915 (videlicet)

1257 2918 1398 2957 Johannis
1415 2916 1544 2956 Osthusen
1559 2915 1698 2953 utriusque
1716 2915 1790 2954 Juris
1813 2915 1970 2952 Dodtoris,
1989 2917 2020 2946 &
2042 2915 2185 2954 Johavnis
2204 2915 2318 2956 Berfin-

1255 2958 1350 2994 bengge
1368 2979 1378 2994 ‚
1402 2956 1622 2986 Secretarioium
1639 2954 1866 2991 Lubeceniium,
1893 2956 2006 2983 Henrici
2027 2955 2187 2995 Murmester
2207 2955 2318 2993 Legum

1256 2996 1394 3025 Doftoris
1418 2993 1596 3024 Proconsulis
1612 3015 1621 3029 ,
1648 2993 1681 3022 δε
1704 2995 1849 3022 Laurentii
1868 2992 2033 3022 Rodtideken
2055 2992 2198 3024 Secretarii
2225 2993 2317 3023 llam-

1255 3034 1416 3071 burgenfis,
1435 3042 1468 3062 ac
1488 3031 1626 3061 Bernardi
1648 3031 1760 3070 Pawese
1782 3030 1911 3061 Consulis
1929 3031 1964 3062 de
1980 3031 2142 3071 Dantsuke,
2159 3031 2316 3070 pleniiiime

1259 3072 1435 3103 confidentes

1296 3110 1372 3149 Ipsos
1386 3094 1488 3139 omnes
1502 3133 1511 3144 ‚
1526 3108 1559 3138 &
1573 3117 1673 3138 eorum
1689 3107 1844 3146 quemlibet
1861 3109 1888 3137 in
1904 3107 2025 3138 solidum
2036 3133 2045 3144 ,
2065 3107 2246 3138 Praesentium
2271 3116 2319 3138 ex-

1258 3149 1394 3179 bibitores
1409 3150 1442 3179 &
1458 3147 1646 3177 exhibitorem
1664 3147 1711 3184 (ita
1724 3155 1819 3177 tamen
1834 3147 1912 3184 quod
1928 3157 1986 3176 non
2015 3147 2045 3177 sit
2071 3147 2168 3176 melior
2189 3146 2318 3177 conditio

1258 3188 1387 3226 primitus
1410 3187 1607 3223 Occupantis,
1632 3195 1685 3214 nec
1711 3185 1833 3215 deterior
1857 3184 2066 3223 subsequentis,
2094 3185 2138 3214 scd
2164 3184 2241 3222 quod
2268 3195 2317 3220 per

1257 3236 1346 3256 unum
1361 3234 1460 3256 eornm
1477 3223 1627 3260 Inceptum
1641 3223 1725 3254 fuerit
1741 3225 1807 3254 alius
1821 3224 1951 3263 prosequi
1968 3224 2055 3253 valeat
2069 3223 2190 3253 mediate
2204 3223 2237 3253 &
2255 3220 2318 3254 fini-

1257 3267 1298 3300 re)
1313 3264 1447 3294 omnibus
1460 3263 1620 3303 melioribus
1637 3262 1726 3292 modo
1737 3285 1747 3300 ,
1766 3262 1826 3300 via,
1841 3264 1923 3300 jure,
1942 3261 2038 3297 causa,
2058 3259 2139 3298 stilo,
2157 3261 2190 3291 &
2205 3261 2316 3300 form-5,

1257 3304 1360 3339 quibus
1386 3302 1486 3332 melius
1510 3302 1542 3331 ὃς
1566 3300 1709 3331 efficacius
1731 3302 1873 3338 potuimus
1892 3301 1924 3330 ὅ(
1944 3300 2110 3337 debuimus,
2128 3299 2318 3338 poffimusque

1257 3342 1291 3372 &
1313 3341 1467 3377 debemus,
1487 3339 1566 3377 quod
1592 3339 1626 3369 ad
1652 3338 1797 3369 Praemiffa
1813 3340 1911 3368 omnia
1925 3339 1959 3369 δε
1974 3337 2093 3373 singula,
2114 3337 2267 3378 Fecimus,
2284 3348 2318 3370 ac

1257 3379 1440 3410 Piaesentium
1461 3378 1581 3408 Tenore
1602 3377 1751 3415 Facimus,
1768 3376 1995 3418 Constituinius‚
2008 3376 2046 3418 ¹&
2069 3375 2243 3407 Ordinamus
2266 3387 2318 3407 no-

1259 3417 1329 3448 stros
1347 3418 1379 3448 ὃς
1397 3417 1521 3456 praefatae
1538 3415 1650 3446 Hanzae
1668 3426 1770 3453 veros,
1795 3425 1903 3451 certos,
1927 3414 2079 3451 legitumos
2094 3436 2103 3451 ‚
2127 3415 2161 3446 &
2176 3415 2318 3447 indubita.

1259 3464 1303 3487 tos
1322 3456 1522 3486 Procuratores
1537 3477 1546 3492 ‚
1574 3454 1709 3485 Nuncios
1726 3478 1735 3491 ,
1761 3455 1794 3484 ὃε
1812 3453 1943 3483 Oratores
1959 3452 2098 3488 generales
2114 3453 2147 3484 &
2165 3454 2293 3491 speciales
2308 3477 2319 3492 ,

1257 3496 1294 3526 sic
1315 3504 1409 3527 tamen
1430 3494 1510 3532 quod
1536 3493 1697 3531 generalitas
1716 3492 1875 3530 specialitati
1892 3499 1952 3520 non
1970 3490 2090 3527 deroget
2106 3513 2115 3528 ,
2142 3501 2196 3522 nec
2215 3503 2230 3523 e
2248 3503 2318 3522 con-

1258 3542 1298 3565 tra

1293 3556 1399 3603 Dantes
1413 3570 1445 3600 &
1460 3569 1661 3600 Concedentes
1677 3571 1715 3600 eis
1729 3567 1880 3604 omnum,
1897 3567 1930 3596 &
1947 3575 2048 3596 eorum
2064 3567 2182 3599 cuilibet
2205 3569 2235 3598 iri
2257 3566 2320 3598 soli-

1254 3610 1342 3648 dum,
1362 3610 1472 3646 plenam
1498 3610 1531 3638 &
1552 3608 1751 3637 omnimodam
1774 3604 1965 3642 potestatem,
1984 3604 2209 3644 minoritatem,
2229 3605 2319 3636 Man-

1256 3649 1371 3684 datum,
1389 3649 1421 3678 δε
1440 3646 1633 3680 Facultatem,
1652 3655 1699 3682 per
1717 3645 1743 3673 se
1759 3643 1918 3681 dumtaxat,
1935 3651 1981 3674 aut
1998 3645 2053 3674 una
2079 3655 2146 3675 cum
2170 3646 2227 3674 aliis
2248 3644 2317 3675 Ho-

1256 3687 1426 3717 norabilibus
1441 3692 1684 3721 quarumcumque
1702 3681 1860 3712 Civitatum
1875 3682 1907 3712 ὃς
1921 3680 2087 3720 Opidorum
2103 3683 2187 3712 distre
2202 3682 2317 3713 Hanzae

1257 3727 1330 3757 veris
1348 3723 1532 3758 Oratoribus,
1550 3721 1801 3756 procuratoribuS,
1821 3720 1876 3750 five
1891 3719 2034 3757 Nunciis,
2050 3722 2084 3751 ad
2100 3720 2244 3751 Praemiss'a
2259 3720 2319 3757 spe-

1257 3764 1364 3794 cialiter
1381 3761 1528 3798 Deputatis
1545 3758 1590 3788 vel
1613 3757 1808 3795 Deputandis,
1825 3759 1854 3788 iri
1876 3757 1989 3798 praefata
2008 3757 2174 3798 Trajeaerenfi
2193 3761 2319 3789 Civitate

1257 3802 1487 3840 praenientionata
1498 3820 1507 3835 ,
1526 3795 1640 3826 Decima
1657 3795 1753 3836 quinti
1768 3799 1824 3826 Die
1838 3795 1940 3836 Mensis
1953 3796 2104 3835 Januarit,
2122 3806 2155 3826 ac
2179 3796 2320 3834 posterius

1279 3840 1498 3874 uandocumque
1514 3858 1524 3872 ,
1550 3836 1576 3865 se
1598 3833 1696 3864 nostro
1716 3835 1748 3864 &
1771 3835 1857 3866 totius
1879 3836 1994 3866 Hanzae
2018 3836 2160 3874 praedietae
2184 3834 2320 3865 Nomine

1286 3875 1461 3908 onstituendi
1475 3876 1507 3905 ὅ(
1523 3873 1682 3903 Pnrl'entias
1704 3872 1761 3904 suas
1781 3873 1962 3911 Exhibendi‚
1978 3883 2011 3903 ac
2033 3883 2101 3902 cum
2129 3872 2261 3904 universis
2285 3873 2320 3904 &

1257 3917 1367 3955 lingulis
1381 3912 1525 3950 supradicit
1541 3910 1728 3941 Potentiffimi
1741 3912 1776 3942 &
1790 3911 2020 3942 Excellentiffimi
2038 3911 2175 3948 Principis
2196 3911 2320 3943 Domini

1257 3953 1369 3991 Angljae
1395 3951 1432 3986 ό·
1456 3952 1576 3979 Francia
1602 3949 1621 3968 ⁸¹²
1646 3952 1741 3987 Regis,
1756 3949 1818 3985 &c.
1838 3949 2049 3980 Venerabilibus
2063 3950 2096 3979 &
2111 3949 2237 3989 Egregiis
2254 3950 2319 3980 Do—
2341 3955 2360 3975 st
2383 3957 2435 3985 XI.

1259 3993 1360 4028 minis,
1376 3989 1561 4024 Oratoribus,
1579 3986 1832 4025 Procuratoribus‚
1849 3990 1882 4019 ὅτ,
1898 3986 2023 4016 Nunciis
2038 3986 2218 4028 specialibus,
2238 3990 2266 4020 in
2288 3999 2319 4019 ea
2339 3996 2400 4030 803*

1259 4040 1336 4068 parte
1352 4028 1520 4060 potestatem
1538 4027 1571 4056 &
1587 4025 1756 4057 Mandatum
1774 4026 1955 4063 habentibus,
1974 4035 2074 4056 eorum
2086 4026 2168 4057 causa
2182 4029 2215 4059 δε
2237 4037 2322 4058 occa-

1257 4070 1352 4105 sione,
1371 4076 1434 4104 qus:
1446 4087 1454 4102 ,
1473 4073 1502 4094 ut
1519 4064 1697 4103 praedicitur,
1712 4067 1782 4095 inter
1797 4065 2014 4102 praenominatos
2027 4063 2162 4095 Oratores
2177 4066 2210 4097 &
2227 4066 2322 4096 Com-

1257 4104 1479 4142 missari05,s2ve
1494 4111 1543 4140 per
1559 4101 1690 4135 Modum
1707 4103 1960 4134 Concordatotum
1976 4102 2011 4134 ὃς
2028 4102 2256 4141 Conclusotum,
2269 4105 2324 4133 rive

2276 4149 2324 4177 per

1284 339 1288 343 ῃ
1314 339 1318 343 .
1590 304 1739 345 imperialis
1754 306 1882 350 Civitatis
1896 306 2065 350 Lubecenjis‚
2079 318 2299 350 caeterarumque
2328 310 2399 340 Ann.
2409 307 2450 342 D.

1252 335 1429 377 Civitatum,
1456 340 1631 386 Burgorum,
1657 343 1923 383 Communitatum,
1948 348 2123 387 Opidorum,
2147 349 2302 389 Villarum‚
2340 356 2425 388 1474.

1250 377 1282 406 &
1307 376 1456 407 Locorum
1479 389 1562 410 totius
1586 383 1696 411 Hanzae
1716 380 1902 421 Theutonicae,
1917 385 2048 416 Oratores
2063 389 2094 418 ὅ(
2118 387 2246 426 Nuncii,
2265 390 2299 419 ad
2318 390 2384 416 Eva.
2408 399 2435 424 4,
