2555 4266
8 289 86 326 Amn.
95 288 137 324 D.
150 288 275 332 Majores
286 290 321 324 &
341 288 556 323 Gubernatores

8 341 116 407 2235’31

12 1790 33 1811 Ἰ
50 1791 119 1820 XII.

11 1838 76 1867 425.

714 203 827 246 ET
908 204 1175 249 ACTA

589 289 624 323 ὅτ.
645 289 691 323 alii
715 291 882 330 Officiales,
907 290 1134 331 quibuscumque
1157 299 1211 322 no-

149 333 272 363 minibus
283 329 550 374 appellenturxtalis
561 313 663 369 Pillae,
681 330 809 369 Oppidi,
828 331 873 361 seu
890 329 1010 374 Portsis,
1029 331 1104 367 unde
1117 332 1210 373 exitu-

151 380 180 401 ra
193 370 251 406 est,
269 377 382 405 capiant
396 367 585 400 sufficientem
600 368 784 400 Securitatem
799 379 815 399 a
828 369 964 399 Dominis
982 369 1029 398 seu
1045 367 1210 399 Posseffori-

149 410 220 446 bus,
237 406 399 445 MagistriS,
416 407 547 438 Patronis
559 431 569 446 ‚
589 407 634 438 seu
654 407 768 439 Busariis
788 407 880 437 Navis
901 406 1063 442 hujusmodi
1078 429 1088 443 ,
1102 406 1137 436 ad
1158 406 1211 436 du-

149 447 230 486 plum
251 445 363 476 valoris
381 445 475 477 Navis
499 446 630 484 Apparati
651 447 684 477 &
699 445 873 476 Victualiurn
886 444 1024 482 ejusdem,
1041 443 1210 488 quoana-

169 486 174 490 '
201 493 231 514 er
250 483 373 522 ejusdem
393 484 507 524 Navis,
528 483 677 515 Marinarii
691 506 701 521 ‚
728 485 763 515 δε
789 482 899 514 Nautae
913 505 923 519 ,
947 492 981 512 ac
1002 491 1104 512 omnes
1126 492 1156 511 in
1177 492 1210 512 ea

185 523 230 552 avi
250 522 398 553 existentes
415 546 425 562 ‚
451 523 655 562 cujuscumque
675 520 770 552 Status
794 521 839 552 vel
869 519 1051 550 Conditionis
1075 519 1210 558 existant,

148 561 298 592 servabunt
326 561 399 592 hanc
422 561 529 592 Pacem
551 570 616 600 erga
643 558 839 599 quoscumque
863 558 998 589 Subditos
1026 558 1184 589 Patriarum
1201 580 1210 596 ,

151 599 342 638 Regnorum,
359 599 583 636 Dominiorum‚
596 599 752 629 Terrarum
766 597 876 628 alterius
889 596 994 635 Partis,
1012 597 1046 627 &
1056 597 1163 628 nullam
1171 598 1210 628 eis

150 638 285 676 Injuriam
305 637 351 669 seu
376 638 550 670 Violentiam
571 638 600 667 in
624 635 713 667 Terra
727 659 737 673 ,
756 634 835 668 Mari
852 657 862 673 ,
881 635 1090 666 Fluminibusve
1114 644 1162 667 aut
1181 637 1211 666 iri

152 675 244 708 Portu
262 677 356 714 aliquo
369 677 471 708 facient
484 677 530 707 seu
545 675 678 706 inferent:

191 714 247 754 Et,
263 716 282 746 fi
296 715 457 754 hujusmodi
470 715 637 746 Securitates
651 710 779 750 praestare
795 712 953 750 noluerint,
972 722 1033 743 non
1049 715 1213 750 permittent

150 753 202 791 ipsi
226 754 370 793 Majores‚
385 753 613 789 Gubernatoris,
632 749 832 794 &hofficialoe
854 751 1056 789 praeAE&orum
1079 751 1213 789 Oppido-

154 802 220 823 rum
241 792 287 824 seu
309 791 452 823 Portuum
465 814 474 828 ,
491 791 539 821 ubi
558 789 645 820 Casus
669 788 714 820 ille
737 789 871 821 acciderit
883 813 893 828 ,
910 789 1028 821 Navem
1051 790 1213 828 hujusmodi

154 841 278 870 quoquo
294 830 385 861 modo
401 830 496 865 exire3

194 870 336 908 Quotiens
348 876 443 898 autem
469 866 654 897 Securitatem
675 866 846 903 praemiffam
868 865 1012 905 Maiores,
1029 866 1214 898 Gubernato-

153 917 218 947 1es,
235 909 270 939 &
282 904 429 937 Officiales
444 905 572 943 praediffl
593 905 736 944 exegerint
755 905 801 936 seu
820 906 994 944 receperint,
1008 905 1115 936 dabunt
1136 905 1216 936 Lite-

152 956 197 976 tas
221 945 371 976 autenticas
390 942 441 974 sub
463 943 565 980 Sigillo
584 943 792 974 Poffess'oribus
804 966 814 981 ,
835 943 979 983 Magistris
993 967 1003 982 ,
1019 944 1066 975 seu
1088 944 1216 975 Bursariis

153 984 225 1016 illius
246 982 339 1013 Navis
358 983 396 1012 ita
415 982 607 1019 Affecuratae,
624 980 821 1013 Testificantoe
842 982 928 1020 ipsam
941 982 1126 1014 Securitatem
1143 993 1215 1020 prae-

153 1021 273 1058 stiram3
291 1019 326 1050 ad
349 1018 439 1050 finem
461 1029 491 1051 ut
504 1043 514 1059 ‚
539 1019 657 1059 ipsarum
682 1020 843 1052 Literarum
865 1023 966 1058 vigore
981 1044 990 1059 ,
1010 1020 1103 1051 Navis
1122 1020 1216 1060 hujus-

150 1059 236 1128 lmodi
259 1058 342 1097 alios,
358 1058 394 1089 ad
416 1069 487 1098 quos
512 1059 625 1090 forfitan
646 1059 822 1098 applicabit,
838 1059 941 1091 Portus
958 1059 1047 1091 libere
1072 1060 1147 1091 exire
1166 1069 1216 1092 va-

163 1107 222 1129 at:

190 1135 390 1167 Providebunt
404 1136 488 1167 etiam
496 1133 610 1175 prefati
625 1138 708 1174 Reges
720 1135 752 1167 δε
767 1138 916 1173 Principes,
934 1146 1091 1174 eorumque
1113 1135 1218 1167 Haere-

153 1173 203 1205 des
216 1176 251 1206 &
268 1173 464 1210 Successores,
483 1184 514 1205 ut
528 1175 724 1212 praemittitur‚
744 1184 793 1211 per
808 1175 912 1205 Literas
928 1174 1002 1213 suas,
1019 1175 1052 1205 ad
1073 1175 1136 1205 suos
1152 1174 1217 1204 Gu-

153 1213 316 1244 bernatores
331 1215 364 1244 &
376 1212 522 1244 Officiales
535 1212 720 1250 Oppidorum
733 1215 768 1244 ὃς
792 1213 933 1244 Portuum
957 1214 1071 1243 suorum
1095 1212 1216 1249 Regno-

155 1262 222 1282 rum
239 1253 272 1283 &
289 1251 498 1282 Dominiorum
511 1250 677 1289 mittendas,
695 1251 785 1282 taliter
798 1250 876 1289 quod
893 1251 942 1288 ipfi
958 1252 1055 1289 omnia
1067 1251 1101 1281 δε
1113 1251 1217 1290 singula

153 1289 320 1334 Pnraemiss‘a,
336 1290 373 1321 de
395 1299 526 1330 ternpore
545 1291 574 1320 in
596 1299 708 1328 tempus
721 1312 733 1328 ,
749 1290 940 1321 observabunt
960 1291 994 1321 &
1017 1290 1157 1320 observari
1178 1290 1219 1320 fa-

157 1339 365 1412 eleIgl'i'praefati
383 1365 530 1410 Officiales
551 1374 698 1410 teneantur
713 1388 731 1410 ³.
747 1365 818 1411 infra
839 1366 1031 1406 Quadraginta
1054 1365 1126 1396 Dies
1152 1376 1219 1404 pro-

157 1408 240 1437 ximo
259 1407 404 1444 sequentes
423 1416 439 1435 a
464 1405 522 1436 Die
543 1405 746 1443 Requifitionis
761 1405 811 1435 sibi
825 1404 908 1436 faetae
923 1415 972 1442 per
996 1403 1108 1434 Partem
1126 1404 1220 1434 Dam-

157 1445 302 1475 nificatam
326 1443 536 1482 computandos
551 1466 561 1481 ,
585 1444 687 1480 exequi
710 1443 876 1480 praedictam
900 1443 1118 1480 Obligationem
1149 1452 1221 1472 con-

156 1482 395 1551 irarMagistium
415 1482 510 1513 Navis
522 1482 555 1513 &
569 1482 625 1520 ejus
640 1481 825 1519 Fidejussores
837 1492 901 1521 quae
919 1483 971 1513 tale
985 1481 1155 1519 Dampnum
1179 1482 1223 1510 in-

158 1529 189 1551 tu
200 1531 223 1551 lt

193 1544 240 1590 Et’
259 1559 341 1597 quod
361 1569 462 1589 omnes
485 1558 592 1589 Literae
618 1557 803 1588 Marcharum
823 1560 857 1590 δε
880 1557 1102 1596 Represaliarum
1117 1580 1126 1595 ‚
1151 1556 1222 1588 hac-

156 1605 236 1628 tenus
264 1607 314 1634 per
348 1597 443 1627 dictos
471 1596 500 1627 R
536 1607 565 1628 es
587 1597 621 1627 ὅ(
650 1596 872 1627 Praedecefforae
903 1597 966 1627 suos
985 1596 1125 1626 concessae
1148 1605 1221 1626 con-

158 1643 201 1666 tra
220 1635 355 1666 Subditos
380 1636 490 1668 alterius
537 1636 601 1665 artis
617 1658 627 1673 ,
658 1635 711 1666 fint
739 1635 871 1672 suspensae
886 1658 897 1674 ,
930 1635 964 1666 &
991 1634 1098 1673 Vigore
1126 1644 1221 1664 earum

157 1673 234 1704 nulla
256 1673 399 1705 Executio
422 1673 483 1705 fieri
503 1673 589 1711 poffit
607 1697 617 1710 ,
647 1673 692 1703 sed
724 1673 761 1703 de
790 1673 887 1705 Novo
919 1672 966 1704 fiat
996 1673 1155 1711 Requisitio
1186 1675 1221 1703 ad

156 1711 320 1743 instantiam
342 1711 646 1749 Dampnificatoriim,
677 1712 710 1742 &
739 1712 778 1742 eis
806 1711 852 1743 fiat
875 1711 986 1751 Justitia
1015 1722 1065 1749 per
1089 1711 1223 1749 Superio-

159 1761 221 1781 rem
252 1749 532 1788 Dampnffimiorum
546 1773 556 1789 ,
581 1750 601 1769 ²*
628 1751 662 1781 δε
689 1751 719 1779 in
744 1751 801 1788 ejus
830 1750 1061 1788 Denegationem
1077 1774 1087 1787 ,
1120 1749 1224 1781 servata

157 1788 254 1820 forma.
275 1789 411 1820 similibus
434 1787 553 1820 Cafibus
572 1787 723 1826 consueta,
741 1787 847 1826 possmt
869 1788 927 1819 dari
951 1789 985 1819 ἃ
1002 1787 1124 1818 concedi
1142 1788 1225 1819 Mar-

159 1827 225 1872 chae
244 1828 292 1859 seu
313 1826 476 1871 Reprisaliae
496 1836 596 1859 contra
617 1826 752 1857 Subditos
771 1828 806 1859 ὃς
830 1826 965 1858 Vafl‘allos
988 1827 1127 1865 Principis
1138 1826 1225 1866 Justi-

160 1875 303 1948 tuffam,
321 1876 594 1950 &iz-ordinum&
611 1902 790 1934 Conclusam
807 1902 849 1934 est
863 1903 962 1948 quod,
982 1903 1002 1933 si
1018 1913 1067 1940 per
1092 1903 1224 1949 praeFatos

160 1942 326 1981 Dommos,
350 1946 446 1980 Regem
463 1941 593 1980 Anghae,
608 1943 642 1974 &
655 1945 751 1980 Regem
766 1941 804 1977 όν
819 1945 948 1979 Reginam
969 1941 1108 1981 Castellae,
1125 1945 1225 1979 Legio-

158 1980 556 2051 titt'azzztafffte
567 1979 1131 2058 sufflammat&
1151 1980 1224 2048 2135:

1131 2041 1141 2055 ²

158 2068 217 2096 que
241 2058 391 2089 Locorum
449 2043 549 2089 coiitra
573 2059 634 2089 vim
647 2082 657 2096 ,
680 2042 806 2089 forriiam
819 2080 828 2096 ‚
852 2058 886 2088 &
912 2056 1049 2088 effectum
1082 2055 1223 2095 praesentis

160 2096 315 2128 Tractatsis
334 2097 368 2127 &
393 2080 594 2128 donciufionis
614 2096 713 2134 Pacis,
727 2095 926 2134 Concordiae,
946 2095 1107 2139 Amicitiae,
1126 2095 1224 2134 Ligae,

159 2135 306 2173 Unionis‚
323 2136 356 2166 ὃς
372 2134 634 2167 confoederationis
649 2136 757 2166 temere
772 2133 880 2165 facium
896 2133 941 2164 vel
958 2135 1059 2172 injuste
1075 2143 1226 2172 attempta-

161 2181 227 2205 tum
242 2174 327 2204 fuerit
340 2173 431 2212 (quod
447 2173 528 2204 Deus
540 2174 656 2211 avertat)
672 2173 739 2204 illud
757 2173 795 2204 fic
810 2173 930 2204 Factum
945 2174 991 2204 vel
1006 2173 1225 2212 Attemptatum,

162 2213 294 2250 quotiens
312 2211 341 2242 id
360 2212 494 2243 acciderit
510 2234 520 2251 ‚
545 2212 579 2243 ad
602 2211 831 2250 Requifitionem
855 2211 944 2243 Partis
970 2220 1069 2242 contra
1092 2221 1176 2249 quam
1197 2211 1224 2241 id

158 2250 282 2283 Paetum
297 2250 343 2281 vel
357 2251 568 2288 Attemptatum
582 2250 640 2281 effe
655 2250 853 2288 praetenditur,
868 2259 919 2287 per
934 2249 1026 2281 debita
1049 2252 1082 2281 &
1105 2258 1225 2287 oportu-

161 2299 199 2320 na
216 2288 356 2320 Remedia
373 2289 579 2327 Reformetur,
597 2290 631 2321 &
652 2289 830 2328 Reparetur3
846 2288 893 2319 sed
911 2298 962 2326 per
981 2289 1039 2319 hoc
1061 2288 1128 2318 huic
1153 2298 1226 2325 prie-

159 2328 232 2359 senti
246 2327 345 2364 Pacis,
365 2327 560 2365 Concordiae,
580 2327 742 2364 Amicitiae,
760 2327 862 2365 Ligae,
881 2326 1026 2365 Unionis,
1043 2327 1076 2357 ὃς
1099 2325 1227 2356 Confoe-

160 2365 311 2397 derationis
318 2366 467 2397 Traetatui
484 2367 512 2396 in
529 2366 612 2397 nullo
625 2365 824 2405 praejudicetur
833 2389 843 2402 ,
858 2375 913 2396 nec
922 2375 1036 2405 propter
1047 2365 1099 2396 tale
1107 2364 1228 2408 Fadium

161 2405 209 2436 vel
229 2405 439 2442 Attemptatum
462 2404 560 2435 eadem
587 2404 647 2435 Pax
663 2429 674 2442 ,
700 2404 735 2435 L'
756 2415 771 2435 a
785 2427 796 2442 ,
814 2404 901 2435 Unio
917 2426 926 2441 ‚
947 2405 980 2436 &
1004 2403 1227 2434 Confoederatio

166 2442 283 2481 Rumpi
304 2444 350 2473 vel
367 2442 492 2474 Diffolvi
506 2442 687 2482 censebitur,
702 2443 719 2474 s

164 2482 342 2521 permanebit
353 2482 388 2512 &
402 2480 526 2512 Effecitu.

203 2519 314 2558 ITEM,
333 2519 552 2551 Concordatum
575 2520 609 2551 &
629 2519 807 2551 Conclusum
825 2519 867 2550 est
890 2519 988 2558 quod,
1008 2519 1028 2549 fi
1051 2518 1148 2557 aliquis
1160 2518 1232 2549 Vas-

163 2558 257 2598 sallus,
273 2557 396 2596 Homo,
412 2558 457 2589 vel
481 2558 616 2590 Subditus
633 2559 743 2590 alterius
761 2558 867 2597 Partis,
882 2568 933 2596 per
955 2557 1106 2596 Vaffallos,
1122 2556 1233 2587 Homi-

164 2607 215 2629 nes
228 2621 240 2636 ‚
258 2606 306 2628 aut
326 2597 462 2628 Subditos
486 2597 595 2628 alterius
610 2619 621 2635 ,
640 2606 739 2628 contra
760 2598 820 2627 vim
835 2618 845 2635 ‚
867 2596 990 2627 formam
1007 2619 1017 2634 ,
1037 2597 1070 2627 &
1092 2594 1230 2626 effectum

167 2636 310 2674 praesentis
324 2634 476 2667 Tractatfis
492 2637 526 2668 &
541 2635 736 2673 Concordiae,
753 2636 783 2666 in
797 2635 894 2673 aliquo
910 2635 1003 2665 Laesus
1021 2634 1066 2664 vel
1086 2633 1232 2664 Damnifi-

167 2683 246 2706 catus
265 2673 364 2712 fuerit,
381 2676 416 2706 &
437 2675 518 2713 super
534 2673 594 2705 hoc
614 2675 644 2704 in
663 2674 715 2704 illis
734 2673 823 2705 Locis
845 2673 879 2704 &
894 2683 943 2711 per
963 2673 1023 2703 illos
1032 2673 1166 2711 Judices,
1183 2673 1230 2702 ubi

167 2713 203 2744 &
217 2722 266 2751 per
280 2722 350 2751 quos
365 2713 395 2742 in
409 2712 508 2744 talibus
523 2711 642 2743 Casibus
657 2711 694 2744 de
704 2712 816 2751 Justitia
839 2712 982 2750 provideri
1002 2711 1087 2742 debet
1097 2733 1107 2748 ,
1125 2710 1233 2741 Refor-

169 2752 330 2782 mationem
352 2751 385 2781 &
409 2750 631 2789 Reparationem
655 2751 789 2789 consequi
805 2760 864 2781 non
876 2750 1009 2788 valuerit,
1027 2749 1233 2779 nichilominus

167 2791 287 2826 praesens
309 2788 461 2819 Trastatus
487 2790 522 2820 &
545 2788 714 2821 Concordia
735 2790 764 2819 in
788 2790 838 2820 suo
853 2788 981 2819 Robore
1003 2797 1181 2827 permaneat,
1199 2789 1233 2819 &

167 2827 236 2858 Pars
253 2828 290 2857 sic
307 2826 535 2865 Dampnificata,
553 2838 618 2866 quae
641 2836 672 2858 ut
693 2829 872 2865 praemittitur
893 2827 1030 2864 consequi
1050 2837 1111 2857 non
1132 2827 1235 2864 valuit,

169 2875 240 2898 cum
255 2865 506 2896 Commendatitiis
519 2867 553 2897 &
571 2866 780 2897 Admonitoriis
798 2865 899 2897 Literis
914 2866 952 2896 sui
968 2865 1103 2903 Principis
1120 2865 1155 2895 ad
1169 2865 1236 2895 alte-

170 2914 236 2935 rum
258 2903 425 2942 Prinprem
443 2913 585 2942 recurret,
603 2903 716 2942 ipseque
741 2903 899 2938 Defectum
922 2903 1100 2934 Officialium
1119 2903 1235 2933 suorum

172 2942 298 2982 suplens,
315 2942 360 2972 ille
374 2941 410 2972 de
423 2942 522 2973 debito
533 2941 609 2979 Juris
625 2941 771 2973 Remedio
786 2942 968 2981 providebit,
984 2951 1038 2972 nec
1055 2943 1138 2972 ante'a
1155 2941 1235 2972 Lite-

171 2991 213 3012 rae
225 2980 441 3051 dZdRepresaliis
464 2981 510 3012 vel
528 2979 651 3018 Marcha
661 2980 708 3012 vel
721 2979 954 3012 Contromarcha
974 2981 1160 3018 impetrentur
1181 2989 1235 3011 nec

171 3029 250 3052 conc
288 3028 379 3050 entur.

211 3058 302 3089 ITEM
317 3083 327 3097 ‚
352 3056 573 3089 Concordatum
588 3058 622 3090 &
640 3056 819 3088 Conclusam
838 3056 880 3088 est
898 3056 978 3095 quod
997 3065 1112 3095 uterque
1130 3056 1239 3087 Princi-

175 3106 247 3135 pum
271 3096 476 3135 praefatorum,
491 3098 563 3127 infra
586 3096 641 3127 Sex
664 3096 778 3126 Menses
801 3096 934 3133 proximo
957 3096 992 3127 &
1011 3095 1175 3126 immediate
1199 3095 1239 3126 se-

178 3143 295 3174 quentes
318 3134 383 3174 post
407 3135 515 3166 Datam
539 3135 678 3175 praesentis
697 3133 898 3165 conclusionis
915 3157 926 3172 ,
949 3133 1026 3164 hunc
1050 3134 1241 3172 Timarum,

176 3174 324 3214 Treugas,
340 3173 463 3212 Pacem,
482 3173 653 3212 Unionem,
670 3173 703 3204 ὃς
719 3172 936 3210 Concordiam,
951 3173 985 3203 &
1007 3172 1240 3203 Confoederatio-

176 3222 246 3243 nem
271 3214 306 3245 &
327 3222 424 3243 veram
447 3213 635 3251 Amicitiam,
653 3212 683 3242 in
705 3211 840 3241 omnibus
858 3212 892 3242 ὃ(
910 3211 1022 3250 singulis
1040 3211 1240 3248 insignioribus

177 3251 267 3282 Locis
288 3250 462 3289 Regnorum
487 3252 520 3282 &
545 3250 758 3282 Dominiorum
778 3249 893 3280 suorum
906 3272 916 3287 ,
949 3251 1009 3280 tam
1026 3249 1106 3287 super
1131 3249 1240 3280 Littora

178 3288 269 3320 Maris
288 3290 375 3327 quam
392 3289 473 3325 super
490 3289 613 3320 Terram
632 3290 666 3320 &
684 3289 712 3318 in
739 3288 882 3318 Portubus
906 3288 1074 3318 eorumdem
1089 3312 1099 3325 ‚
1125 3288 1241 3326 publice

178 3327 213 3358 &
227 3327 410 3364 solempniter
425 3326 616 3365 Proclamari,
633 3326 790 3358 Notificari
805 3327 838 3357 ὃς
852 3326 995 3357 Publicari
1016 3326 1118 3357 facient
1129 3349 1138 3365 ‚
1158 3336 1241 3364 prout

178 3366 210 3395 in
230 3365 277 3395 tali
294 3364 368 3397 Casu
385 3366 536 3403 antiquitus
554 3366 613 3396 fieri
630 3365 786 3397 consuevit.

219 3402 326 3441 ITEM,
344 3413 397 3441 pro
412 3405 513 3441 majori
529 3403 684 3435 Securitate
700 3404 734 3435 &
754 3403 880 3434 Roboris
899 3402 1046 3434 Firmitate
1058 3402 1144 3433 distae
1161 3402 1243 3433 Arni-

179 3442 256 3473 citiae
271 3464 281 3480 ,
297 3441 378 3471 Pacis
389 3464 399 3479 ,
420 3442 501 3479 Ligae
516 3466 525 3479 ‚
544 3442 675 3474 Unionis
690 3466 700 3479 ‚
715 3442 749 3473 &
766 3440 1031 3473 Confoederationis
1046 3464 1056 3479 ,
1072 3443 1105 3473 &
1124 3451 1154 3472 ut
1171 3443 1243 3471 inter

176 3478 310 3522 praefatoc
325 3482 460 3519 Principes
478 3482 568 3519 maJ'or
586 3480 740 3512 intercedat
758 3480 970 3519 Benivolentia,
990 3480 1190 3518 Conjunctio,
1210 3481 1244 3510 &

182 3518 314 3549 Aflinims
327 3541 337 3555 ‚
361 3518 404 3549 est
421 3518 642 3553 Concordatum
658 3519 693 3551 &
710 3518 887 3551 Conclusam
906 3519 987 3558 quod
1002 3542 1011 3558 ‚
1038 3528 1106 3550 cum
1126 3518 1246 3549 Benedi-

184 3556 282 3601 &ione
300 3555 407 3587 Christi
426 3558 460 3588 &
476 3557 558 3595 ipsius
575 3559 716 3597 adjutorio
731 3581 742 3596 ‚
768 3558 946 3589 celebrentur
963 3557 1104 3595 Sponsalia
1125 3559 1158 3588 &
1178 3557 1246 3587 Ma-

184 3596 603 3666 &ffli't‘ssnz‘aevffl’cffiz
611 3596 821 3673 affigam,
784 3596 1125 3666 jumnlmcfflsfflffiffi
1140 3596 1247 3665 {0²53

185 3682 258 3702 num
278 3671 437 3701 Arthurum
455 3672 602 3710 Principem
615 3656 752 3712 ’Walliae,
769 3673 831 3708 &cn
849 3673 954 3703 Filium
969 3673 1198 3712 primogenitum
1214 3674 1247 3703 &

184 3710 342 3742 Haeredem
358 3709 428 3740 dieti
444 3708 570 3740 Domini
587 3713 665 3748 Regis
687 3711 801 3749 Angliae
816 3734 826 3750 ‚
851 3711 885 3741 &
908 3710 1121 3741 Illustriffimam
1141 3711 1248 3741 Domi-

184 3759 253 3783 nam
277 3748 464 3779 Katherinam
485 3747 584 3777 Filiam
613 3749 756 3789 ,Quartam
776 3748 958 3788 praefatorum
979 3751 1056 3787 Regis
1079 3748 1118 3783 ὠ-
1141 3753 1248 3787 Reginae

186 3786 326 3827 castellae,
345 3788 486 3824 Legionis,
504 3789 684 3825 Aragimum,
701 3787 797 3819 Siciliae
811 3811 822 3825 ‚
840 3785 901 3821 &cn
920 3787 991 3817 curn
1007 3789 1046 3818 ad
1060 3787 1192 3818 AEtatern
1211 3788 1249 3817 le-

188 3827 328 3864 gittimam
346 3825 543 3864 pervenerint;
568 3824 608 3855 Et
625 3825 706 3862 quod
720 3847 731 3863 ‚
749 3825 818 3856 crim
836 3824 964 3863 praediffi
980 3825 1105 3856 Domini
1123 3829 1248 3856 Arnerus

191 3864 226 3894 ἃ.
243 3864 395 3896 catherina
411 3863 594 3902 pervenerint
609 3863 643 3892 ad
663 3862 816 3901 AEtatem,
841 3864 871 3893 in
898 3873 954 3900 qua
976 3864 1014 3894 de
1034 3863 1103 3902 Jure
1128 3865 1174 3895 vel
1192 3864 1249 3894 Di-

188 3901 359 3938 spmsatione
375 3901 543 3940 Apostolica
556 3900 697 3939 sponsalia
713 3901 751 3932 de
767 3901 865 3932 futuro
883 3901 1050 3934 contrahere
1067 3902 1188 3940 possint,
1203 3912 1248 3933 ea-

188 3939 258 3970 deni
275 3941 416 3979 Sponsalia
433 3950 482 3980 per
498 3940 585 3971 verba
601 3939 637 3970 de
655 3940 752 3971 futuro
769 3938 940 3970 contrahent
959 3949 1009 3978 per
1025 3939 1088 3972 suos
1107 3940 1247 3973 Procura-

186 3986 262 4008 tores
276 3979 311 4010 εἰ
328 3979 466 4013 Nuneios
484 3979 608 4018 ligitime
625 3977 661 4009 ad
679 3978 738 4009 hoc
756 3978 907 4015 specialiter
929 3978 1109 4010 constitutos.

225 4016 315 4047 ITEM
330 4041 341 4054 ‚
357 4017 578 4050 Concordatum
597 4017 631 4048 &
650 4015 827 4047 conclusum
844 4014 886 4046 est
902 4016 983 4054 quod
997 4017 1105 4054 praefati
1123 4017 1248 4049 Domini

184 4054 248 4084 Rex
272 4053 311 4088 ὁ·
329 4058 432 4094 Regina
449 4055 572 4095 Castellae
584 4079 595 4093 ,
612 4058 739 4098 Legiqnis
751 4078 763 4091 ,
781 4057 943 4091 Aragonum
955 4076 965 4092 ‚
983 4054 1080 4086 Sicilia!
1093 4077 1104 4094 ‚
1117 4056 1178 4090 &c.
1195 4065 1248 4094 pro

179 4093 315 4131 praedifl‘a
335 4096 454 4125 Domina
471 4094 619 4126 catherina
643 4093 711 4124 Filia
728 4092 771 4124 sua
784 4115 794 4130 ,
819 4095 851 4123 ὅ(
872 4092 1000 4131 praefatus
1018 4093 1167 4126 Dominus
1184 4097 1244 4125 Rex

765 2443 968 2474 nichilominus
985 2443 1016 2472 in
1037 2441 1086 2473 suo
1098 2441 1229 2473 Robore

1255 176 1722 255 PussttcA.
2260 233 2312 277 23

1247 291 1361 344 Angliae
1380 303 1434 331 pro
1451 296 1597 333 praelibato
1615 301 1730 329 Domino
1755 301 1874 340 Principe
1900 304 2010 335 Arturo
2035 302 2107 336 Filio
2133 300 2184 336 suo
2198 329 2208 345 ,
2233 314 2300 346 pro-

1247 338 1364 372 mittunt
1382 342 1550 372 procurare,
1569 336 1679 374 ficere,
1697 348 1808 376 curare,
1827 342 1860 371 ὃ(
1876 341 1999 374 laborare
2015 345 2095 381 quod
2113 343 2187 374 dicia
2204 345 2298 382 Spon-

1245 366 1307 397 salia
1325 369 1559 415 *de-futurofiant
1581 374 1613 403 δε
1639 376 1813 407 celebrentur
1839 379 1908 409 cum
1934 382 1966 411 ad
1992 382 2153 419 praedictam

1245 405 1373 450 praediciti
1390 407 1511 450 Domini
1529 415 1652 455 Arturut
1672 414 1703 444 ὃς
1722 416 1870 456 thherina
1889 421 2066 454 pervenerint
2085 431 2091 449 ι
2129 419 2165 451 Et
2192 424 2271 458 quod
2287 445 2297 459 ‚

1246 452 1318 473 cum
1334 444 1443 488 fuerint¹
1455 446 1558 477 AEtatis
1577 449 1709 487 legitimae
1727 454 1839 489 (scilicet
1851 477 1860 491 ,
1883 456 1972 485 dictus
1993 457 2134 488 Dominus
2152 461 2298 489 Arthurus

1247 481 1484 527 Qatuordecim·
1496 485 1647 516 Annorum
1661 511 1670 525 ,
1687 490 1719 519 &
1737 491 1812 520 dic-‘ta
1828 492 1959 522 Domina
1976 497 2112 525 Katerina
2134 497 2297 528 Duodecim

1247 520 1411 565 Annorum)
1431 522 1534 552 facient
1548 547 1557 559 ,
1574 527 1741 569 contrahent
1759 551 1767 565 ‚
1794 530 1826 560 ὃς
1842 531 2023 562 celebrabunt
2043 535 2211 570 praediffihm
2232 536 2301 566 Μςμ

1248 567 1417 589 trimonium
1436 570 1484 598 per
1502 560 1526 590 V
1529 563 1593 603 erb}
1611 563 1646 592 de
1666 567 1788 598 pritienti
1804 589 1813 603 ,
1842 568 1994 598 secundum
2018 580 2128 601 morem
2157 574 2301 604 Sati-olan-

1247 597 1304 640 (ἷζε
1321 597 1464 642 Romanae
1484 598 1634 643 Ecclesiae:
1653 600 1690 631 Et
1707 604 1784 644 quod
1805 606 1899 639 postca
1916 607 1981 637 iliud
2001 618 2046 644 per
2065 610 2134 646 ipsos
2153 614 2301 642 consuma-

1246 635 1339 674 bitur,
1355 646 1385 667 ut
1404 646 1476 667 mter
1494 637 1666 674 legittimum
1685 640 1783 669 Virum
1800 644 1832 672 ὃς
1855 643 1985 675 Uxorem
2004 646 2061 675 fieri
2078 648 2177 679 debeat

1286 674 1363 713 Qae
1381 677 1479 705 omnia
1493 677 1619 713 praedicti
1638 676 1761 708 Domini
1782 682 1840 707 Rex
1855 680 1892 714 ὠ·
1910 686 2010 719 Regina
2036 685 2155 723 castellae
2180 673 2186 679 ¹
2206 690 2301 718 Leno-

1247 715 1288 741 nis
1305 736 1314 751 ,
1343 717 1506 758 Aragonum
1519 737 1528 752 ,
1553 714 1650 744 Sicilire
1667 738 1676 752 ,
1699 714 1759 749 &c.
1781 718 1812 746 ὅ(
1830 720 1889 746 Rex
1906 721 2017 757 Anglae
2036 745 2045 758 ‚
2070 724 2101 753 ὃς
2121 710 2302 764 υῃέᾗωίξυε

1246 761 1350 794 eorum
1370 751 1542 783 Promittunt
1559 754 1592 784 ὃς
1611 753 1753 785 Promittit
1771 765 1921 791 procurare
1947 759 1979 788 &
2003 761 2096 790 ficere
2116 773 2167 798 pro
2186 762 2302 794 Vjiibus

1248 789 1313 833 suis¹
1334 792 1416 820 omni
1433 790 1503 821 dolo
1522 801 1555 821 ac
1574 792 1687 830 fraude,
1705 794 1872 824 cavilatione
1883 818 1892 831 ,
1908 795 2039 826 dilatione
2054 821 2062 834 ,
2079 801 2111 829 ὅ(
2129 801 2303 832 stimulatione

1248 837 1282 858 ce
1307 830 1418 860 antibus
1433 852 1443 867 ,
1468 830 1517 860 sub
1536 829 1635 860 Poenis
1653 832 1685 861 ὃς
1704 830 1834 862 Ceniiiris
1849 832 1926 862 Sedis
1943 834 2118 871 Apostolicae
2134 861 2142 874 ,
2169 840 2201 869 ὅ(
2221 842 2303 869 etiam

1249 868 1282 910 in¹
1298 867 1438 904 praesentia
1455 867 1586 899 Duarum
1606 868 1791 900 Personarum
1810 870 2015 908 fidedignarum
2036 875 2063 902 in
2080 875 2220 905 Dianitare
2235 887 2306 906 con-

1250 904 1407 950 stitutarum
1423 928 1433 944 ,
1457 915 1540 944 atque
1564 917 1662 937 coram
1683 907 1806 938 Duobus
1824 910 2002 941 Auctoritate
2020 909 2184 948 Apostoiica
2202 915 2306 945 Tabel-

1250 944 1374 987 liquibus
1390 944 1424 975 ad
1440 944 1498 975 hoc
1516 945 1667 982 specialiter
1684 949 1698 962 *
1726 948 1832 978 vocatis
1845 971 1854 985 ,
1877 948 2072 986 Juramentum
2097 954 2244 987 corporale
2266 963 2305 982 ta-

1253 983 1304 1012 etis
1322 982 1510 1014 Sacrosancstis
1527 983 1685 1022 Evangeliis
1705 986 1872 1021 praestabunt
1888 999 1898 1025 3
1927 988 2007 1025 super
2026 998 2080 1025 qua
2099 989 2212 1027 quidem
2226 990 2305 1027 Jura-

1252 1022 1343 1051 menti
1369 1021 1546 1058 praestatione
1572 1023 1657 1052 iidem
1685 1023 1866 1054 Tabelliones
1890 1036 1978 1056 unum
1999 1028 2040 1056 vel
2061 1028 2137 1064 plura
2157 1028 2306 1058 Publicum

1253 1059 1299 1088 vel
1316 1058 1433 1090 Pubiica
1451 1059 1671 1091 Instrumentum
1687 1062 1732 1092 vel
1748 1062 1953 1101 instrumenta,
1970 1065 2004 1095 ad
2028 1065 2208 1102 praefatorum
2231 1070 2307 1104 Regis

1253 1095 1291 1131 ὠ·
1306 1099 1412 1134 Regiaae
1438 1098 1575 1138 Castellae,
1593 1101 1734 1138 Legionis,
1752 1104 1930 1139 Aragonum,
1949 1102 2061 1140 Sicilie,
2083 1105 2115 1134 ὃ(
2141 1107 2218 1141 Regis
2240 1109 2307 1134 An-

1249 1134 1332 1178 gliae,
1350 1145 1398 1166 aut
1414 1137 1528 1174 alicujus
1547 1147 1648 1168 eorum
1665 1160 1685 1181 ,Η
1697 1148 1743 1168 aut
1761 1149 1810 1176 per
1829 1150 1929 1170 eorum
1952 1140 2158 1179 Deputatorum
2179 1143 2307 1180 Requiri-

1253 1183 1363 1217 tionem
1378 1196 1388 1211 ,
1413 1174 1554 1206 conficere
1567 1198 1577 1213 ‚
1601 1176 1633 1206 &
1652 1176 1700 1206 his
1719 1178 1766 1207 vel
1783 1177 1820 1207 Ei
1839 1178 1875 1209 fic
1893 1178 2116 1217 Requirentibus
2135 1182 2179 1212 vel
2201 1182 2308 1220 Requi-

1253 1210 1406 1243 renti.dare
1419 1214 1452 1244 ὃς
1467 1214 1572 1244 tradere
1589 1223 1739 1245 teneantur.

1287 1249 1381 1294 immi
1399 1274 1408 1287 ,
1434 1251 1475 1280 est
1495 1251 1712 1283 Concordatum
1730 1254 1762 1284 ὃς
1782 1253 1957 1286 Conclusum
1975 1256 2056 1293 quod
2078 1258 2226 1287 memorati
2246 1257 2311 1287 Do-

1254 1298 1325 1318 mini
1342 1288 1483 1332 Castellae‚
1498 1293 1622 1327 Legionis
1632 1313 1641 1327 ‚
1657 1295 1832 1329 Aragonum,
1848 1293 1942 1323 Sitiliae
1952 1317 1960 1332 ,
1977 1294 2036 1328 ἀνι.
2072 1298 2131 1324 Rex
2154 1293 2192 1329 &¹
2207 1299 2317 1332 Regina,

1254 1328 1322 1357 dent
1340 1337 1368 1356 in
1391 1327 1500 1357 Dotem
1519 1338 1586 1358 cum
1600 1330 1731 1367 praeatsscta
1755 1331 1904 1361 Catherina
1925 1332 1991 1363 Filia
2013 1333 2058 1363 sua
2075 1336 2201 1362 Ducenta
2227 1334 2313 1363 Mra-iz

1255 1369 1393 1395 Scutorum
1410 1369 1487 1395 Auri
1502 1367 1622 1400 (valente
1636 1379 1786 1408 unoquoque
1802 1372 1877 1399 Scuto
1899 1371 2030 1410 ‘Qtatuor
2053 1371 2152 1401 Solidos
2176 1370 2214 1406 ό·
2237 1374 2316 1402 Βιιω·

1256 1406 1391 1446 Denarius
1407 1404 1607 1441 Sterlingorum)
1625 1406 1682 1436 hoc
1699 1408 1789 1437 modo
1802 1407 1954 1446 solvendaz,
1975 1410 2120 1447 videlicet,

1295 1441 1478 1472 Medietatem
1499 1444 1701 1480 praedictorum
1727 1447 1908 1476 Ducentorum
1934 1446 2015 1476 Mille
2040 1452 2178 1477 Scutorum
2193 1445 2315 1486 praefato

1258 1481 1382 1523 pomino·
1394 1482 1458 1517 Regi
1479 1482 1523 1510 vel
1543 1483 1598 1518 ejus
1617 1483 1650 1512 ad
1668 1483 1726 1512 hoc
1746 1484 1896 1519 specialiter
1916 1485 2060 1524 Deputato
2078 1487 2122 1516 vel
2142 1486 2290 1522 Deputatis
2306 1508 2317 1524 ,

1257 1527 1287 1547 m
1302 1517 1424 1561 Oppido
1443 1517 1589 1549 Bristolliae
1606 1521 1648 1549 vel
1668 1520 1879 1560 Sutbantoniae,
1897 1524 1942 1553 vel
1962 1526 1990 1553 in
2009 1524 2064 1554 alio
2077 1524 2168 1555 Portu
2187 1525 2319 1562 Angliae,

1259 1556 1307 1586 ubi
1327 1556 1461 1592 praedicta
1480 1560 1601 1587 Domina
1615 1558 1763 1588 Catherina
1779 1562 1874 1596 primo
1891 1562 2016 1592 traducta
2034 1563 2132 1594 fuerit,

1293 1595 1420 1625 Alteram
1445 1598 1518 1626 vero
1543 1595 1727 1626 Medietatem
1756 1599 1898 1634 praediciae
1923 1599 2011 1629 Dotis
2044 1595 2179 1632 dent'&
2210 1601 2319 1632 solvent

1257 1633 1378 1670 praefato
1396 1632 1531 1664 Domino
1547 1636 1611 1672 Regi
1626 1634 1739 1676 Angliae
1759 1636 1801 1665 vel
1822 1640 1931 1666 Arturo
1952 1638 2024 1667 Filio
2042 1639 2092 1668 suo
2111 1639 2319 1677 primogenito,

1258 1672 1304 1701 vel
1320 1681 1423 1715 eorum
1438 1671 1585 1710 Deputatis
1600 1696 1609 1711 ,
1635 1675 1704 1704 intra
1728 1673 1878 1706 Biennium
1898 1687 1912 1706 a
1938 1685 2068 1714 tempore
2085 1677 2227 1714 praedic‘tae
2245 1677 2319 1707 Tra³

1258 1709 1401 1740 dudilonis
1418 1711 1629 1748 computando:

1296 1747 1335 1778 Et
1353 1749 1416 1786 quia
1433 1749 1557 1780 asseritur
1576 1760 1626 1787 per
1643 1752 1791 1789 praefatum
1810 1751 1973 1782 Dostorem
1993 1752 2147 1782 Rodericum
2171 1752 2323 1792 Gundesbl-

1260 1786 1337 1816 vide
1350 1787 1469 1826 Pueblu,
1487 1787 1640 1819 Oratorem
1657 1791 1838 1826 praefatorum
1855 1789 2054 1821 Doniinorum
2068 1795 2145 1828 Regis
2159 1790 2197 1825 &²
2213 1795 2257 1821 Re=
2269 1796 2321 1821 inae

1261 1824 1398 1864 Castellae,
1416 1828 1558 1864 Legionis,
1576 1830 1738 1864 Aragonum
1755 1852 1764 1866 ,
1782 1828 1877 1859 Siciliae
1889 1852 1898 1866 ,
1916 1828 1975 1864 &a
1996 1831 2024 1858 in
2042 1829 2188 1867 Jooelibus
2202 1852 2212 1868 ‚
2258 1830 2322 1860 esti-

1262 1863 1331 1901 bus,
1350 1864 1562 1902 Sumiettibus,
1581 1867 1614 1896 &
1630 1868 1686 1896 aliis
1704 1866 1902 1904 Ornamentis,
1921 1877 1970 1904 per
1988 1866 2044 1897 suas
2065 1867 2234 1906 Magestates
2253 1878 2321 1898 cum

1262 1902 1374 1938 praefata
1394 1905 1513 1932 Domina
1525 1903 1674 1933 Catherina
1690 1905 1757 1935 Filia
1775 1906 1819 1936 sua
1838 1906 2000 1941 mittendis,
2018 1908 2050 1936 δε
2067 1907 2147 1943 quod
2169 1907 2229 1936 aliae
2246 1907 2321 1935 Tres

1261 1940 1360 1983 Partes,
1378 1940 1463 1970 dietae
1481 1941 1567 1971 Dotis
1592 1943 1621 1971 di
1630 1943 1715 1973 beant
1733 1944 1804 1974 solvi
1831 1946 1860 1974 in
1886 1945 1964 1973 Auro
1985 1946 2017 1974 ὅ(
2034 1944 2163 1980 Argento
2178 1945 2211 1975 ὃς
2228 1943 2323 1974 Gem-

1263 1979 1335 2016 mis,
1349 1978 1426 2016 justo
1441 1980 1542 2010 Precio
1564 1982 1714 2018 extimatis,
1732 1990 1763 2012 ut
1785 1983 1840 2020 ipse
1861 1982 1951 2012 asserit
1976 1982 2054 2012 finde
2076 1981 2263 2013 Conventum
2288 1983 2321 2012 ὃ(

1262 2015 1439 2047 Conclusum
1461 2019 1532 2048 inter
1549 2017 1627 2049 Eum
1641 2020 1673 2050 ὃ(
1688 2019 1892 2051 Reverendum
1911 2020 2075 2050 Dominum
2089 2023 2235 2050 Ricardum
2255 2023 2322 2057 Epi-

1260 2055 1362 2094 [iopam
1376 2057 1554 2096 Exonienfim
1577 2067 1609 2087 ac
1631 2057 1795 2088 Dominum
1818 2060 1921 2090 Privati
1943 2059 2028 2098 Sigilli
2041 2083 2051 2096 ,
2069 2061 2117 2096 qui
2139 2060 2173 2088 ad
2196 2060 2253 2089 hoc
2275 2060 2326 2089 fuit

1263 2093 1422 2132 Deputatus
1447 2105 1494 2131 per
1518 2095 1666 2133 praefatum
1688 2096 1851 2128 Dominum
1873 2101 1968 2134 Regem
1992 2096 2105 2133 Angliae
2122 2119 2131 2134 ‚
2159 2098 2192 2127 &
2218 2097 2327 2134 praefati

1263 2132 1399 2163 Oratores
1427 2132 1496 2163 dicti
1522 2136 1600 2170 Regis
1626 2134 1738 2171 Angliae
1761 2136 1828 2166 huic
1858 2136 2010 2165 Aii'errioni
2038 2135 2234 2165 contradicunt
2250 2158 2260 2174 ,
2285 2135 2326 2165 est

1264 2170 1484 2201 Concordatum
1497 2173 1531 2203 &
1545 2172 1723 2203 Conclusum
1741 2173 1821 2212 quod
1836 2173 1942 2203 Veritas
1964 2174 2045 2210 hujus
2062 2174 2182 2203 Articuli
2200 2175 2327 2204 comitti-

1265 2219 1310 2240 tur
1327 2209 1425 2252 Verbo
1440 2209 1518 2239 Fidei
1535 2211 1568 2242 &
1582 2210 1752 2248 Juramento
1767 2212 1891 2249 praedicsti
1903 2211 2021 2250 Epzfiopi
2038 2211 2196 2253 Exonienfis
2218 2212 2327 2242 Domi*

1266 2250 1295 2278 rii
1311 2248 1416 2284 praefati
1430 2247 1534 2286 sigilii,
1553 2259 1631 2287 cujus
1647 2248 1838 2281 Declarationi
1860 2249 1954 2280 stetur.

1304 2285 1393 2316 ITEM
1411 2308 1420 2323 ‚
1445 2288 1508 2324 quia
1531 2297 1580 2324 per
1607 2287 1753 2324 praefatum
1778 2287 1942 2319 Doti-orem
1965 2288 2118 2318 Oratorem
2141 2288 2323 2325 praefatorum

1266 2323 1464 2354 Dominorurn
1483 2328 1559 2362 Regis
1580 2324 1618 2359 όν
1637 2328 1745 2363 Reginae
1768 2326 1908 2365 Castellae,
1927 2329 2067 2363 Legionis,
2085 2329 2263 2364 Aragonum,
2281 2329 2324 2361 Si-

1265 2362 1350 2400 ciliae,
1374 2361 1434 2397 &a
1455 2363 1506 2393 fuit
1530 2363 1708 2400 Propoiiturn
1734 2366 1814 2402 quod
1829 2388 1839 2403 ,
1863 2365 1999 2395 Nomine
2023 2366 2157 2395 Arrarum
2173 2387 2182 2402 ,
2197 2365 2325 2401 daretur,

1265 2411 1315 2439 per
1328 2401 1495 2438 pra-dictum
1512 2401 1674 2432 Dominum
1689 2405 1784 2439 Regem
1806 2402 1919 2441 Angliae
1940 2405 1971 2432 <Sc
1996 2402 2160 2433 Dominum
2180 2405 2329 2440 Principem

1267 2443 1408 2469 Arturum
1422 2440 1478 2477 ejus
1493 2439 1594 2469 Filium
1611 2440 1695 2470 distae
1709 2441 1852 2472 Dominae
1867 2441 2021 2471 catherinae
2034 2443 2090 2479 ejus
2099 2440 2329 2478 Sponsae,prop-

1268 2486 1310 2509 ter
1322 2477 1478 2508 Honorem
1493 2479 1548 2508 suae
1565 2478 1713 2516 Personae,
1733 2479 1873 2510 Medietas
1890 2480 1935 2510 vel
1948 2480 2042 2510 saltem
2059 2479 2160 2509 Tertia
2177 2479 2244 2509 Pars
2259 2489 2331 2516 prae-

1268 2516 1354 2547 dicstae
1372 2515 1476 2553 Dotis,
1492 2518 1568 2553 juxta
1584 2516 1703 2547 Morem
1717 2518 1749 2548 ὅ(
1765 2517 2010 2549 Consuetudinem
2034 2517 2219 2548 universaliter
2243 2518 2272 2547 in
2295 2517 2330 2547 fi-

1269 2555 1382 2585 milibus
1397 2554 1514 2585 Casibus
1530 2556 1599 2585 inter
1609 2554 1753 2594 Principes
1767 2557 1960 2594 observatam,
1975 2555 2010 2585 ad
2024 2556 2102 2594 quod
2117 2566 2165 2593 per
2181 2555 2332 2593 praedinftos

1269 2592 1405 2624 Oratores
1420 2593 1488 2623 diffl
1504 2593 1627 2623 Domini
1640 2596 1716 2632 Regis
1727 2594 1840 2632 Angliae
1853 2595 1907 2625 fuit
1926 2594 2122 2632 Responsum,
2140 2593 2221 2632 quod
2233 2594 2331 2624 secun-

1270 2631 1341 2662 dum
1358 2631 1603 2662 Consuetudinem
1620 2631 1713 2670 Regni
1728 2634 1841 2671 Angliae
1856 2633 1992 2671 praedich
2006 2632 2094 2662 Datio
2112 2633 2246 2662 Arrarum
2268 2642 2331 2662 non

1270 2670 1441 2706 admittitur,
1459 2670 1504 2700 sed
1523 2670 1602 2707 quod
1619 2671 1683 2708 post
1700 2670 1978 2709 Solempnisationem
1995 2670 2174 2701 Matrimonii
2190 2670 2231 2700 est
2251 2671 2332 2701 habi-

1271 2717 1331 2739 tura
1346 2709 1477 2746 praedicta
1491 2711 1608 2737 Domina
1624 2709 1791 2748 Catherina,
1809 2719 1840 2740 ut
1862 2708 2026 2745 Principiffa
2051 2709 2179 2748 Angli-x,
2199 2709 2330 2739 Tertiam

1270 2746 1386 2777 Partem
1404 2746 1580 2784 Principatiis
1597 2747 1728 2784 Wauiae,
1747 2749 1780 2778 &
1797 2747 1928 2779 Ducatsis
1948 2747 2124 2785 Comubiae,
2143 2748 2176 2777 ὃ(
2201 2747 2331 2778 Comita-

1271 2784 1317 2816 tus
1332 2784 1466 2824 Cestriae,
1487 2795 1552 2822 quae
1574 2783 1673 2816 Tertia
1696 2784 1762 2816 Pars
1786 2787 1925 2825 ascendit,
1944 2786 2054 2824 singulis
2078 2786 2183 2823 Annis,
2202 2787 2230 2815 in
2255 2785 2333 2815 Red-

1270 2824 1373 2854 ditibus
1397 2823 1482 2861 usque
1503 2824 1538 2853 ad
1559 2823 1706 2854 Summam
1735 2827 1842 2861 Viginti
1866 2824 1904 2859 ὠ·
1926 2828 2040 2865 quinque
2056 2823 2158 2861 Milia,
2176 2826 2218 2853 vel
2236 2823 2332 2854 saltem

1274 2865 1380 2899 Viginti
1394 2860 1431 2896 ὠ
1448 2866 1504 2892 tria
1521 2861 1606 2891 Milia
1613 2863 1804 2899 p-aedic‘lorum
1821 2867 1975 2900 Scatonem,
1992 2867 2024 2892 ὀί
2039 2863 2117 2900 quod
2132 2863 2194 2891 haec
2215 2862 2331 2899 Tertia,

1274 2900 1528 2937 Contemplatione
1548 2901 1728 2937 praefatorum
1754 2900 1953 2931 Dominorum
1972 2903 2050 2936 Regis
2071 2899 2109 2935 ὠ
2138 2903 2247 2937 Reginae
2274 2902 2332 2936 ejis

1274 2938 1444 2976 Parentum,
1462 2937 1661 2976 assignabitur,
1680 2939 1755 2969 &in
1779 2940 1861 2969 bonis
1882 2938 1980 2975 Villis,
1999 2939 2112 2975 Terris,
2131 2939 2163 2969 &
2187 2937 2333 2968 Dominiis

1273 2977 1478 3015 praedistorum
1498 2975 1694 3014 principatus,
1722 2976 1876 3014 Ducatfis,
1904 2978 1936 3007 &
1955 2975 2119 3007 Comitatus
2143 2977 2229 3006 taliter
2253 2976 2333 3013 quod

1275 3016 1434 3047 Proventus
1452 3014 1588 3045 Villarum
1602 3037 1612 3052 ‚
1629 3015 1785 3045 Terrarum
1801 3039 1809 3052 ‚
1837 3017 1870 3046 &
1890 3015 2099 3045 Dominiorum
2118 3014 2166 3044 fibi
2187 3014 2333 3053 assignato-

1276 3064 1340 3084 rum
1360 3054 1411 3084 sirit
1429 3054 1627 3091 aequivalentes
1645 3052 1832 3083 Proventibus
1851 3054 1995 3091 praedictae
2015 3053 2126 3084 Tertiae
2146 3053 2235 3083 Partis
2261 3063 2334 3090 prae-

1276 3093 1422 3123 dic‘torum
1442 3091 1635 3129 Principatsis,
1650 3091 1796 3129 Ducaisis,
1813 3093 1847 3123 ὃ(
1865 3091 2028 3122 Comitatus
2045 3101 2051 3120 τ
2087 3091 2124 3122 Et
2141 3091 2238 3130 quod,
2256 3091 2335 3128 post-

1279 3141 1364 3169 quam
1381 3131 1457 3161 dicCia
1471 3133 1588 3159 Domina
1607 3132 1744 3159 Katerina
1760 3130 1842 3160 fuerit
1867 3131 1978 3170 Regina
1994 3153 2003 3166 ‚
2030 3130 2139 3160 dabitur
2167 3130 2201 3160 δε
2228 3130 2336 3160 habun-

1277 3170 1386 3201 dantius
1404 3170 1473 3199 ultra
1494 3168 1629 3198 Valorem
1648 3169 1793 3206 praedietae
1810 3169 1919 3199 Tertiae
1937 3168 2025 3199 Partis
2040 3193 2049 3206 ,
2073 3169 2149 3205 juxta
2172 3167 2334 3198 Consuetu-

1279 3208 1379 3238 dinem
1396 3208 1510 3237 aliarum
1531 3206 1705 3243 Reginarum
1724 3207 1822 3241 Rettni
1841 3208 1966 3246 Angliae:
1988 3206 2026 3236 Er
2038 3231 2048 3243 ,
2064 3207 2084 3236 si
2099 3206 2248 3236 disolvatur
2269 3206 2335 3237 Ma-

1279 3248 1447 3277 trimonium
1467 3255 1515 3283 per
1534 3245 1658 3275 Obiturri
1679 3246 1748 3276 dit-“ti
1766 3245 1890 3276 Domini
1910 3245 2034 3275 Arthuri
2052 3244 2140 3282 (quod
2160 3244 2239 3274 Deus
2257 3254 2336 3274 aver-

1277 3286 1327 3321 tat)
1347 3285 1457 3315 dabitur
1473 3286 1497 3313 ei
1516 3283 1615 3314 Tertia
1633 3283 1698 3314 Pars
1714 3284 1888 3314 Reddituum
1902 3285 1935 3314 ὃ(
1952 3283 2147 3313 Proventuum
2166 3282 2260 3320 Regni
2274 3281 2336 3312 Co-

1278 3333 1359 3354 ronae
1386 3323 1496 3362 Aug-§ize
1512 3345 1522 3357 ,
1547 3323 1703 3352 secundun:
1729 3323 1809 3360 quod
1834 3322 1972 3352 assuetum
1999 3320 2039 3351 est
2064 3322 2123 3350 dari
2141 3319 2197 3350 aliis
2218 3321 2337 3358 Reginis

1280 3362 1413 3401 Angliae3
1437 3361 1477 3392 est
1502 3360 1720 3391 Concordatum
1747 3364 1780 3391 ὃς
1797 3360 1972 3391 Conclusum
1992 3359 2071 3396 quod
2089 3360 2119 3388 in
2138 3359 2196 3389 hoc
2213 3359 2334 3390 servetur

1279 3410 1346 3431 cum
1365 3401 1438 3430 ditia
1457 3402 1574 3429 Domina
1593 3399 1741 3429 catherina
1761 3398 1927 3436 Principissa
1945 3398 2023 3435 quod
2041 3397 2207 3427 consuetum
2228 3398 2270 3427 est
2286 3397 2336 3428 fie-

1281 3441 1303 3469 ri
1322 3448 1389 3469 cum
1408 3439 1465 3468 aliis
1482 3437 1654 3476 Principiffis
1672 3437 1784 3474 Angliae
1801 3462 1809 3475 ,
1836 3437 1998 3466 dumtamen
2024 3435 2197 3472 assignentur
2215 3436 2264 3466 sibi
2283 3437 2337 3466 bo-

1282 3488 1328 3508 nae
1347 3476 1448 3515 Villae,
1466 3477 1567 3506 Terrae
1579 3499 1587 3513 ,
1604 3477 1637 3506 δε
1657 3476 1795 3506 Dominia
1813 3485 1864 3512 pro
1885 3475 2016 3512 praediiia
2033 3475 2132 3504 Tertia
2152 3473 2233 3505 Parte
2246 3495 2255 3512 ,
2272 3482 2337 3512 quae

1282 3516 1431 3546 ascendant
1451 3516 1479 3545 in
1499 3514 1663 3545 Redditibus
1682 3514 1792 3553 singulis
1810 3514 1899 3544 Annis
1919 3516 2003 3550 usque
2020 3512 2054 3542 ad
2069 3512 2176 3543 dietam
2189 3512 2339 3543 Summam

1284 3557 1389 3591 Viginti
1403 3553 1532 3594 Qinque
1546 3552 1660 3590 Millia,
1677 3554 1722 3583 vel
1742 3552 1837 3582 saltem
1856 3553 1961 3587 Viginti
1976 3550 2014 3585 ὠν
2035 3554 2103 3580 Tria
2126 3550 2223 3580 Millia
2240 3551 2340 3589 predi-

1282 3594 1384 3623 aarum
1404 3597 1542 3622 Scutorum
1564 3591 1707 3621 dierorum
1726 3588 1919 3627 Principatiis,
1938 3588 2086 3626 Ducatfis,
2103 3590 2136 3620 &
2155 3588 2339 3627 Comitatus,

1282 3640 1314 3661 ut
1338 3630 1507 3668 praediCtum
1534 3628 1595 3665 est,
1621 3630 1653 3659 ὅς
1679 3637 1746 3658 cum
1772 3628 1946 3665 competenti
1974 3627 2196 3665 Melioratione‚
2228 3628 2340 3658 attentis

1282 3669 1420 3707 Progenie
1439 3670 1472 3699 &
1492 3667 1569 3698 Statu
1588 3666 1768 3703 praefatorum
1790 3666 1985 3696 Dominorum
2005 3668 2082 3704 Regis
2095 3665 2134 3701 ὠ·
2158 3669 2264 3701 Reginae
2284 3667 2338 3694 Ca-

1275 3707 1379 3747 stellae,
1398 3709 1540 3744 Legionis,
1558 3708 1734 3741 Aragonum,
1753 3703 1864 3741 Sicilie,
1883 3703 1942 3738 &a
1962 3704 2114 3734 Parentum
2135 3705 2256 3741 prtePatae
2277 3706 2338 3732 Da-

1283 3751 1361 3776 minae
1378 3748 1534 3780 Katerinae,
1552 3744 1604 3780 δε,
1619 3752 1687 3772 cum
1708 3742 1819 3780 praefata
1834 3745 1953 3772 Domina
1973 3742 2129 3772 Katherina
2152 3742 2233 3772 fuerit
2249 3741 2339 3779 Regi-

1283 3794 1345 3823 na,
1369 3784 1550 3815 observentur
1575 3790 1642 3811 cum
1668 3791 1700 3810 ea
1725 3781 1783 3810 tam
1808 3780 1956 3811 constante
1982 3780 2171 3810 Matrimonio
2190 3781 2277 3817 quim
2295 3780 2340 3810 soa

1282 3823 1345 3853 luto
1361 3847 1372 3861 ,
1399 3820 1476 3861 quod
1495 3829 1562 3851 cum
1581 3819 1636 3848 aliis
1659 3818 1778 3856 Reginis
1796 3819 1909 3859 Angliae
1928 3819 1988 3850 fieri
2009 3819 2094 3856 solet,
2118 3827 2147 3848 ut
2167 3818 2339 3856 praedicltum

1289 3860 1429 3935 εἰρῖτεκι,
1447 3894 1663 3926 Concordatum
1681 3896 1714 3926 ὅτ.
1733 3894 1910 3926 Conclusum
1930 3895 1970 3925 est
1989 3894 2067 3933 quod
2084 3919 2093 3932 ,
2113 3903 2165 3931 pro
2183 3893 2337 3925 securitate

1282 3937 1369 3968 dicaeae
1383 3936 1536 3967 Solutionis
1557 3934 1577 3952 4
1596 3932 1680 3963 dietae
1697 3933 1784 3963 Dotis
1796 3957 1805 3969 ,
1831 3934 1936 3971 praefati
1955 3933 2077 3963 Domini
2102 3935 2161 3962 Rex
2178 3932 2216 3967 ὠν
2234 3934 2334 3970 Regina

1282 3975 1418 4016 Castellae,
1435 3976 1573 4010 Legionis,
1593 3975 1769 4010 Aragmm,
1787 3972 1898 4008 Sit-dm,
1915 3968 1974 4006 ἀι.
1994 3970 2130 4009 Obligent
2148 3971 2204 4009 Se,
2223 3970 2257 4001 &
2274 3971 2337 4001 ilios

1283 4014 1418 4044 Haeredes
1437 4012 1469 4041 &
1484 4009 1664 4041 Successor&
1680 4031 1690 4047 ‚
1716 4011 1748 4040 &
1773 4010 1849 4040 Bona
1873 4009 1916 4040 sua
1936 4009 2140 4040 Patnmonialia
2158 4011 2191 4039 ὃς
2211 4009 2338 4046 fiscalia,

1282 4063 1315 4083 ac
1333 4053 1410 4083 Bona
1429 4049 1614 4080 Subditorum
1640 4049 1753 4079 suorum
1772 4073 1780 4086 ‚
1810 4050 1838 4078 in
1863 4048 1956 4078 forma
1982 4045 2156 4078 Contractus
2177 4046 2335 4080 Garenti'cii

1281 4099 1403 4130 paratam
1421 4089 1620 4119 executionem
1638 4087 1763 4119 habentis
1780 4108 1790 4124 ‚
1809 4086 2038 4124 Promittentque
2056 4086 2106 4117 sub
2124 4085 2192 4117 Fide
2210 4088 2244 4120 δε
2264 4086 2341 4154 νέἑᾷ

2326 307 2402 338 Ann.
2413 304 2455 339 D<

2342 355 2427 384 ¹490·

2170 382 2298 415 AEtatem
2321 390 2384 414 Hm.
2405 395 2429 419 72

2328 960 2339 972 ³
2358 958 2415 984 xli

2329 998 2391 1030 426.

2361 3931 2375 3946 ⁸
2393 3927 2461 3957 XII.
2481 3966 2485 3973 Δ
2530 3964 2534 3973 ¹

2365 3978 2428 4004 427-
