2555 4266
726 216 836 259 ET
918 219 1182 261 ACTA

1263 192 1729 266 PussLicA.
2238 244 2308 282 195

13 308 90 340 Anii.
105 307 145 338 D.
201 302 246 333 Ac
270 302 378 339 insuper
401 300 481 344 quod
506 302 581 332 idem
603 303 797 334 Sereniffimus
822 307 882 334 Rex
908 308 1042 335 Scotorum
1066 306 1165 335 omnia
1179 305 1213 334 &
1251 337 1254 340 ,
1286 302 1394 346 Dantes
1412 306 1523 337 ulterius
1544 309 1579 339 &
1601 307 1800 341 concedentes
1823 313 1923 343 eisdem
1951 315 2051 344 nostris
2073 314 2279 346 Commiffirizd-
2318 313 2392 344 Avi,
2410 314 2450 343 D,

162 341 270 384 {ingulfi¹
280 340 409 377 Scripta,
428 339 549 377 Literas,
566 340 764 384 Munimenta,
779 343 812 372 &
831 343 1036 379 Instrumenta,
1049 343 1214 386 praediftam
1254 339 1362 385 Tribus
1378 344 1410 372 &
1431 343 1551 375 Duobus
1564 357 1664 376 eorum
1682 350 1817 386 (quorum
1831 351 1978 387 praefatum
1995 355 2139 381 Dominum
2153 357 2242 383 Dacre
2259 339 2303 384 vel
2338 361 2424 390 1503.

164 379 362 409 Donationem
377 386 489 416 propter
506 378 647 417 Nuptias,
666 380 889 410 Conceffionem
903 381 1141 412 &Donationem
1150 389 1215 409 om-
1253 378 1354 407 didam
1376 384 1511 410 Decumum
1532 395 1620 414 unum
1641 386 1697 416 elie
1719 388 1863 424 volumus)
1889 390 2065 420 consimilem
2083 391 2254 422 Pori-,starem
2269 394 2302 423 ὃς,
2319 395 2378 418 Hm.
2403 401 2428 423 7-

35 356 118 386 15³3.

25 1486 136 1513 -XtIL

25 1534 72 1561 59·

163 419 245 447 nium
259 417 292 448 &
307 415 483 451 singulorum
503 419 708 453 praedic-storum
729 418 956 456 Dominiorum‚
974 418 1129 454 Villarum,
1147 417 1217 448 Ma·-

166 453 512 492 neriorum,Terrarum,
532 454 761 493 Praediorum,&
778 456 969 491 Reddituum,
987 466 1020 485 ac
1039 455 1218 492 Miffionem,

167 492 382 529 Traditionem,
397 492 430 523 &
444 491 644 524 Induitionem
658 496 686 523 in
701 494 803 523 realem
818 493 1023 524 Poffeffionem
1037 494 1217 529 eorumdem,

167 534 282 562 n'ecnon
295 529 513 567 Suplementum
527 531 672 561 dictorum
689 531 915 568 Dominiorum,
934 529 1217 566 Maneriorum,Vil-

166 570 275 605 larum,
292 568 463 607 Terrarum,
483 569 678 606 Praediorum‚
696 570 730 600 &
742 569 936 605 Reddunum,
953 567 1216 598 Conceffionem&

169 607 364 638 Donationem
387 607 572 643 eorumdem,
592 617 625 637 ac
649 607 831 644 Missionem,
845 606 1059 643 Traditionem,
1078 606 1111 636 δε
1131 604 1219 635 Indu-

170 646 297 675 &ionem
317 645 346 674 in
369 646 473 675 realem
494 644 701 675 Possessionem
722 644 891 675 eorumdem
906 667 916 682 ,
939 645 1140 674 concernentia
1153 667 1162 679 ,
1185 645 1218 674 δε

169 683 322 721 supradicta
339 692 407 714 tunc
420 684 491 713 faeta
503 684 536 713 &
550 683 661 718 habita,
677 683 710 712 &
725 692 788 719 quae
800 682 835 712 de
844 683 904 719 jure
916 682 974 712 fieri
988 683 1123 712 deberent
1132 681 1219 719 ,No-

1257 417 1480 456 Auctoritatem,
1492 429 1540 457 pro
1562 423 1648 451 Nobis
1671 426 1704 454 &
1727 425 1858 455 Nomine
1882 427 1998 465 nostro,
2015 428 2048 457 &
2072 428 2151 458 diHae
2168 430 2244 459 Ftls'ae·
2257 442 2305 459 no-

1255 453 1334 492 strae,
1352 454 1416 490 post
1430 459 1528 486 realem
1544 460 1576 488 ὃ(
1591 462 1764 498 corporalem
1785 462 1989 494 Possessionem
2008 467 2038 495 in
2059 465 2150 496 forma
2168 468 2304 505 praedicu

1258 493 1398 535 habitam,
1412 494 1525 536 nac'tam
1541 497 1573 525 ὃς
1588 498 1732 540 adeptam,
1749 511 1799 538 per
1823 500 2010 533 Instrumenta
2031 507 2186 544 autentica,
2204 516 2304 536 eorum

1259 529 1482 575 &gillis-sigillata
1494 533 1526 561 ὃς
1540 533 1673 577 Manibus
1696 538 1746 568 suis
1771 539 1918 577 subscripta
1929 563 1938 578 ,
1955 540 2142 572 Promittendi
2168 544 2247 581 quod
2258 555 2306 573 ea-

1259 567 1317 596 dem
1336 567 1405 612 Filia
1427 569 1622 612 uostqucitra
1646 574 1756 611 Diem,
1775 578 1846 607 inter
1862 577 1974 608 nostros
1997 580 2031 610 &
2052 580 2119 610 diffi
2135 581 2197 611 Filii
2215 582 2305 612 nostri

1259 604 1474 649 Commislarios
1493 607 1636 638 limitandu
1687 613 1720 641 &
1739 614 1758 631 *
1775 615 1996 654 praefigendum,
2015 626 2065 654 per
2088 619 2192 650 Literas
2205 620 2308 651 Paten-
2321 637 2341 657 ,ς
2378 641 2388 656 v

1260 652 1300 673 tes
1319 644 1420 674 validas
1442 647 1476 677 δε
1498 644 1646 684 efficaces,
1697 651 1814 681 oncedet
1831 676 1840 689 ,
1857 662 1903 683 aut
1919 678 1928 691 ,
1945 655 1964 684 li
1985 655 2095 686 necesse
2117 657 2197 688 fuerit
2210 680 2220 693 ,
2239 659 2309 689 dieti
2323 640 2419 705 63³1

1261 680 1458 713 Commissarii
1476 683 1585 720 nostri,
1604 684 1778 717 Auctoriuoe
1799 692 1952 728 praemissfi,
1970 703 2023 729 pro
2044 695 2154 730 praefata
2174 696 2245 725 Fil'a
2260 708 2308 726 710-

170 723 231 759 bis,
250 721 385 751 nostrove
405 720 611 751 CommiffarIO
624 743 634 756 ,
651 719 852 758 Procuratori,
868 721 912 750 vel
934 720 1083 758 Deputato
1097 743 1106 757 ,
1124 719 1220 750 Com·
1251 719 1315 759 stra
1336 721 1370 750 &
1393 721 1441 751 suo
1464 721 1615 760 Nomine,
1633 722 1736 760 poffint
1757 726 1790 754 ὃς
1811 729 1916 759 valeant
1938 732 2094 760 concedere
2108 756 2116 768 ,
2136 743 2184 769 per
2205 744 2306 765 eorum

170 760 312 798 miliariis,
332 758 582 795 Procuratoribus,
597 757 642 788 vel
668 757 831 798 Deputatis,
845 759 879 788 ad
900 759 957 789 hoc
982 759 1151 789 sufficienter
1172 768 1220 787 au-

171 799 327 835 ctorizans,
343 799 413 827 citra
427 796 594 834 praedictum
607 797 733 833 primurn
754 797 840 826 Diem
852 796 918 834 Julii
928 820 938 832 ,
954 797 988 826 ad
1005 796 1101 826 Usum
1118 796 1222 835 predi·-

172 839 223 866 ἄιε
243 836 320 866 Filiae
337 834 447 874 nrstrae,
463 833 538 870 apud
561 832 662 863 Villam
677 834 799 864 nostram
814 835 933 866 Berwici
944 857 956 872 ,
969 834 1106 865 Traderet
1121 837 1154 867 &
1169 834 1222 864 Li·-

172 875 297 912 beraret,
315 874 442 904 Tradive
454 872 488 902 &
502 871 661 903 Deliberari
673 873 791 911 faceret,

207 947 517 1025 griisriiagffgg'fingula,
535 985 658 1025 superius
682 996 813 1019 contenta
835 988 869 1018 &
888 988 1042 1025 specificata
1055 1012 1064 1027 ‚
1089 989 1148 1019 tam
1172 996 1224 1025 pro

171 1026 253 1057 Parte
269 1026 362 1056 nostra
374 1037 458 1064 quam
472 1030 672 1056 oraenominatae
687 1026 763 1056 Filia¹
778 1026 872 1066 nostre
878 1027 1055 1071 Chariffimfe,
1070 1029 1146 1065 juxta
1153 1028 1224 1069 vim,

140 1100 148 1104 μ
171 1066 298 1095 formam
319 1066 351 1095 ὅτ
371 1058 509 1095 effec'him
529 1065 698 1095 eorumdem
714 1088 724 1103 ‚
741 1065 883 1095 observari
899 1089 909 1103 ‚
932 1075 1044 1104 teneri,
1065 1065 1228 1102 adimpleri,

173 1103 323 1141 debiteque
337 1103 503 1141 Erecqtioni
517 1103 682 1133 demandari
695 1105 856 1142 cupientes,

212 1140 262 1171 De
286 1141 473 1172 Fidelitatibus
485 1164 494 1179 ,
514 1140 655 1171 industriis
670 1166 679 1179 ,
700 1143 734 1173 &
757 1142 880 1179 providis
901 1140 1228 1178 circumspectionibus,

173 1178 357 1210 Dilerssmrum
371 1181 404 1210 &
421 1180 444 1209 F
445 1181 559 1211 idelium
573 1178 804 1210 Consiliariorum
819 1179 1000 1218 nostrorum,
1013 1179 1120 1209 'Ihomae
1138 1182 1229 1208 Dacre

173 1217 297 1248 Domini
310 1219 346 1248 de
358 1217 474 1257 Dacre,
492 1218 602 1248 Roberti
614 1218 764 1247 shfrbourn
778 1217 884 1247 Clerici
901 1217 1012 1248 Decani
1029 1216 1229 1248 EcclefiaeCa-

173 1257 302 1287 thedralis
315 1257 411 1287 Sancti
424 1256 502 1287 Pauli
517 1257 696 1294 Londoniae,
713 1266 764 1293 ac,
782 1256 964 1286 Dilectorum
987 1256 1100 1292 Nobis,
1117 1255 1231 1295 Johan-

175 1298 218 1324 nis
240 1299 413 1335 Cartynton,
430 1297 464 1326 &
485 1295 595 1325 Ricardi
615 1297 756 1334 Eryngton
770 1318 780 1332 ,
798 1295 1036 1332 Armigerorurn,
1057 1294 1230 1332 quampluri-

175 1334 260 1363 mrim
275 1333 467 1371 confidentes,

214 1371 290 1409 Ipsos
305 1371 417 1402 nostros
428 1381 512 1402 veros
528 1373 562 1403 ὅτ
578 1370 749 1402 indubitatos
766 1370 1001 1408 Commissarios,
1019 1370 1232 1406 Procuratores,

178 1409 356 1448 Deputatos,
371 1411 405 1440 &
429 1410 566 1440 Nuncios
584 1410 711 1447 speciales
731 1410 930 1449 Asfignamus,
948 1410 1096 1448 Facimus,
1116 1407 1233 1438 Consti-

177 1450 298 1486 tuimus,
313 1448 502 1486 ordinamus,
518 1449 551 1478 &
565 1447 743 1485 Deputamus
760 1459 809 1486 per
823 1448 987 1484 Praesentes,

215 1489 234 1506 *
256 1486 365 1517 Dantes
387 1488 421 1518 &
441 1486 643 1517 Concedentes
662 1486 768 1517 eisdem
790 1487 899 1517 Tribus
920 1487 953 1517 ὅτ
983 1486 1107 1516 Duobus
1129 1494 1231 1516 eorum

180 1527 317 1563 (quorum
336 1526 483 1563 praefaturn
497 1528 644 1554 Dominum
656 1528 746 1555 Dacre
759 1525 804 1555 vel
814 1525 914 1554 ditium
928 1527 1068 1554 Decanum
1081 1533 1169 1553 unum
1176 1520 1233 1553 esse

177 1564 322 1600 volumus)
344 1564 474 1602 plenam,
490 1564 609 1593 Tenore
633 1563 835 1600 Praesentiurn,
855 1562 1027 1593 potestatem
1049 1563 1082 1592 &
1098 1561 1234 1591 Auc‘iori-

178 1611 268 1633 tatem
281 1612 314 1632 ac
331 1601 500 1632 Mandatum
517 1601 643 1640 generale
656 1602 689 1631 &
703 1601 837 1638 speciale,
847 1608 898 1638 pro
911 1601 998 1629 Nobis
1021 1602 1054 1631 ὃς
1073 1600 1147 1629 dicia
1162 1599 1234 1628 Filia

178 1640 268 1679 nostra
282 1663 292 1678 ,
310 1650 343 1670 ac
368 1641 467 1670 nostro
486 1641 520 1671 &
542 1641 599 1676 ejus
622 1639 756 1669 Nomine
769 1661 779 1676 ,
795 1648 863 1669 cum
886 1638 1025 1676 praedicffio
1046 1638 1233 1668 Illustrislimo

176 1682 246 1715 Rege
265 1682 399 1708 Scotorum
414 1679 487 1708 Filio
502 1678 601 1708 nostro
614 1677 782 1714 CarissimO,
799 1677 845 1708 seu
859 1678 916 1713 ejus
932 1676 1234 1714 Commissariofflro-

175 1718 370 1754 curatoribus,
387 1717 558 1753 Attormtis,
577 1715 634 1744 sive
650 1714 798 1752 Deputatis
813 1715 999 1745 sufficientem
1017 1714 1189 1745 Potestatem
1200 1716 1234 1745 &

176 1756 383 1784 Auctoritatem
398 1756 434 1785 ab
450 1754 554 1784 eodem
569 1752 742 1784 Charislimo
765 1753 836 1783 Filio
856 1754 954 1784 nostro
975 1753 1009 1784 ad
1029 1754 1087 1784 hoc
1105 1754 1235 1784 babenti-

175 1794 248 1830 bus,
268 1791 488 1829 Conveniendi,
507 1791 770 1827 communicandi,
789 1792 1001 1830 &Tractandi‚

216 1832 261 1862 Ac
277 1831 313 1860 de
325 1832 370 1861 tali
385 1833 419 1861 &
433 1840 508 1861 tanta
523 1829 706 1866 Donatione‚
725 1840 838 1868 propter
856 1830 981 1868 Nuptias
993 1831 1072 1860 dift'ae
1090 1830 1167 1860 F1l1'ae
1185 1841 1235 1859 no-

172 1869 236 1909 strae
253 1869 480 1908 fienda,qualem
495 1870 527 1900 S<
544 1878 677 1906 quantam
694 1868 891 1899 Donationem
904 1870 995 1907 aliqua
1009 1869 1118 1908 Regina
1129 1870 1234 1900 Scoriae

174 1918 302 1976 {iflffl‘
312 1907 480 1976 ὶὶὲἓυῖζῶἷῗ
495 1906 1234 1985 ἷζονῗῖἓῇἱὶἷέᾗίῐῑὲἑῐὲἱὶῖῗὲῗῗᾰέῐέἒίΕῆξᾶιέἓῖἷ

175 1969 349 2014 eorumdem
368 1970 577 2015 Do’miniorurn
590 2007 600 2021 ,
620 1983 820 2014 hlaneriorum
836 2007 845 2022 ,
873 1984 1009 2014 villarum
1021 2007 1029 2022 ,
1055 1985 1209 2015 Terrarum
1224 2008 1234 2020 ,

174 2022 371 2060 Praediorum,
390 2022 585 2060 Reddituum,
603 2032 635 2052 ac
649 2023 763 2052 aliarum
782 2022 911 2061 Rerum,
927 2023 1037 2061 aliisque
1055 2022 1233 2054 proficuis&

175 2060 440 2091 Commoditatibns
458 2061 644 2098 eorumdem,
663 2062 697 2093 ὃς
708 2062 742 2091 ad
760 2070 890 2099 quantam
902 2062 1066 2100 Summam,
1086 2063 1144 2091 tam
1159 2070 1234 2092 tem-

175 2110 246 2138 pore
273 2099 354 2130 Pacis
379 2101 466 2138 quam
489 2099 582 2136 Belli,
604 2101 747 2129 annuatim
764 2122 774 2137 ,
798 2101 867 2130 ultra
895 2099 993 2130 Onera
1015 2101 1049 2130 &
1069 2099 1207 2137 Expensas
1222 2122 1234 2137 ,

175 2139 203 2169 se
211 2138 378 2175 extendant,
395 2140 542 2176 diligenter
556 2136 737 2176 Inquirendi,
755 2138 1232 2177 investigandi,&Cognoscendi,

215 2176 270 2213 Et,
288 2176 309 2206 fi
319 2177 379 2208 talis
394 2176 524 2206 Donatio
540 2175 574 2206 ad
591 2176 742 2206 Minorem
758 2177 909 2207 Summam
927 2178 1014 2214 quam
1032 2175 1234 2206 Duaruthl-

173 2213 240 2244 lium
254 2215 403 2244 Librarum
417 2214 606 2252 sterlingorum
626 2239 636 2253 ,
654 2225 719 2252 quae
735 2215 912 2246 constituunt
923 2216 956 2245 &
972 2215 1077 2245 faciunt
1091 2219 1144 2245 Sex
1163 2214 1235 2244 Ml-

174 2253 214 2282 lia
229 2253 378 2283 Librarum
391 2256 511 2283 Monetae
523 2257 632 2291 Scotiae,
648 2253 778 2284 deductis
796 2254 938 2284 Oneribus
955 2254 989 2285 &
1012 2253 1146 2291 Expenl'is
1169 2254 1234 2291 qui-

175 2291 375 2330 buscumque,
392 2293 534 2322 annuatim
555 2291 582 2321 se
602 2291 753 2322 emendant
765 2315 776 2330 ,
793 2300 862 2323 tunc
883 2292 918 2323 de
942 2300 1006 2322 toro
1025 2293 1059 2322 &
1077 2293 1157 2322 omni
1178 2302 1232 2329 eo,

174 2331 255 2367 quod
279 2331 309 2360 in
330 2340 362 2360 ea
382 2340 457 2367 parte
479 2330 565 2360 dietae
586 2329 714 2360 Summae
732 2330 873 2368 defuerit,
891 2332 919 2360 in
933 2331 990 2360 aliis
1007 2329 1102 2368 Villis,
1120 2330 1230 2360 Domi-

174 2369 244 2406 niis,
265 2368 418 2406 ManeriiS,
435 2368 534 2398 Terris
544 2391 553 2406 ‚
571 2367 706 2407 praediis,
721 2369 754 2399 &
769 2368 957 2407 Redditibus,
976 2370 1005 2398 in
1019 2369 1156 2406 aliquibus
1170 2368 1232 2399 Lo·

175 2407 216 2437 cis
237 2405 412 2442 citraMare
435 2407 588 2437 Scoticum
607 2407 726 2444 situatis,
743 2408 827 2445 usque
851 2408 885 2437 ad
900 2407 1066 2445 praedic'tam
1079 2408 1230 2438 Summam

175 2447 298 2474 Duorum
310 2444 433 2475 Mllium
456 2445 604 2475 Librarum
627 2445 836 2484 Sterlingorum‚
855 2455 918 2483 quae
941 2445 1118 2476 constituunt
1137 2447 1170 2477 &
1190 2446 1229 2476 fa-

175 2484 256 2514 ciunt
273 2487 326 2514 Sex
342 2483 438 2514 Millia
450 2483 598 2513 Librarum
612 2487 732 2514 Monetae
748 2488 877 2514 currentis
891 2482 929 2518 &
943 2483 1066 2513 habentis
1081 2484 1192 2523 Curficm
1199 2488 1227 2513 in

173 2525 282 2560 Scotia,
301 2523 370 2552 citra
390 2522 539 2552 decimum
560 2523 690 2559 quintum
712 2522 788 2552 diem
804 2522 870 2560 Julii
889 2523 1074 2559 praedhstum,
1095 2533 1144 2560 per
1160 2533 1231 2560 prae—

173 2559 265 2591 fatum
278 2560 493 2591 illustrissimum
509 2561 672 2597 Principem
685 2564 820 2591 Scotorum
834 2563 930 2597 Regem
944 2560 1107 2598 Supplendo
1123 2563 1156 2592 Sc
1175 2571 1233 2590 rea-

173 2598 237 2628 liter
250 2598 446 2636 Perficiendo,
462 2608 495 2628 ac
511 2599 606 2629 eidem
619 2602 744 2629 Dominae
760 2602 930 2636 Margaretae
945 2599 979 2628 ad
994 2599 1164 2629 Terminum
1179 2599 1233 2629 Vi-

175 2644 213 2680 taej
228 2637 282 2705 sudaei
297 2637 490 2677 Asfignando,
508 2636 632 2675 Dando,
648 2637 682 2668 &
697 2635 912 2675 Commendo,
931 2636 1068 2676 Exigendi
1089 2638 1123 2668 &
1144 2637 1233 2668 Reci-

201 2685 245 2705 ien

178 2685 199 2713 P
215 2714 261 2744 Ac
281 2697 364 2744 etiarn
384 2714 482 2744 omnia
502 2713 536 2745 &
557 2713 661 2753 singula
681 2713 797 2753 Carras,
815 2714 923 2752 Scripta
938 2737 948 2752 ‚
965 2714 1072 2745 Literas
1090 2714 1235 2752 Patentes,

179 2750 383 2790 Munimenta,
403 2754 436 2784 δε
453 2753 639 2783 instrumenta
655 2763 863 2792 quaecumque,
882 2763 945 2790 quae
959 2763 1012 2790 pro
1027 2754 1181 2784 Securitate
1201 2755 1235 2784 Sc

177 2791 301 2822 firmiori
321 2791 441 2821 Robore
461 2792 605 2830 praedit-Iac
628 2791 801 2822 Donationis
825 2801 936 2829 propter
959 2791 1100 2830 Nuptias,
1116 2793 1161 2822 vel
1182 2801 1235 2829 pro

179 2829 260 2858 dicto
279 2829 484 2866 supplemento
497 2852 508 2867 ,
533 2831 578 2861 vel
599 2840 650 2867 pro
667 2831 732 2860 reali
753 2831 787 2861 ὅ(
813 2830 952 2866 corporali
973 2830 1148 2860 Posi'essione
1171 2830 1236 2860 inde

177 2866 309 2898 habenda
325 2869 358 2898 ὃ(
373 2867 564 2905 adipiscenda,
582 2870 612 2896 in
627 2868 719 2897 debita
732 2868 841 2904 forma,
859 2869 1011 2897 secundum
1032 2868 1114 2905 Jura,
1130 2869 1237 2906 Leges,

180 2906 304 2942 statura,
322 2906 355 2934 ὅ(
379 2904 603 2935 Consuetudines
624 2905 719 2944 Regni
739 2906 864 2941 Scotiae,
883 2905 1029 2935 necessaria
1053 2908 1087 2936 ὅτ,
1109 2907 1238 2943 requisita

177 2943 510 3011 {crintseizoportunh
525 2944 661 2982 concipi,
680 2943 764 2974 scribi
786 2944 819 2973 &
838 2943 869 2972 in
888 2943 983 2974 debita
1002 2944 1095 2974 forma
1115 2944 1238 2982 expediri

215 2991 328 3018 equiren
351 2993 376 3019 i,

216 3020 347 3050 Necnon
361 3020 480 3058 realem,
497 3019 691 3057 corporalem,
711 3018 842 3057 plenam,
857 3019 891 3050 &
913 3019 1061 3057 pacificam
1086 3019 1238 3051 Possessio-

181 3068 266 3095 nem,
282 3060 311 3088 in
336 3059 368 3089 δε
392 3059 426 3088 de
447 3058 584 3097 praedictis
604 3058 750 3088 Dominiis
766 3080 775 3094 ,
794 3057 895 3096 Villis,
923 3057 1059 3088 Maneriis
1072 3080 1082 3096 ,
1108 3058 1238 3096 Praediis,

181 3096 296 3134 Terris,
315 3098 348 3128 &
370 3096 558 3134 Redditibus,
575 3107 608 3127 ac
630 3097 737 3127 caeteris
761 3095 927 3134 Praemisfis,
945 3106 998 3135 pro
1024 3096 1155 3134 praedich
1172 3097 1237 3126 Do-

179 3136 295 3165 natione
307 3146 420 3174 propter
433 3135 556 3172 Nuptias
566 3157 575 3172 ‚
595 3145 646 3172 pro
654 3133 779 3172 praefata
793 3133 864 3163 Filia
880 3134 988 3174 nostra,
1005 3136 1040 3166 ad
1061 3135 1234 3165 Terminum

179 3171 258 3203 Vitae
279 3173 332 3202 suae
344 3196 354 3211 ,
369 3174 508 3211 Exigendi
525 3197 534 3212 ,
549 3173 685 3211 Petendi,
703 3172 892 3212 Requirendi‚
907 3173 1058 3212 Habendi,
1077 3172 1236 3212 Capiendi,

179 3210 393 3249 Nanciscendi,
409 3213 443 3242 &
459 3212 636 3252 Adipiscendi
647 3235 658 3251 ,
1161 3238 1219 3245 effi

220 3250 265 3280 Ac
285 3250 347 3279 alias
372 3250 476 3281 Literas
497 3251 626 3282 Patentes
639 3273 648 3287 ,
665 3248 866 3279 Declaratorias
888 3249 955 3280 dicii
977 3248 1154 3280 Illustrissimi
1171 3248 1235 3279 Filii

181 3288 271 3319 nostri
285 3292 419 3318 Scotorum
435 3292 528 3327 Regis,
546 3289 595 3319 sub
613 3288 724 3327 Magno
738 3287 839 3324 Sigillo
856 3287 905 3318 suo
924 3288 1064 3325 sigillatas,
1083 3290 1115 3319 &
1140 3287 1234 3317 Manu

181 3327 230 3358 sua
249 3327 362 3365 propria
383 3327 544 3364 subscriptas
566 3329 599 3359 &
619 3326 794 3363 consignatas
810 3327 922 3363 (quibus
937 3325 1067 3356 fatebitur
1081 3327 1235 3363 praenomi-

181 3374 276 3397 natam
291 3368 437 3395 Dominam
452 3368 642 3403 Margaretam
656 3365 735 3395 fuisse
749 3366 781 3395 &
796 3364 852 3394 effe
867 3365 896 3394 in
911 3364 990 3402 plena
1010 3364 1071 3394 reali
1089 3365 1122 3395 &
1138 3364 1234 3401 pacifi-

180 3413 214 3434 ca
231 3403 408 3435 Poffesfione
419 3404 563 3434 dictorum
578 3403 804 3440 Dominiorum,
814 3403 949 3432 Villarum
959 3425 969 3439 ,
984 3403 1018 3433 &
1030 3402 1149 3433 aliorum
1157 3402 1234 3433 Prae-

179 3441 350 3480 missorum,
364 3452 417 3481 pro
432 3442 507 3472 dicsta
522 3441 688 3473 Donatione
706 3450 820 3479 propter
845 3440 970 3478 Nuptias
989 3441 1130 3477 datorum)
1153 3441 1233 3478 quod

179 3481 279 3511 omnia
298 3481 365 3518 alia,
382 3490 447 3518 quae
462 3480 538 3510 idem
560 3480 752 3510 Serenissimus
774 3478 860 3509 Filius
879 3478 974 3509 noster
998 3483 1131 3509 Scotorum
1155 3482 1232 3517 Rex,

177 3519 288 3549 ratione
298 3518 533 3557 praemissorum,
550 3527 659 3549 tenetur
674 3517 809 3556 perficere
823 3519 856 3548 ὃ(
869 3519 986 3555 exequi,
1004 3518 1124 3555 plenarie
1140 3518 1173 3547 &
1187 3520 1231 3548 in-

177 3557 257 3594 tegre
280 3556 477 3595 perficiuntur,
496 3558 697 3595 perimplenmr
711 3579 720 3593 ,
737 3566 772 3586 ac
790 3556 894 3586 debitae
919 3560 952 3587 ὅ(
976 3557 1041 3586 reali
1063 3555 1231 3587 Executioni

178 3594 400 3632 demandantur,
417 3597 605 3632 componi&
624 3596 683 3625 lieri
702 3594 838 3631 Petendi,

218 3632 264 3662 Ac
284 3634 369 3663 etiam
392 3634 490 3662 omnia
511 3634 544 3664 δε
559 3633 664 3672 fingula
678 3632 794 3669 Carras,
812 3632 940 3669 Scripta,
964 3632 1068 3663 Literas
1084 3632 1229 3669 Parentes,

179 3669 381 3707 Munimenta,
393 3672 434 3703 ⁷&
451 3670 637 3700 instrumenta
651 3671 800 3707 praediffl,
818 3670 851 3700 &
865 3679 964 3700 caetera
981 3680 1145 3708 quaecumq3
1161 3680 1231 3707 prae-

177 3709 284 3739 dietam
301 3708 500 3740 Donationem
514 3718 628 3746 propter
641 3707 780 3744 Nuptias,
799 3716 831 3738 ut
842 3709 1037 3746 praemittitur,
1056 3717 1230 3739 concernen-

176 3749 214 3778 tia
228 3769 238 3785 ,
262 3756 310 3784 per
329 3747 418 3790 ipsum
440 3745 652 3776 Sereniffimum
675 3745 838 3782 Principem
857 3749 991 3789 Scotorum
1009 3749 1103 3784 Regem
1127 3748 1156 3776 in
1179 3747 1230 3776 hac

177 3863 263 3900 wici,
281 3872 333 3900 pro
358 3860 458 3891 Nobis
478 3861 512 3891 &
532 3860 646 3898 praefata
668 3859 738 3890 Filia
756 3859 867 3896 nostra,
884 3860 917 3890 &
938 3859 1072 3891 Nomine
1084 3861 1180 3891 nostro
1195 3870 1229 3890 ac

180 3899 266 3931 didae
281 3900 358 3931 Filiae
373 3897 495 3936 nostrae,
512 3900 581 3928 citra
592 3898 724 3928 Primum
742 3897 830 3927 Diem
844 3897 1031 3936 MensisJulii
1045 3901 1178 3936 proximo
1185 3898 1230 3928 fu—

179 3946 293 3976 turum,
310 3937 460 3968 Tradenda
473 3938 506 3967 ὃς
524 3935 697 3972 Liberanda,
714 3935 833 3966 Petendi
847 3938 881 3966 &
899 3935 1084 3975 Recipiendi‚

216 3975 254 4005 Et
266 3976 426 4014 hujusmodi
440 3974 568 4011 Scripta,
588 3974 696 4004 Liieras
712 3973 856 4011 Parentes,
873 3974 908 4004 &
922 3984 1022 4005 caetera
1038 3974 1229 4012 Munimenta,

177 4012 215 4043 sic
229 4014 325 4043 tradita
336 4036 346 4051 ,
359 4015 471 4045 liberata
480 4037 490 4051 ,
507 4014 540 4043 &
555 4021 682 4049 recepta,
700 4011 736 4041 ad
749 4011 832 4049 Nm,
850 4010 884 4041 ad
900 4011 994 4042 Usum
1007 4012 1087 4042 diezae
1101 4012 1177 4042 F1liae
1184 4023 1230 4041 no-

167 4050 235 4092 strae
244 4051 356 4088 ,secure
365 4051 502 4082 Ducendi
514 4052 548 4084 &
558 4049 716 4082 Deferendi
722 4050 813 4088 ,quta
828 4050 900 4088 vim,
908 4049 1032 4081 formam
1046 4052 1079 4084 δε
1093 4050 1228 4082 effectum

172 4089 295 4127 Capituli
314 4089 470 4125 supradicti.

232 4130 303 4157 Tom.
322 4129 353 4156 V.
374 4129 406 4158 P.
425 4130 474 4159 IV.

1262 757 1448 802 Instrumenta
1466 761 1605 804 autentica
1620 784 1630 799 ,
1646 760 1750 804 sigillis
1774 762 1827 792 suis
1847 765 1953 802 sigillata
1972 770 2006 798 δε
2028 768 2160 800 Manibus
2185 772 2236 802 suis
2278 782 2307 803 ut

1262 806 1463 835 praemittitur,
1480 798 1652 836 subscripta,
1668 799 1760 829 eidem
1774 800 1956 833 Illustriffimo
1970 805 2093 844 Principi
2107 812 2240 838 Scotorum
2249 796 2308 840 ἰὼ-

1261 838 1289 871 gi
1299 844 1400 865 omnes
1412 835 1552 866 Redditus
1565 837 1600 867 &
1614 837 1773 868 Proventus
1784 840 1916 870 omniurn
1925 841 1958 870 &
1973 843 2143 881 singulorum
2159 849 2309 884 praedicto-

1263 872 1568 941 rurffDominioi-um,
1583 875 1737 915 villarum,
1756 875 1972 916 Maneriorum‚
1988 880 2021 909 ὃ(
2044 892 2210 915 caeterorum
2233 888 2312 918 Ρη-

1264 921 1305 940 mi
1331 922 1414 942 orum

1300 935 1436 996 Eirceptis’
1445 951 1480 981 ὃς
1488 950 1615 990 praefatae
1630 951 1706 996 Pilia·
1719 952 1814 992 nostrae
1823 953 1965 996 ,durante
1978 954 2045 985 Vita
2055 957 2135 994 ipsius
2149 959 2208 990 Filii
2224 962 2311 993 nostri

1265 991 1342 1025 Regis
1357 992 1506 1026 Scotorum,
1524 990 1701 1028 Reservatis,
1719 992 1754 1021 de
1771 991 1916 1029 Exitibus,
1935 992 2161 1033 Reddiiibus,&
2178 998 2314 1031 Proficuis

1265 1027 1420 1064 praedictis,
1438 1027 1520 1056 Mille
1537 1029 1630 1058 Libris
1643 1028 1741 1067 usualis
1757 1032 1878 1059 Monetae
1890 1034 2003 1069 Scotiae,
2017 1035 2160 1064 annuatim
2177 1036 2211 1065 ad
2236 1037 2315 1069 Festa

1267 1064 1380 1094 Paschae
1404 1066 1438 1095 δε
1460 1066 1554 1096 SanSti
1579 1067 1727 1098 Michaelis
1750 1067 1939 1107 Archangeli,
1955 1079 2004 1107 per
2018 1071 2138 1109 aequales
2151 1072 2297 1105 Portiones
2319 1078 2330 1086 *

1267 1103 1350 1132 eidem
1363 1103 1440 1133 Filiae
1453 1104 1547 1142 nostrie
1561 1105 1715 1142 solvendis,
2305 1100 2316 1114 ’

1306 1140 1475 1172 Exhibendo
1487 1152 1519 1173 ac
1532 1152 1618 1173 etiarn
1632 1144 1716 1173 eidem
1731 1143 1806 1174 Filiae
1818 1145 1913 1183 nostrae
1935 1147 1968 1177 &
1986 1146 2184 1179 Servientibus
2199 1149 2250 1180 suis
2268 1151 2293 1180 V
2296 1153 2319 1181 i-

1269 1179 1373 1223 ctum,
1386 1181 1419 1211 δε
1442 1179 1601 1218 Vestitum,
1615 1191 1649 1211 ac
1666 1183 1765 1212 omnia
1785 1183 1836 1213 alia
1860 1185 1888 1213 in
1909 1183 2043 1221 Capitulo
2064 1188 2200 1222 praedieio
2211 1188 2318 1226 specifi-

1270 1226 1438 1286 catafglixm
1449 1219 1614 1256 Tenorem,
1630 1220 1716 1258 Vim,
1736 1220 1890 1259 Formam,
1908 1222 1942 1252 &
1963 1222 2110 1254 Effectum
2133 1225 2251 1256 Articuli
2275 1228 2322 1258 su-

1271 1265 1319 1293 pra
1341 1266 1347 1285 1
1396 1278 1406 1294 ‚

1306 1294 1549 1333 Promirtendique
1562 1296 1672 1334 insuper
1686 1297 1765 1336 quod
1779 1298 1870 1327 eadem
1883 1298 1954 1328 Filia
1966 1310 1999 1328 no
2023 1309 2056 1328 ra
2078 1302 2193 1338 omnia,
2211 1312 2274 1340 quae
2289 1304 2319 1333 in

1271 1331 1422 1363 Praemiffis
1445 1334 1490 1363 seu
1511 1344 1609 1364 eorum
1629 1336 1724 1372 aliquo
1738 1358 1748 1372 ,
1771 1345 1818 1374 per
1836 1336 1949 1366 eosdem
2023 1340 2213 1376 mmiffarim,
2239 1343 2268 1370 in
2289 1351 2321 1371 ea

1272 1371 1458 1441 parte‚&A§'ia
1472 1373 1516 1440 vgl
1525 1372 1614 1403 Gesta
1627 1374 1745 1411 fuerint,
1761 1383 1794 1404 ac
1807 1376 1905 1404 omnia
1919 1376 1953 1406 &
1964 1375 2068 1413 fingula
2082 1378 2111 1406 in
2127 1378 2231 1408 eisdem
2239 1379 2321 1409 Con-

1273 1418 1348 1440 tenta
1467 1420 1492 1440 ci
1513 1420 1572 1441 cata

1286 1487 1290 1491 ι
1309 1446 1390 1478 Citra
1405 1420 1515 1478 egium
1529 1433 1635 1487 Die'm,
1654 1450 1726 1479 inter
1737 1449 1846 1480 dietum
1866 1450 2082 1483 Illustriffimum
2100 1452 2265 1491 Principem
2274 1455 2323 1484 Fi-

1272 1485 1341 1515 lium
1357 1488 1483 1515 nostrum
1499 1486 1698 1517 Chariffimum
1718 1491 1851 1517 Scotorum
1863 1492 1958 1526 Regem
1971 1491 2084 1530 ejusque
2107 1491 2324 1523 Commiffarios

1274 1523 1385 1553 nostros
1397 1524 1551 1555 antedictos
1565 1526 1756 1564 affignandum
1771 1528 1803 1556 &
1820 1527 2045 1565 Praefigendum,

1309 1561 1364 1591 Per
1379 1562 1486 1607 Literas
1497 1563 1555 1593 suas
1568 1565 1669 1594 validas
1685 1564 1717 1593 &
1733 1563 1876 1603 efficaces,
1895 1566 2006 1605 Magno
2022 1567 2120 1606 sigillo
2135 1568 2184 1598 suo
2202 1567 2324 1602 ficillatas

1275 1602 1308 1631 &
1329 1599 1420 1630 Manu
1443 1600 1490 1630 sua
1511 1601 1621 1638 proprii
1644 1602 1806 1638 subscriptas
1832 1605 1864 1633 ὃς
1888 1603 2066 1642 sublignatas,
2085 1602 2275 1637 Confirmibit
2288 1609 2334 1638 δε·

1274 1638 1452 1675 Ratificabit,
1469 1638 1646 1676 Easdemque
1668 1640 1773 1669 Literas
1788 1663 1798 1677 ,
1812 1641 1849 1670 sic
1863 1664 1873 1679 ,
1897 1651 1927 1672 ut
1947 1644 2123 1679 piaemittirur
2135 1666 2144 1681 ,
2163 1644 2328 1674 Confirma-

1274 1679 1356 1707 torias
1376 1678 1409 1709 &
1436 1677 1641 1708 Ratificarorias
1655 1702 1665 1715 ,
1683 1679 1752 1708 citra
1771 1678 1847 1708 idern
1867 1689 1978 1718 tempus
1993 1703 2003 1717 ,
2014 1680 2133 1720 praefato
2154 1682 2326 1722 Iliustriffi'mo

1276 1718 1391 1753 Principi
1409 1716 1496 1746 tradet
1511 1716 1544 1746 &
1559 1716 1742 1754 deliberabit,
1757 1717 1863 1747 tradive
1877 1719 1911 1748 δε
1927 1718 2069 1748 deliberari
2081 1720 2179 1756 faciet,
2249 1718 2256 1722 '

1310 1753 1476 1792 Caeteraque
1496 1754 1643 1792 Faciendi,
1663 1754 1845 1791 Exequendi,
1863 1755 2053 1794 Expediendi,
2074 1758 2106 1787 ὃς
2123 1758 2327 1796 perimplendi,

1276 1802 1339 1831 quae
1350 1794 1379 1822 in
1397 1792 1547 1823 Praemiffis
1561 1793 1606 1823 seu
1620 1794 1738 1824 circaea
1753 1793 1901 1823 necessaria
1918 1794 2020 1825 suerint
2039 1795 2085 1825 seu
2108 1798 2326 1833 quomodolibet

1275 1842 1294 1861 ο
1335 1840 1429 1860 rtuna:

1295 1841 1513 1900 pssromittentes
1526 1893 1535 1907 ,
1558 1869 1634 1899 bona
1657 1869 1726 1899 Fide
1747 1869 1780 1899 &
1801 1870 1831 1899 in
1853 1868 1953 1900 Verbo
1975 1869 2090 1909 Regio,
2110 1871 2178 1902 Nos
2201 1872 2328 1911 Rarum,

1276 1908 1399 1939 Gratum
1411 1930 1419 1944 ,
1436 1909 1467 1938 ὅ(
1486 1908 1632 1945 Firmum,
1650 1908 1683 1937 δε
1698 1907 1802 1938 Stabile
1817 1908 1960 1938 habituros
1972 1918 2066 1939 totum
2083 1910 2115 1939 δε
2131 1911 2264 1947 quicquid
2279 1921 2327 1949 per

1275 1947 1368 1977 dic'tos
1383 1945 1615 1982 Commiffarios,
1635 1945 1851 1984 Procuratores,
1865 1945 2043 1986 Deputatos,
2062 1949 2095 1978 &
2118 1948 2252 1979 Nuncios
2269 1950 2329 1980 Ac-

1275 1995 1337 2054 ῗῐῑι
1350 2007 1360 2023 ,
1373 1984 1500 2053 gestum
1518 2009 1528 2022 ,
1544 1985 1591 2015 seu
1611 1983 1799 2015 procuratum
1820 1984 1901 2015 fuerit
1924 1986 1953 2015 in
1974 1985 2122 2017 Praetniffis
2135 2009 2145 2024 ,
2169 1988 2214 2018 seu
2233 1987 2335 2026 aliquo·

1301 2033 1378 2053 raemi
1404 2032 1497 2053 orum.

1310 2061 1345 2092 In
1363 2063 1458 2100 cujus,
1476 2061 1537 2092 &c.

1311 2137 1401 2168 Teste
1421 2138 1506 2176 Rege
1523 2137 1596 2176 apud
1622 2135 1901 2178 Wstmonasterium‚
1927 2138 2041 2179 Qarto
2068 2139 2127 2170 Die
2152 2139 2245 2179 Maii,
2267 2141 2328 2172 Am

1274 2187 1316 2207 no
1334 2177 1432 2215 Regni
1450 2177 1489 2208 sui
1506 2177 1638 2208 Decimo
1654 2177 1769 2208 oilavo.

1271 2325 1328 2356 Pro
1348 2322 1465 2369 Capella
1483 2320 1528 2356 W
1527 2320 1678 2367 indq'brae,
1694 2320 1917 2370 Tranftriptum
1934 2324 2020 2356 Bullae
2034 2323 2209 2357 Alexandri
2226 2328 2320 2372 Papz.

1272 2407 1505 2467 UNivizrms
1523 2407 1633 2439 Sanetae
1654 2406 1757 2437 Matris
1777 2406 1912 2438 Ecclefiae
1935 2408 2022 2445 Filiis,
2041 2408 2074 2438 ad
2090 2417 2163 2446 quos
2176 2410 2323 2447 praesentes
2345 2427 2419 2459 Ann.
2432 2428 2472 2459 D·

1360 2447 1491 2485 Litterae,
1509 2446 1565 2477 sive
1582 2447 1639 2476 hoc
1658 2445 1774 2483 praesens
1793 2446 2135 2483 PublicumTransumpti
2151 2447 2326 2478 Instrumena
2387 2477 2398 2482 ,
2427 2477 2437 2487 ,

1272 2494 1334 2516 turn
1349 2508 1358 2523 ,
1376 2486 1553 2522 pervenerint
1573 2485 1629 2514 sive
1647 2485 1805 2521 pervenerit
1820 2507 1830 2522 ,
1857 2483 2020 2514 Willielmus
2038 2485 2222 2516 Permiffione
2241 2486 2327 2517 Divi-
2339 2477 2451 2533 ΑῙῚΟζ

1274 2525 1329 2561 na,
1346 2523 1537 2562 Londonienfis
1552 2522 1691 2561 Epifiopux
1701 2545 1710 2559 ,
1728 2521 1850 2552 Salutem
1864 2524 1895 2552 in
1913 2522 2048 2553 Domino
2062 2533 2095 2554 ac
2110 2524 2209 2554 fidem
2224 2526 2324 2555 credu-
2347 2518 2390 2571 H'*
2400 2517 2419 2559 ,¹
2448 2527 2455 2533 ”

1276 2564 1333 2592 lam
1350 2561 1534 2591 Praesentibus
1548 2563 1688 2591 adhibere.
2347 2568 2379 2610 Ε·
2402 2565 2430 2610 ὁ
2448 2584 2468 2603 ,7

1313 2601 1358 2630 Ad
1375 2600 1476 2629 vestrae
1492 2599 1690 2630 Universitatis
1704 2597 1850 2629 Notitiam
1872 2598 2056 2636 deducimus,
2071 2607 2104 2630 ac
2127 2599 2260 2631 volumus
2279 2600 2329 2632 de-
2368 2593 2386 2609 '⁷³
2432 2593 2478 2618 '¹⁶'

1275 2639 1340 2670 duci
1355 2648 1403 2677 per
1418 2637 1584 2675 Praesentes,
1603 2636 1682 2675 quod
1692 2661 1702 2673 ‚

1316 2678 1401 2708 Anno
1419 2676 1542 2706 Domini
1555 2676 1646 2706 adhuc
1662 2674 1774 2705 instanti
1796 2674 1953 2706 Millesimo
1977 2675 2214 2714 Qiinzentesimo
2233 2679 2330 2714 tertio,

1276 2716 1436 2746 Indic'tione
1450 2714 1539 2752 sexta,
1558 2713 1742 2744 pontificatus
1757 2713 1927 2744 Sanfflffimi
1944 2716 1972 2743 in
1985 2709 2103 2744 Christo
2117 2714 2202 2744 Patris
2217 2716 2250 2746 &
2267 2716 2331 2746 Do-

1278 2755 1349 2784 mini
1364 2754 1451 2783 nostri
1468 2752 1590 2782 Domini
1606 2752 1784 2788 Alexandri,
1803 2751 1910 2793 Divina
1934 2751 2134 2789 Providentia,
2154 2755 2235 2790 Papae
2255 2758 2331 2783 Sexti·

1278 2792 1406 2822 Moderni
1418 2792 1506 2859 Astno
1522 2790 1708 2827 Undecimo,
1728 2789 1832 2819 Mentis
1847 2790 1918 2821 Maii
1933 2789 1991 2820 Die
2005 2790 2121 2821 decimo
2133 2790 2229 2829 seitto,

1317 2830 1424 2860 Coram
1476 2830 1539 2859 obis

1319 2868 1352 2898 In
1376 2867 1489 2905 Capella
1508 2851 1566 2897 fiv⁷e
1589 2865 1739 2902 Oratorio‚
1758 2864 1827 2894 infra
1849 2865 1987 2895 Palatium
2009 2865 2137 2895 nostrum
2167 2865 2332 2905 Episcopale

1281 2904 1482 2937 Londoniense
1504 2905 1618 2939 situato,
1636 2904 1670 2933 ad
1694 2903 1833 2932 efferitum
1853 2902 2088 2940 infrascriptorum
2108 2903 2272 2941 judicialiter
2296 2906 2330 2935 &-

1280 2955 1333 2982 pro
1345 2942 1496 2974 Tribunali
1511 2942 1665 2971 ledentibus
1674 2963 1684 2978 ,

1316 2981 1349 3012 In
1365 2981 1480 3011 Norarii
1493 2978 1606 3010 Publici
1621 2978 1762 3015 subscripti
1777 2977 1885 3008 Scribae
1900 2976 2008 3015 nostri,
2026 2980 2054 3008 in
2071 2979 2123 3009 hac
2140 2988 2216 3018 parte
2227 2981 2331 3018 specia-

1280 3021 1340 3051 liter
1354 3019 1502 3056 assumpti,
1519 3028 1551 3048 ac
1564 3016 1698 3048 Testium
1713 3016 1784 3046 infra
1797 3017 2007 3046 nominatorum
2024 3016 2190 3055 Praesentia,

1316 3057 1484 3096 Comparuit
1499 3055 1676 3093 personaliter
1690 3053 1824 3092 Egregius
1839 3053 1890 3083 Vir
1903 3054 2040 3093 Magister
2056 3055 2331 3086 WillielnmsBaronr

1279 3096 1392 3136 Legum
1417 3095 1534 3125 Dostor
1551 3117 1561 3132 ,
1588 3092 1626 3123 M
1642 3093 1726 3122 vister
1748 3093 1804 3122 sive
1826 3091 1932 3122 Custos
1954 3094 2129 3124 Rotulorum
2152 3093 2327 3125 Illustrislitni

1278 3138 1389 3166 Domini
1401 3133 1482 3172 nostri
1495 3135 1570 3169 Regis
1583 3132 1612 3161 in
1627 3104 1799 3161 &neellami
1815 3130 1879 3173 suci,
1897 3140 1930 3160 ac
1945 3141 1997 3168 pro
2012 3133 2045 3162 &
2060 3141 2094 3162 ex
2107 3141 2183 3169 parte
2204 3133 2326 3170 ejusdem

1277 3173 1401 3204 Domini
1421 3170 1510 3201 nostri
1532 3171 1615 3206 Regis
1636 3169 1764 3207 quasdam
1787 3169 1894 3207 praerati
1919 3168 2086 3200 Sanstiffimi
2116 3173 2226 3199 Domini
2246 3171 2327 3210 nostri

1277 3215 1358 3249 Papae
1377 3211 1482 3240 Literas
1497 3208 1552 3238 sive
1569 3208 1656 3238 Bullas
1671 3207 1844 3245 Apostolicas
1855 3230 1864 3245 ,
1883 3206 1967 3244 ipsius
1981 3208 2080 3245 Sigillo
2095 3207 2236 3238 Plumbeo
2262 3218 2327 3238 nio-

1275 3260 1304 3280 re
1319 3250 1462 3279 Romanae
1474 3245 1569 3276 Curiae
1583 3245 1714 3288 bullatas,
1732 3246 1813 3275 nobis
1826 3246 1995 3284 originaliter
2007 3248 2041 3278 &
2058 3246 2241 3277 effecTtualiter
2254 3255 2325 3285 prx-

1276 3289 1410 3325 sentavit,
1427 3286 1575 3325 produxit,
1593 3285 1626 3316 &
1639 3284 1781 3319 exhibuit,

1312 3326 1378 3356 Nos
1393 3334 1524 3363 quoque,
1543 3331 1578 3353 ex
1591 3332 1667 3360 parte
1674 3322 1797 3359 praedic‘ffi
1810 3323 1920 3350 Domini
1933 3319 2014 3361 nostri
2037 3324 2130 3360 Regis,
2146 3322 2240 3353 debiti
2257 3332 2324 3354 cum

1276 3364 1417 3400 instantia,
1436 3361 1578 3400 requisivit
1592 3361 1719 3397 quatinus
1735 3360 1821 3389 distas
1837 3359 1952 3388 Litteras
1969 3359 2160 3398 Apostoicas,

1312 3403 1407 3441 Quas,
1425 3410 1455 3431 ut
1468 3401 1579 3430 dicebat
1594 3399 1670 3428 idem
1684 3397 1819 3431 Magister
1836 3396 2000 3426 Willielmus
2014 3400 2119 3428 Baront
2135 3398 2241 3428 Custos
2257 3398 2323 3430 Ro-

1274 3441 1399 3472 tulorum
1411 3438 1582 3474 antedictus,
1599 3436 1725 3473 praefatus
1738 3436 1867 3464 Dominus
1879 3435 1964 3475 noster
1985 3439 2060 3473 Rex,
2076 3438 2104 3466 in
2127 3437 2231 3467 eisdem
2254 3437 2322 3468 Ori-

1274 3480 1408 3517 ginalibus
1431 3477 1529 3507 Literis
1549 3475 1704 3514 principalis
1723 3474 1907 3511 principaliter
1927 3475 2083 3504 nominatus
2097 3498 2108 3513 ‚
2137 3485 2197 3505 non
2223 3476 2321 3506 habuit

1311 3529 1325 3546 u
1347 3518 1439 3547 licatas

1275 3518 1347 3586 DEi}
1369 3539 1516 3593 expediens
1537 3551 1626 3582 visum
1648 3550 1714 3581 esset
1731 3551 1764 3581 &
1785 3548 1895 3580 necesse
1908 3549 1991 3578 eidem
2009 3553 2124 3580 Domino
2140 3553 2220 3589 Regi,
2237 3553 2266 3580 in
2278 3551 2321 3581 di-

1274 3594 1354 3624 versis
1368 3593 1518 3631 praesertim
1533 3591 1571 3620 sui
1592 3590 1687 3628 Regni
1701 3588 1812 3626 Angliae
1827 3589 1963 3625 partibus,
1983 3598 2042 3618 non
2065 3589 2182 3619 modice
2201 3592 2271 3620 inter
2292 3589 2319 3619 se

1273 3632 1434 3662 distantibus
1447 3654 1456 3667 ,
1473 3631 1511 3660 eis
1522 3628 1710 3657 diversimode
1723 3629 1761 3656 uti
1777 3628 1809 3657 &
1821 3635 1864 3655 eas
1878 3635 2022 3664 exercere,

1309 3671 1328 3689 ³
1348 3669 1464 3700 Poffent
1484 3676 1599 3705 quoque
1621 3664 1776 3702 hujusmodi
1803 3664 1902 3693 Literae
1917 3686 1926 3701 ,
1959 3664 2016 3694 five
2037 3663 2121 3695 Brun
2143 3663 2319 3702 Apostolicae

1271 3707 1427 3745 originales
1439 3729 1449 3744 ,
1465 3704 1483 3734 si
1502 3704 1678 3739 originaliter
1701 3703 1896 3733 exhiberentur
1915 3711 1962 3732 aut
1984 3712 2158 3740 portarentur
2171 3724 2181 3740 ,
2206 3712 2320 3740 propter

1272 3745 1392 3776 Viarum
1418 3743 1586 3773 Discrimina
1608 3742 1641 3772 &
1661 3740 1728 3770 alios
1748 3740 1876 3770 adversos
1898 3738 2002 3779 Casus,
2018 3742 2066 3779 qui
2077 3741 2232 3778 frequenter
2245 3742 2320 3771 acci—

1271 3785 1356 3820 dunt,
1374 3781 1573 3817 verisimiliter,
1589 3778 1666 3817 quod
1683 3778 1765 3815 absit,
1781 3778 1926 3820 deperire,

1308 3819 1480 3859 Huiusmodi
1500 3818 1605 3848 Literas
1627 3816 1774 3854 diligenter
1794 3817 1949 3854 inlpicere,
1965 3816 2089 3854 palpare,
2107 3816 2141 3846 &c
2161 3818 2320 3849 examinare

1311 3869 1432 3889 raremus

1273 3870 1363 3935 cuEt,
1381 3897 1399 3927 ii
1414 3879 1479 3933 ip’fiis
1498 3893 1628 3930 Litteras,
1647 3903 1696 3930 per
1719 3891 1788 3922 Nos
1809 3892 1846 3923 iic
1867 3892 2015 3929 inspectus,
2029 3900 2088 3934 non
2100 3890 2237 3934 ¹Vitiatas,
2255 3904 2317 3926 non

1272 3935 1372 3972 Rasas‚
1391 3943 1449 3964 non
1465 3932 1609 3967 AbolitaS,
1625 3941 1685 3961 non
1701 3930 1891 3967 Cancellatas,
1905 3939 1960 3959 nec
1973 3929 2112 3973 invaliqua
2126 3939 2223 3961 earum
2239 3942 2316 3969 parte

1273 3975 1414 4010 Suspectas
1436 3971 1616 4009 reperiremus
1629 3993 1639 4006 ,
1665 3969 1731 4007 ipsas
1760 3969 1876 3999 Litteras
1907 3977 1955 4004 per
1980 3967 2136 3997 Notarium
2162 3967 2317 4001 Publicum

1271 4012 1401 4042 transumi
1415 4008 1659 4045 exemplarique&
1673 4007 1814 4043 subscribi,
1825 4015 1907 4042 atque
1922 4006 1949 4034 in
1959 4005 2100 4042 publicam
2111 4008 2143 4037 &
2151 4010 2321 4039 amentiam

1272 4048 1455 4084 Transumpti
1481 4046 1616 4076 Formam
1639 4046 1722 4083 redigi
1748 4045 1896 4082 precipere
1919 4044 1952 4074 &
1975 4043 2120 4081 mandare,
2139 4055 2269 4084 necnon,
2288 4057 2316 4076 ui:

1273 4087 1431 4127 hujusmodi
1443 4084 1650 4122 Transumpto,
1668 4083 1747 4114 sicuti
1753 4082 1842 4150 ἔξω
1855 4082 1963 4112 Litteris
1985 4081 2156 4121 Apostolicis
2169 4083 2318 4122 Originall-

1820 4129 1839 4149 2
2256 4124 2325 4159 bus,

2338 3688 2352 3702 ”
2364 3690 2446 3719 xm.

2333 3728 2378 3756 61.

2380 3994 2395 4013 9
