2555 4266
75 326 152 358 Ann.
162 325 193 356 D

100 365 186 401 1508.

73 407 138 433 Hm.
157 413 183 440 7.

66 1055 83 1071 ¹
104 1055 189 1083 xm.

68 1102 132 1129 ²32·

58 2328 138 2361 Ami.
151 2328 194 2362 D.

87 2369 172 2407 1508.

56 2410 111 2435 An.
128 2418 173 2444 24.

53 2468 195 2521 Frenaz4.

55 2526 92 2549 H.
108 2532 134 2558 7.
151 2533 188 2552 m.

768 241 883 284 ET
965 243 1235 285 ACTA

218 324 309 363 sandi,
326 331 412 362 prout
424 324 524 356 melius
537 325 569 357 &
585 327 804 358 convenientius
817 327 852 359 de
863 327 932 366 Jure
945 327 1004 359 fieri
1019 331 1142 367 poterit,

257 363 420 401 Omniaque
442 365 474 393 &
498 364 600 403 singula
614 389 624 403 ,
648 367 722 396 circa
737 365 944 397 Executionem
960 368 992 397 ὃ(
1007 367 1273 398 Solemnisationem

219 401 380 439 hujusmodi
402 402 614 439 Sponsaliorum
636 404 783 434 neceffaria
805 406 839 436 &
853 413 1008 442 oportuna,
1026 407 1059 435 δε
1074 416 1139 443 quae
1155 406 1190 436 de
1203 404 1272 443 Jure

219 440 264 469 vel
289 439 502 471 Consuetudine
526 443 554 471 in
575 442 735 479 hujusmodi
760 443 837 473 Aetu
857 442 1067 480 sponsaliorum
1091 445 1271 481 requiruntur

218 477 265 508 vel
280 476 337 508 fieri
359 479 564 511 consueverunt
580 503 591 518 ,
613 480 764 518 Faciendi,
782 480 908 511 Dicendi
924 482 957 512 &
973 480 1141 519 Exquendi,
1158 481 1272 512 Geren-

218 515 303 552 dique
328 518 361 548 &
381 516 541 551 Exercendi
554 541 564 556 ,
579 527 643 556 quae
656 518 784 549 Nosmet
796 519 951 550 faceremus
966 519 985 549 sl
1000 519 1145 556 praesentes
1160 522 1193 550 &
1208 529 1271 556 per-

220 553 347 585 sonaliter
369 556 560 590 interessemus
576 579 586 594 ,
609 558 691 588 etiarn
706 557 726 587 si
743 557 806 588 talia
819 559 914 588 forent
929 566 994 595 quae
1005 556 1041 588 de
1057 556 1084 588 se
1101 557 1271 589 Mandatum

220 594 363 631 exigerent
375 595 462 633 magis
477 594 593 632 speciale
609 605 693 633 quarn
710 595 892 625 Praesentibus
905 594 936 625 fit
950 595 1107 632 expreffurn
1116 619 1126 633 ,

258 633 303 663 Ac
323 631 432 668 insuper
446 642 498 670 pro
516 633 630 670 Nobis,
649 633 825 664 Auctoritate
837 632 981 665 consensu
993 635 1026 664 &
1040 633 1156 665 Affensu
1172 635 1272 672 quibus

220 669 314 707 supra,
330 669 479 708 specialiter
504 672 537 701 &
557 671 682 708 expresse
696 671 897 702 Renunciandi
911 671 1054 703 Beneficio
1069 673 1273 710 cujuscumque

219 707 420 739 Restitutionis
433 710 461 742 in
475 710 631 747 integrum,
650 710 686 739 de
697 709 766 747 Jure
781 709 994 740 Consuetudine
1015 710 1060 740 vel
1083 710 1194 741 Statuto
1212 711 1274 741 Mi-

220 747 337 777 noribus
349 748 501 785 concesso,
518 748 598 785 quod
613 748 681 778 Nos
694 751 712 777 I
754 756 845 777 erator
857 758 917 779 non
930 747 1015 778 fimus
1024 749 1118 779 Tutor
1134 759 1181 780 aut
1195 749 1274 788 quod

218 795 280 816 non
298 785 383 816 simus
403 785 475 817 solus
488 787 533 816 vel
549 785 699 816 insolidum
711 756 811 817 {IIIEutor
820 809 830 825 ,
843 787 924 830 quod
938 786 1022 830 Onus
1035 787 1150 818 Tutelae
1166 789 1194 817 in
1207 787 1274 818 Nos

220 833 280 853 non
297 824 521 861 assumpserimus
535 833 582 854 aut
599 825 712 855 Tutelae
729 825 774 855 vel
790 824 1033 856 Administrationi
1048 825 1117 855 Nos
1137 836 1197 856 non
1219 828 1275 856 im-

220 861 430 898 miscuerimus,
454 861 812 900 Exceptionicontrac‘tus
826 865 854 893 in
875 862 954 893 Rem
978 865 1011 894 ὅ(
1033 863 1195 895 Utilitatem
1217 865 1275 895 Pu-

240 900 278 929 illi
301 909 360 929 non
383 900 449 930 faeti
470 901 504 930 ὅτ
519 900 588 939 gesti
604 924 613 940 ,
632 901 801 940 Exceptioni
814 901 869 931 Rei
887 911 946 931 non
960 901 997 931 sic
1011 901 1110 932 Gestae
1125 926 1134 940 ,
1159 912 1272 933 necnon

261 939 358 975 gibus,
374 937 488 969 Statutis
502 940 536 970 &
549 938 804 970 Consuetudinibus
819 940 940 970 Tutoris
961 939 1062 970 realem
1083 941 1116 971 &
1140 941 1272 978 persona-

215 976 273 1006 lem
296 976 476 1007 Proesentiam
498 978 527 1007 in
542 977 637 1008 Causis
650 978 684 1008 δε
699 977 834 1017 Negotiis
857 977 1000 1016 Pupillum
1014 980 1188 1017 tangentibus
1199 1002 1208 1018 ,
1227 990 1271 1010 re-

214 1015 389 1083 gffiffi'ssilffli
408 1015 1269 1094 ῗζῑξῗὲεὸἓὲἓὲὡῃὸἷὲξέὖζιῗξίῗῶἒᾶἓξέιἓωῗῗὲξὲῐ

215 1063 437 1129 νοεεῑίοηίὺιῗξ,
462 1092 685 1130 Exceptionibus
707 1094 740 1124 ὅ(
759 1079 979 1124 Defenfionibu’s
995 1116 1005 1131 ,
1031 1094 1064 1124 &
1079 1079 1223 1133 aliis’Juris
1237 1096 1271 1126 &

216 1130 241 1160 F
241 1130 296 1160 acii
314 1129 460 1164 Beneficiis
479 1131 703 1170 quibuscumque
715 1133 803 1169 pure,
820 1132 919 1169 sponte
930 1132 963 1162 &
976 1130 1100 1163 absolute
1114 1134 1143 1162 in
1157 1132 1272 1171 Scriptis

214 1169 249 1200 &
263 1169 291 1198 in
306 1170 368 1199 vim
382 1169 462 1200 Paeti
477 1170 581 1200 realiter
593 1171 627 1201 &
642 1179 710 1200 cum
724 1169 830 1200 effectu
848 1169 1063 1208 Renunciandi,

253 1207 470 1246 promittentes,
488 1208 566 1239 bona
589 1208 657 1239 Fide
671 1207 769 1239 nostru
788 1217 822 1239 ac
838 1209 866 1239 in
881 1208 970 1240 verbo
984 1208 1082 1239 nostro
1098 1207 1224 1240 Caesario
1238 1210 1271 1241 &

214 1245 354 1283 Principis
370 1269 379 1283 ,
407 1245 475 1276 Nos
495 1246 602 1278 Ratum
616 1271 626 1285 ,
646 1246 769 1278 Gratum
791 1255 873 1286 atque
888 1247 1015 1278 Firmum
1027 1247 1168 1278 habituros
1183 1248 1212 1278 id
1226 1256 1272 1278 to-

212 1292 274 1313 tum
293 1284 327 1316 &
343 1284 478 1322 quicquid
494 1295 543 1322 per
559 1285 671 1316 dictum
684 1284 850 1316 Dominum
862 1284 1023 1323 Johannem
1038 1286 1069 1314 de
1083 1288 1179 1323 Bergis
1197 1286 1273 1316 Ora-

212 1330 307 1352 torem
318 1347 328 1359 ,
348 1321 603 1362 Commissarium,
620 1324 857 1362 Procuratorem,
877 1323 1031 1354 Nuncium
1051 1326 1084 1355 &
1096 1324 1271 1362 Deputatum

212 1360 344 1391 nostrum
362 1361 488 1399 aetum,
507 1361 632 1392 Gestum
647 1362 694 1393 seu
709 1361 898 1394 Procuratum
919 1361 1003 1393 fuerit
1016 1363 1047 1392 in
1061 1362 1211 1394 Praemiffis
1225 1363 1271 1394 seu

213 1398 313 1436 aliquo
328 1399 551 1430 Praemissorum.

248 1436 282 1469 In
297 1439 374 1474 cujus
390 1438 448 1468 Rei
462 1438 673 1470 Testimonium
693 1438 741 1469 has
760 1438 866 1470 nostras
888 1439 1034 1477 praesentes
1052 1439 1156 1470 Literas
1172 1439 1270 1479 Sigillo

211 1474 328 1513 nostro,
347 1486 406 1514 quo
426 1476 496 1507 Nos
518 1476 731 1507 Maximilianur
753 1476 956 1508 Romanorum
977 1477 1134 1516 Imperator
1158 1477 1272 1510 Electus

211 1514 247 1549 ὅ(
261 1514 395 1552 Princeps
407 1514 526 1545 Karalus
540 1517 571 1545 in
586 1514 723 1552 Negotiis
738 1516 837 1546 nostris
859 1517 1052 1546 communiter
1065 1515 1134 1546 Nos
1154 1525 1273 1556 tangen-

213 1552 287 1583 tibus
304 1553 345 1584 uti
358 1553 578 1593 consuevimus,
596 1555 770 1585 communiri
782 1553 921 1593 juffimus.

251 1627 362 1660 Datum
377 1630 406 1659 in
423 1631 532 1669 Breda,
549 1630 684 1662 vicefima
697 1629 814 1668 septimi
827 1629 886 1661 Die
896 1629 1004 1661 Mensis
1012 1631 1166 1670 octobris,
1184 1632 1274 1663 Anno

211 1664 338 1697 Domini
355 1667 514 1700 Millefimo
539 1668 778 1708 Qlingentefimo
793 1669 919 1707 octavo,
944 1669 1112 1709 Regnorum
1134 1673 1205 1701 vero
1221 1681 1275 1701 no—

214 1704 262 1735 stri
275 1704 474 1745 Imperatoris,
493 1707 639 1746 videlicet,
658 1707 823 1738 Germaniae
841 1707 985 1739 Vicefimo
1005 1709 1089 1739 tertio
1107 1710 1141 1741 &
1153 1709 1273 1748 Hunga-

214 1743 283 1783 τῖε,
302 1745 364 1777 &c.
379 1744 510 1777 Decimo
525 1755 614 1777 nono.

955 1821 1116 1854 Manu.

949 1860 1163 1892 CHARLEs

553 1937 616 1971 ;Per
627 1937 770 1975 Dominos,
789 1937 978 1975 Imperatorem
992 1935 1031 1972 ἔγ
1047 1938 1234 1968 Archiducem.

973 2013 1004 2045 R
1014 2024 1033 2046 E.
1043 2024 1067 2046 N
1077 2024 1099 2046 N
1109 2025 1127 2046 ε
1136 2025 1171 2047 R.

780 2090 834 2121 Sub
851 2089 941 2130 Sigillo
953 2089 986 2120 de
999 2091 1061 2121 cera
1077 2091 1168 2122 rubed.

393 2232 612 2280 Acquietantia
626 2244 682 2281 pro
701 2235 813 2268 Annua
832 2234 926 2281 Censtc
940 2238 1084 2272 Franciae.

212 2319 269 2376 R
280 2317 346 2350 EX
371 2318 504 2350 univerfis
520 2319 554 2350 &
568 2319 696 2358 singulis,
712 2319 746 2351 ad
761 2329 850 2359 quos,
868 2321 930 2352 &c.
949 2321 1084 2355 Salutem.

309 2358 407 2389 Sciatis
423 2358 491 2388 Nos
507 2358 634 2427 Recefffi
649 2358 687 2394 &
701 2359 846 2399 Habutffl,
864 2359 921 2390 Die
934 2361 1126 2392 confectionis
1144 2361 1271 2395 Praesen-

211 2394 302 2435 tium',
318 2397 357 2427 ab
373 2395 559 2427 Illustriffimo
596 2406 666 2428 ratre
680 2398 715 2429 δε
731 2397 953 2437 Consanguineo
969 2399 1068 2431 nostro
1089 2403 1160 2439 Rege
1173 2402 1264 2432 Lodo-

210 2437 278 2466 wico
292 2435 435 2471 Gallorum
450 2438 588 2475 Principe,
608 2446 657 2475 per
673 2435 780 2467 Manus
849 2475 854 2481 ¹
1171 2478 1176 2484 Ι

207 2515 279 2548 ginti
302 2511 340 2547 ὠ
384 2516 480 2556 pinque
503 2511 599 2556 Millia
617 2474 1065 2545 Ἐναηῶνῗιῗὲἀὶῖιὲἰῗοιηῗξξῖῗ
1078 2476 1267 2555 ἓὲἓίέὶῖὶζζιζ

210 2551 324 2581 Franco
355 2552 461 2590 viginti
492 2550 603 2582 Solidos
624 2551 806 2582 Turonenses
828 2552 950 2589 valente)
977 2553 1074 2584 Nobis
1091 2556 1185 2592 primo
1208 2556 1266 2586 Die

209 2588 319 2619 Menfis
339 2589 520 2620 Novembris
532 2613 541 2627 ,
568 2589 656 2620 Anno
680 2590 801 2620 Domini
824 2589 980 2621 Millefimo
995 2614 1004 2630 ‚
1023 2592 1264 2631 Qingentefimo

206 2627 313 2657 octavo
327 2627 398 2658 solvi
412 2628 575 2658 debitorum
594 2650 603 2664 ,
627 2628 674 2666 qui
689 2636 747 2658 erat
758 2638 829 2658 unus
843 2628 999 2660 Terminus
1012 2640 1064 2666 pro
1079 2629 1161 2661 Parte
1177 2632 1263 2663 Solu-

207 2666 291 2696 tionis
307 2669 541 2705 Septingentarum
563 2666 764 2705 G§Quadraginta
783 2665 822 2701 ὠ·
837 2670 951 2708 quinque
965 2668 1086 2698 Mllium
1099 2673 1262 2700 Coronarum

208 2707 286 2734 Auri
300 2714 366 2744 per,
384 2706 530 2743 perhennis
545 2706 710 2742 memoriae,
726 2708 823 2743 Regem
839 2705 964 2736 Carolum
981 2707 1132 2738 novissime
1146 2708 1262 2739 Defun-

204 2743 285 2773 ctum
311 2742 410 2773 Nobis
433 2744 591 2774 debitarum
613 2744 647 2773 &
664 2743 860 2773 solvendarum
874 2768 883 2782 ‚
908 2754 991 2782 prout
1006 2746 1034 2774 in
1051 2745 1151 2776 Literis
1166 2745 1261 2777 Com-

204 2781 390 2812 missariorum
406 2783 475 2819 dicti
497 2781 672 2817 Illustriffimi
689 2785 767 2819 Regis
780 2781 872 2811 Caroli
886 2804 896 2819 ,
916 2783 1028 2819 plenam
1042 2785 1068 2813 in
1087 2794 1118 2814 ea
1132 2795 1210 2822 parte
1222 2787 1258 2816 ab

203 2828 240 2847 eo
253 2817 429 2849 Potest-atem
445 2821 626 2856 habentium,
644 2819 727 2850 Datis
739 2819 812 2856 apud
827 2823 861 2848 St
895 2821 953 2849 alar
961 2820 1043 2858 fiper
1062 2824 1145 2851 Mare
1159 2823 1259 2855 Tertia

202 2856 261 2886 Die
277 2856 382 2886 Meniis
401 2856 598 2893 Novembris,
616 2858 650 2887 &
665 2866 714 2893 per
729 2856 854 2886 eundern
918 2857 1116 2895 nsanguineum
1130 2860 1259 2890 nostrum

201 2897 298 2932 Regem
311 2894 438 2929 carolem
453 2895 503 2930 sub
519 2893 632 2933 Magno
653 2894 702 2925 suo
714 2894 812 2933 Sigillo
828 2895 901 2932 apud
917 2896 1076 2925 Mountibus
1098 2896 1259 2928 Sexradeci-

203 2934 252 2964 ma
268 2933 327 2964 Die
350 2933 522 2964 Decembris
544 2936 646 2964 exiunc
663 2933 796 2970 proximo
815 2931 946 2969 sequente
969 2932 1176 2972 confirmatas,
1193 2946 1260 2967 nec-

202 2982 264 3002 non
276 2971 328 3002 suis
344 2972 443 3002 Literis
456 2971 604 3009 superinde
617 2971 687 3001 Obli
707 2971 820 3009 atoriis,
838 2970 920 3002 Datis
933 2972 1007 3010 apud
1014 2972 1134 3012 Amboys
1148 2973 1260 3006 Tertia-

200 3010 316 3041 decimu
332 3010 391 3047 Die
406 3010 529 3047 ejusdem
549 3009 660 3044 Mnnsis
713 3009 852 3040 ecembn's
865 3031 876 3048 ‚
900 3010 987 3040 Anno
1002 3009 1126 3040 Domini
1142 3011 1260 3044 Millefi-

199 3058 252 3079 mo
266 3049 556 3088 Qadringentefimo
572 3047 775 3085 Nonagefimo
789 3048 930 3086 secundo,
947 3048 1105 3086 pleniffime
1122 3049 1225 3090 liquet,

239 3088 322 3125 Quas
341 3088 456 3125 quidem
479 3087 586 3117 Literas
607 3095 640 3116 ac
660 3088 758 3116 omnia
775 3086 809 3117 &
830 3086 934 3125 singula
955 3096 1088 3118 contenta
1110 3089 1138 3117 in
1153 3089 1257 3121 eisdem

198 3124 400 3156 Illustriffimus
417 3125 552 3163 Princeps
567 3128 628 3159 Rex
641 3124 802 3154 Lodowicus
817 3122 1049 3164 consanguineus
1064 3125 1161 3156 noster
1180 3137 1257 3158 ante-

197 3163 291 3194 dictus
305 3174 358 3201 pro
374 3164 426 3202 Se,
445 3164 631 3201 Haeredibus,
648 3164 682 3195 &
703 3162 855 3201 Affignatis
875 3162 926 3193 suis
939 3163 1135 3203 Approbavit,
1153 3164 1256 3197 Ratifi-

195 3204 289 3241 oevk,
307 3203 341 3233 &
354 3201 563 3239 confirmavit,

233 3242 328 3280 Atque
339 3241 373 3270 ad
390 3240 500 3272 fidelem
515 3243 548 3272 &
564 3240 687 3275 debitam
699 3240 880 3273 Solutionem
897 3240 930 3271 &
949 3239 1175 3271 satisfactionem
1188 3240 1251 3273 Re-

195 3279 265 3311 fidui
283 3281 316 3310 &
330 3278 413 3309 Resti
425 3279 512 3309 di&ae
527 3279 654 3309 Summae
670 3282 901 3318 Septingentarum
910 3278 1107 3317 Quadraginta
1121 3277 1159 3313 ὠ
1173 3285 1253 3320 quin-

193 3329 244 3360 que
258 3317 380 3348 Mllium
393 3321 557 3347 Coronarum
573 3320 663 3355 Auri,
683 3317 769 3362 Loco
781 3317 823 3360 ⁵&
842 3316 1008 3361 Terminis,
1023 3319 1052 3347 in
1068 3317 1250 3366 Literisxdiffi

193 3366 303 3427 ‘12‘3122’525
311 3355 1001 3432 ’ἷξέἒρξῖἔέἶὲἶῇόῐῗ[Εὲἒὲἲιὲρέὲῖῗῗὲἒέ
1015 3355 1248 3425 ἰἶῖἓηῗῗιὶὲοῑξιῗ

193 3434 305 3471 scriptas
319 3457 328 3470 ,
351 3443 385 3463 ac
409 3443 458 3471 per
479 3432 584 3464 Sanetii
599 3442 690 3463 imum
714 3431 879 3463 Dominum
899 3431 1029 3462 nostrum
1049 3431 1246 3463 Alexandrum

191 3480 274 3510 nuper
294 3474 399 3510 Papam
412 3495 422 3509 ,
446 3472 502 3501 una
524 3481 592 3501 cum
619 3471 747 3501 Decreto
766 3470 802 3500 de
822 3469 962 3509 praedietis
983 3469 1177 3502 Solutionibus
1193 3472 1243 3502 sub

191 3510 285 3540 Poena
297 3509 429 3540 Camerae
445 3509 620 3548 Apostolicae
637 3508 826 3540 Observandis
842 3532 851 3546 ,
873 3509 1051 3547 Approbatas
1070 3510 1104 3540 &
1126 3508 1244 3541 Confir-

190 3557 278 3578 matas
292 3570 302 3585 ,
322 3548 359 3578 Se
372 3571 381 3585 ,
404 3547 568 3586 Haeredesq3
585 3550 618 3579 &
637 3546 816 3578 soccessores
833 3548 895 3578 suos
911 3547 1033 3577 astrinxit
1053 3548 1086 3578 &
1103 3547 1244 3587 submifit,

190 3595 274 3625 prout
291 3588 319 3615 in
343 3586 440 3616 Literis
459 3586 511 3616 suis
528 3586 644 3622 desuper
660 3586 800 3616 confeffis
819 3586 830 3621 (
853 3595 953 3617 uarum
974 3585 1050 3616 Data
1067 3585 1108 3616 est
1123 3588 1191 3615 Pari
1200 3597 1241 3616 rur

191 3623 412 3663 Qartadecima
431 3623 490 3654 Die
509 3623 616 3654 Menfis
628 3623 695 3660 Julii
708 3645 717 3660 ‚
736 3623 824 3653 Anno
876 3624 969 3654 omini
987 3622 1142 3655 Millefimo
1197 3635 1243 3655 ua-

188 3662 408 3702 dringentefimo
434 3661 632 3700 Nonagelimo
655 3661 775 3696 octavo)
802 3661 911 3698 plenius
930 3663 1092 3692 continetur
1106 3685 1115 3700 ,
1139 3663 1240 3694 verum

186 3703 272 3733 etiam
291 3710 342 3739 per
359 3700 410 3729 alia
429 3700 537 3738 Scripta
559 3700 608 3730 sub
632 3699 724 3730 Poena
748 3698 1061 3730 Excomtnunicationis
1086 3700 1148 3731 latae
1167 3701 1237 3732 Sen-

186 3742 280 3772 tentiae
297 3739 324 3769 se
338 3739 491 3777 obligavit,

224 3779 271 3809 De
287 3777 388 3816 quibus
400 3776 515 3814 quidem
535 3779 642 3813 Viginti
653 3775 692 3810 ό·
707 3778 821 3817 quinque
836 3775 961 3806 Millibus
973 3779 1133 3807 Francorum
1145 3780 1173 3806 in
1189 3780 1239 3807 Co-

184 3821 256 3847 ronis
280 3819 377 3852 Auri,
403 3820 525 3845 fatemur
547 3815 645 3844 Nobis
664 3823 716 3853 pro
733 3814 878 3845 Termino
893 3814 1032 3853 praedicsto
1050 3815 1165 3847 fideliter
1180 3816 1237 3846 esse

185 3855 334 3893 Solutum,
351 3855 385 3886 &
402 3853 524 3884 eundem
543 3853 668 3883 Fratrem
683 3853 716 3883 &
733 3851 846 3883 Consan
868 3854 982 3884 uineum
997 3853 1124 3884 nostrum
1141 3857 1236 3891 Regem

184 3895 359 3923 Lodowrcum
385 3891 575 3931 Haeredesque
601 3891 662 3922 suos
685 3890 829 3929 superinde
886 3901 916 3924 re
940 3891 1064 3930 Qietos
1084 3893 1118 3924 &
1137 3892 1236 3924 exinde

182 3933 267 3971 plene
285 3931 464 3962 Exoneratos.

220 3969 256 4000 In
269 3971 363 4007 cujus,
379 3971 439 4000 δίς,

222 4044 313 4076 Teste
332 4044 414 4084 Rege
429 4044 502 4085 apud
519 4043 791 4086 Westmonasterium,
811 4043 925 4084 Quinto
942 4042 988 4078 die
1004 4042 1193 4077 Novembris.

211 4121 273 4153 Fiat
287 4119 481 4160 Commiffio,

1317 239 1800 288 PUBLICA.

2291 268 2310 295 2
2319 259 2369 308 63

1346 326 1483 366 Direcsta,
2378 337 2458 369 Ann.
2474 335 2515 370 D.

1344 364 1467 410 Gilberto
1480 366 1594 405 Talbot,
1613 367 1701 399 Militi
1718 369 1867 408 Deputato
1881 369 1966 403 Villae
1981 372 2083 404 nostrae
2098 372 2198 405 Calefii
2207 398 2216 412 ‚
2405 377 2490 414 1508.

1342 402 1619 449 &bardo-Carewe,
1639 407 1729 450 Militi
1748 408 1970 440 Locumtenenti
1990 411 2085 442 Castri
2102 413 2190 444 nostri
2206 411 2325 454 Calefii,
2378 418 2442 443 Hen.
2464 425 2491 448 7·

1346 444 1361 457 ⁴
1381 443 1487 486 Hugorgt
1503 446 1616 483 Conwey
1632 445 1719 475 Militi
1736 445 1923 479 Thesaurario
1941 448 2039 480 nostro
2057 450 2139 481 Villae
2158 451 2318 490 praedictae,
2381 456 2397 471 '¹‘
2429 454 2502 481 XIH

1344 478 1471 516 Johanm
1488 480 1628 518 Wiltsbjre
1645 482 1735 514 Militi
1753 483 2011 518 Contrarotulatori
2028 488 2149 526 ejusdem
2167 489 2266 528 Villae,
2385 499 2450 527 233·

1345 515 1466 546 Waltero
1480 518 1604 556 Culpeper
1623 521 1791 560 Armigero,

1343 554 1381 584 Et
1399 554 1527 598 Johanni
1541 559 1667 598 Meautys
1683 559 1818 598 Clerico‚
2074 599 2077 600 ⁷

1330 592 1487 635 'Quinque
1502 615 1511 631 2
1531 593 1662 632 Qatuor
1681 598 1725 627 vel
1742 599 1846 630 Tribus
1864 610 1964 631 eorum
1979 624 1988 639 ,
2013 601 2046 631 ad
2065 601 2276 640 Recipiendurn
2293 613 2365 642 prae-

1307 629 1413 660 dustam
1431 631 1582 675 Summam
1600 636 1706 670 Viginti
1721 635 1758 670 ὠ·
1775 641 1889 677 quinque
1907 639 2028 668 Millium
2041 643 2204 670 Francorum
2220 643 2366 679 praediHo-

1307 678 1367 697 rum
1380 691 1388 706 ,
1408 668 1542 700 Domino
1558 670 1656 701 nostro
1677 672 1753 708 Regi
1773 678 1862 704 Primo
1887 680 1940 706 Die
1962 678 2127 707 Novembris
2148 682 2235 708 Anna
2254 682 2366 709 Domini

1309 706 1451 775 Millefimf
1464 708 1683 750 Qingentefimo
1700 712 1797 741 ociavo
1815 713 1978 745 debitorum
1995 716 2028 746 &
2047 716 2248 748 solvendorum
2265 719 2293 748 in
2307 718 2366 748 for-

1310 753 1356 774 ma
1374 755 1431 775 con
1443 755 1515 777 ueta.

1501 875 1551 906 De
1568 873 1786 908 Pardonatione
1798 888 1855 923 pro
1870 878 2007 924 Epifiopo
2025 881 2168 916 Dunolm.

1399 955 1431 987 X
1449 958 1600 996 omnibus,
1617 958 1652 989 ad
1671 969 1758 998 quos,
1775 961 1836 992 &c.
1852 961 1987 993 Salutem.
2383 955 2514 988 Anu-Dss

1311 957 1368 1038 R
1406 995 1504 1026 Sciatis
1522 999 1601 1034 quod
1621 997 1688 1028 Nos
1706 1021 1715 1036 ,
1739 1000 1776 1029 de
1795 1000 1893 1031 Gratia
1911 1001 2005 1031 nostra
2019 1001 2129 1039 speciali
2143 1025 2153 1040 ‚
2171 1012 2205 1033 ac
2232 1013 2266 1034 ex
2290 1011 2365 1034 certa
2404 996 2490 1033 1503·

1309 1030 1432 1063 Scientia
1452 1035 1485 1064 &
1507 1044 1587 1065 mero
1607 1035 1696 1066 Motu
1714 1037 1833 1076 nostris,
1851 1037 2144 1078 PARDouavmus,
2161 1040 2364 1079 Ramsmus,
2381 1039 2432 1062 ²³⁷¹-
2451 1044 2496 1069 24·

1308 1069 1343 1100 &
1361 1071 1607 1104 Remxavmus
1623 1098 1633 1111 ‚
1655 1084 1688 1105 ac
1704 1085 1752 1112 per
1772 1075 1922 1107 Praesentes
1945 1077 2181 1109 PARDONAMUS
2195 1103 2205 1118 ,
2230 1080 2363 1110 Rern-r-
2381 1077 2414 1099 H.
2436 1082 2463 1106 7·

1311 1115 1417 1139 'rmus
1434 1135 1443 1147 ,
1470 1112 1503 1140 ὅ(
1522 1111 1731 1144 RELAXAMUS
1751 1113 1911 1146 Venerabili
1928 1116 1958 1146 in
1977 1116 2094 1146 Christo
2113 1117 2188 1147 Patri
2205 1116 2366 1157 christoforo
2380 1114 2436 1138 Pat.
2454 1121 2499 1146 24⁴-

1310 1147 1488 1190 Dunolmenfi
1499 1151 1526 1178 Ε
1543 1149 1710 1189 ifiopo,alias
1728 1152 1807 1182 disto
1824 1152 1983 1193 Chrtstoforo
1998 1154 2126 1194 Durefine
2144 1155 2287 1195 Epificpo,
2304 1157 2367 1186 alias
2385 1153 2411 1175 H
2413 1156 2512 1186 -7·P·3·

1309 1184 1388 1216 dicto
1412 1157 1573 1226 christforo
1589 1189 1726 1227 Baynbrig
1746 1190 1845 1220 clerico
1868 1202 1958 1229 nuper
1985 1192 2107 1223 Custodi
2127 1193 2304 1224 Rotulorum
2335 1197 2368 1226 &
2385 1196 2420 1214 '⁷¹-
2439 1196 2463 1221 7·

1310 1223 1515 1255 Recordorum
1535 1225 1718 1258 Cancellariae
1738 1229 1859 1267 nostrae,
1876 1230 1941 1260 alias
1959 1231 2037 1260 dic‘to
2056 1230 2217 1270 christoforo
2232 1233 2369 1272 Baynbrig

1309 1271 1398 1299 nuper
1415 1263 1615 1294 Archidiacono
1629 1268 1727 1295 Surriae
1742 1289 1752 1304 ,
1768 1267 1832 1297 alias
1849 1268 1928 1299 dioto
1946 1267 2106 1308 Christqfhro
2120 1271 2256 1308 Baynbrrg
2268 1271 2368 1301 Clerico

1309 1303 1359 1330 uni
1375 1300 1568 1332 Executorum
1586 1303 1764 1336 Testamenti
1780 1305 1886 1335 Thomae
1900 1317 1989 1345 nuper
2008 1307 2203 1348 bVintoniez-fir
2228 1309 2366 1348 Eptfiopi,

1309 1339 1373 1369 alias
1391 1340 1462 1370 die-”ti
1481 1340 1588 1370 Thomae
1608 1352 1694 1379 nuper
1711 1342 1831 1382 Epifiopi
1847 1348 1944 1374 Sarum
1957 1369 1966 1383 ‚
1988 1346 2052 1376 alias
2068 1345 2137 1376 dieti
2155 1347 2260 1376 Thomae
2279 1358 2367 1385 nuper

1310 1380 1455 1408 Mencven.
1479 1379 1598 1418 Epfiapi
1612 1403 1621 1417 ,
1648 1380 1694 1411 seu
1711 1391 1898 1420 quocumque
1915 1384 1970 1414 alio
1989 1383 2121 1414 Nomine
2140 1384 2195 1414 sive
2212 1385 2368 1416 Additione

1311 1414 1452 1446 Nominis
1469 1419 1514 1447 vel
1531 1418 1684 1456 Dignitatis
1702 1420 1778 1449 idem
1797 1430 1885 1458 nuper
1902 1421 2016 1451 Thomas
2040 1423 2069 1451 in
2090 1422 2153 1452 Vita
2171 1423 2215 1452 sua
2234 1424 2368 1454 censeba-

1311 1462 1355 1484 tur
1369 1455 1438 1496 ,seu
1454 1466 1638 1494 quocumque
1653 1457 1707 1487 alio
1725 1458 1860 1490 Nomine
1878 1459 1923 1490 seu
1943 1460 2089 1498 Dignitate
2106 1461 2183 1490 idern
2192 1460 2369 1500 Christ’oforur

1313 1497 1454 1523 cenieatur
1468 1517 1478 1531 ,
1504 1495 1673 1525 omnimoda
1701 1495 1895 1534 Mesprisiones
1913 1521 1922 1535 ,
1942 1497 2165 1529 Concelamenta
2180 1522 2189 1537 ,
2213 1499 2346 1534 Offensas,
2357 1523 2368 1539 ,

1312 1530 1552 1570 Transgressiones
1563 1555 1573 1570 ,
1590 1532 1785 1572 Contemptus
1804 1559 1814 1572 ,
1833 1535 2006 1567 Omiffiones
2024 1559 2034 1574 ,
2051 1536 2266 1576 Negligentias‚
2283 1538 2368 1576 Igno-

1312 1570 1427 1608 rantias,
1446 1570 1572 1601 Felonias
1585 1595 1594 1608 ,
1612 1571 1878 1604 Confoederationes
1893 1597 1903 1613 ,
1921 1574 2113 1612 Imperitiones
2128 1598 2137 1612 ,
2156 1575 2367 1615 Decepriones,

1311 1606 1505 1647 Exrortiones,
1521 1609 1728 1648 Imbraciarias,
1748 1611 1885 1642 indebitas
1905 1613 2078 1643 Prolationes
2099 1613 2278 1652 Verborum,
2296 1614 2365 1645 Ma-

1312 1648 1502 1685 nutenentias,
1518 1647 1735 1686 Cambipartias,
1755 1648 1911 1687 Fallitates,
1932 1651 2111 1689 Allegantias,
2122 1650 2276 1689 Captiones
2294 1654 2365 1684 Feo-

1314 1684 1419 1715 dotum
1435 1686 1482 1716 vel
1502 1686 1698 1725 Regardorurn
1715 1696 1762 1718 aut
1780 1687 1972 1718 Denariorum
1989 1690 2139 1726 Summas,
2156 1700 2188 1720 ac
2207 1692 2256 1720 alia
2273 1690 2369 1721 Mile-

1310 1722 1383 1754 faeta
1391 1733 1581 1762 quaecumque
1593 1747 1603 1762 ,
1621 1735 1669 1764 per
1688 1725 1776 1762 ipsum
1793 1725 1984 1765 christoforum
2001 1728 2034 1758 δι’,
2054 1737 2100 1764 per
2117 1728 2284 1765 praedictum
2301 1731 2371 1760 Tko-

1313 1772 1385 1790 mam
1412 1763 1445 1792 &
1467 1762 1584 1793 alterum
1611 1773 1710 1793 eorum
1733 1773 1796 1794 ante
1827 1772 1990 1802 praeientem
2022 1764 2112 1796 Diem
2139 1768 2368 1807 qualitercunque

1311 1799 1401 1838 facia,
1417 1801 1511 1832 habita
1530 1801 1585 1831 live
1602 1811 1771 1839 perpetrata,

1349 1838 1475 1868 Necnon
1502 1839 1695 1869 Forisfacsturas
1710 1862 1719 1875 ,
1739 1839 1883 1877 Rupturas
1902 1863 1911 1878 ,
1929 1840 2105 1871 violationes
2122 1863 2132 1879 ,
2157 1841 2368 1880 Transgreslio-

1310 1885 1376 1908 nes,
1393 1877 1523 1907 Offensas
1541 1878 1573 1908 δε
1587 1877 1638 1908 alia
1656 1877 1808 1909 Malefaeta
1826 1880 2096 1917 quaecumque,tam
2113 1890 2162 1917 per
2180 1881 2269 1918 ipsum
2288 1883 2368 1913 Chri-

1310 1913 1436 1953 ftqfhrum
1461 1917 1546 1953 quam
1572 1926 1620 1954 per
1645 1916 1733 1953 ipsum
1758 1916 1887 1946 Thomam
1909 1919 1937 1946 in
1957 1917 2022 1947 Vita
2039 1918 2084 1947 sua
2102 1917 2173 1948 facia
2192 1919 2248 1949 sive
2266 1930 2367 1959 perpe-

1311 1961 1377 1982 trata
1389 1976 1398 1991 ,
1413 1963 1514 1984 contra
1528 1955 1648 1983 formam
1665 1964 1915 1994 quorumcumque
1932 1955 2122 1994 Srarmorum,
2143 1957 2269 1988 Aetuum
2280 1982 2290 1998 ,
2308 1961 2368 1991 Or-

1313 1990 1504 2030 dinationum,
1523 1992 1735 2031 Provifionum,
1753 1994 1813 2024 &c.

1348 2066 1440 2103 Teste
1457 2067 1541 2107 Rege
1558 2067 1632 2106 apud
1651 2067 1904 2109 Wstmomgllerium
1916 2093 1927 2110 ,
1944 2071 2098 2102 undecimo
2111 2072 2158 2103 die
2176 2073 2367 2107 Novembris.

1996 2151 2051 2179 Per
2063 2148 2146 2189 ipsicm
2158 2153 2263 2188 Regem.

1636 2275 1695 2305 Pro
1719 2273 1857 2319 Epifiopo
1883 2271 2035 2316 cicestren.

1309 2355 1428 2412 REX
1445 2358 1595 2396 omnibus,
1613 2358 1647 2388 ad
1665 2367 1752 2396 qum,
1771 2358 1832 2389 &c.
1853 2357 1986 2389 Salutem.
2385 2363 2461 2394 Ann.
2473 2365 2515 2395 D.

1406 2395 1506 2426 Sciatis
1524 2396 1603 2434 quod
1624 2396 1693 2426 Nos
1711 2419 1721 2434 ,
1738 2397 1774 2426 de
1795 2396 1894 2427 Gratia
1913 2397 2008 2428 nostra
2026 2397 2158 2437 speciali,
2181 2409 2215 2431 ac
2233 2408 2268 2431 ex
2286 2400 2363 2432 certa
2404 2404 2489 2438 1508.

1304 2430 1428 2464 Scientia
1444 2436 1477 2465 ὃς
1496 2444 1576 2465 mero
1596 2434 1683 2465 Motu
1707 2434 1809 2464 nostris
1824 2457 1833 2472 ,
1859 2434 1998 2466 Dedimus
2020 2439 2054 2467 &
2080 2437 2278 2469 Conceffimus
2294 2462 2302 2476 ,
2328 2449 2362 2470 ac
2381 2438 2433 2468 Ari.
2449 2453 2493 2479 24.

1303 2479 1352 2506 per
1370 2471 1522 2503 Praesentes
1538 2473 1649 2503 Damus
1665 2473 1697 2502 &
1718 2471 1917 2504 Concedimus
1935 2473 2094 2505 Venerabili
2110 2477 2139 2505 in
2159 2475 2275 2507 Christo
2289 2478 2362 2507 Patri
2379 2485 2413 2507 H.
2433 2490 2459 2514 7.

1305 2509 1419 2539 Roberto
1435 2510 1586 2551 cicestreufi
1605 2510 1729 2549 Episiopo
1753 2513 1852 2541 omnia
1868 2513 1901 2542 &
1920 2512 2023 2551 singula
2041 2513 2140 2544 Exitus
2156 2515 2190 2544 &
2209 2515 2358 2554 Proficua,
2377 2519 2441 2546 Ibid-

1303 2546 1409 2577 Firmas
1425 2571 1434 2585 ,
1454 2549 1592 2580 Redditus
1609 2574 1619 2587 ,
1638 2550 1849 2586 Revemioncs,
1862 2549 1946 2588 Jura‚
1966 2551 2134 2590 Avantagia,
2152 2551 2358 2585 Commodita-
2378 2566 2413 2584 m.
2429 2566 2459 2592 5.

1302 2593 1361 2623 tes,
1379 2586 1467 2616 Feodi
1486 2587 1608 2624 Firmus,
1627 2589 1660 2618 δί
1678 2588 1729 2618 alia
1737 2587 1940 2618 Emolumenta
1957 2599 2121 2628 quaecumq,
2139 2600 2206 2620 cum
2224 2593 2361 2623 omnibus

1301 2623 1336 2653 &
1353 2624 1463 2661 ungulis
1482 2626 1533 2656 suis
1548 2627 1718 2664 pertinentiis
1736 2626 1770 2656 &
1787 2625 1978 2663 dependentiis
1994 2650 2004 2666 ,
2027 2629 2159 2658 omnium
2185 2630 2219 2660 &
2235 2629 2362 2666 singulo-

1300 2671 1366 2691 rum
1386 2663 1571 2702 Castrorum,
1586 2664 1795 2694 Dominiorum
1814 2686 1824 2701 ,
1844 2663 2058 2703 Maneriorum,
2073 2666 2244 2704 Terrarum,
2261 2669 2361 2699 Tene-

1300 2709 1478 2739 mentorum‚
1494 2701 1738 2739 Hundredorum,
1754 2702 1890 2733 Villarum
1901 2725 1910 2740 ‚
1926 2703 2106 2740 Villatarum,
2118 2703 2359 2746 Hamelecrorurn,

1299 2737 1538 2770 Molendinorum
1553 2765 1562 2778 ,
1582 2739 1766 2770 Vivariorum
1783 2762 1794 2777 ,
1813 2740 1996 2771 Piscariarum
2009 2763 2018 2778 ,
2036 2740 2233 2780 Pasturarum,
2255 2743 2357 2775 Mora—

1298 2786 1362 2806 rum
1377 2800 1386 2815 ,
1406 2777 1596 2808 Marilcorum
1612 2800 1622 2815 ,
1641 2777 1822 2808 Forestarum
1838 2801 1848 2814 ,
1867 2777 2046 2808 Chacoerum
2061 2801 2070 2815 ‚
2090 2779 2263 2817 Parcorurn,
2281 2783 2358 2814 Wa-

1296 2824 1466 2854 renmarum,
1483 2814 1890 2854 Communium,Vastorum,
1909 2816 2353 2859 Purpresturarumssoscomm,

1298 2852 1464 2891 Feriarum,
1497 2853 1694 2884 Mercatorum
1717 2876 1726 2891 ,
1757 2852 1948 2883 Tolnetarum
1965 2875 1975 2891 ,
2007 2854 2205 2892 Officiorum,
2237 2857 2354 2890 Visuum

1298 2889 1481 2930 Franciplegii
1495 2914 1505 2929 ,
1526 2891 1658 2923 Letarum
1678 2890 1828 2921 Curiarum
1843 2913 1853 2928 ,
1879 2891 2055 2922 Libertatum
2071 2917 2080 2930 ,
2100 2893 2122 2922 F
2125 2894 2328 2926 ranchesiarum
2344 2921 2355 2936 ,

1297 2927 1494 2968 Escaetarum,
1514 2929 1678 2960 feodorum
1697 2927 1842 2966 Militum,
1862 2928 2064 2968 servitiorum,
2081 2931 2355 2972 Wardorum,Ma-

1297 2967 1460 3005 ritagiorum
1496 2967 1700 3005 Releviorum,
1716 2967 1912 2997 Heriettorum
1927 2990 1938 3006 ,
1955 2967 2157 2999 Custumarum
2174 2972 2208 3000 &
2225 2971 2356 3003 Consue-

1296 3005 1425 3036 tudinum
1440 3028 1450 3043 ,
1468 2990 1643 3037 Tenendum
1658 3013 1715 3036 tarn
1732 3005 1902 3035 Liberorum
1923 3006 2009 3044 quam
2028 3006 2204 3038 Nativorum
2217 3033 2226 3046 ‚
2251 3019 2284 3041 ac
2301 3011 2354 3041 Se-

1294 3043 1404 3074 ὄξει-ατη
1422 3045 1455 3075 &
1473 3044 1660 3075 Servitiorum
1678 3043 1845 3074 eorumdem
1863 3043 2059 3083 Tenentium,
2079 3055 2112 3076 ac
2131 3048 2263 3078 omnium
2282 3048 2347 3080 alia-

1293 3091 1357 3112 rum
1376 3083 1488 3113 Rerum
1506 3082 1713 3113 Poffeffionum
1731 3082 1766 3112 δε
1782 3081 2090 3113 Haereditamentorum
2099 3094 2351 3125 quorumcumque

1293 3119 1339 3151 Te
1392 3121 1508 3151 oralium
1535 3119 1718 3158 Episcopatus
1744 3119 1950 3158 Cicestrenfis‚
1974 3121 2018 3152 seu
2042 3122 2134 3152 eidem
2166 3123 2346 3162 Episcopatui

1293 3159 1338 3188 vel
1389 3159 1577 3197 emporalibus
1593 3157 1781 3196 Episcopatus
1797 3158 1865 3189 illius
1889 3160 2078 3196 quovismodo
2102 3162 2264 3198 pertinentia
2290 3164 2347 3195 five

1291 3196 1439 3234 spectantia
1454 3221 1464 3234 ,
1479 3207 1512 3227 ac
1531 3197 1711 3228 omnimodas
1734 3196 1947 3228 Advocationes
1968 3197 2157 3229 Ecclesiarum
2175 3222 2185 3237 ,
2212 3201 2347 3233 Abbaria-

1290 3245 1356 3265 rum
1370 3259 1380 3274 ‚
1402 3236 1583 3266 Prioratuum
1602 3260 1611 3273 ‚
1637 3234 1835 3273 Collegiorum
1849 3259 1859 3271 ,
1885 3235 2088 3273 Hospitalium,
2105 3237 2342 3278 praebendarum,

1291 3272 1484 3305 Cantariarum
1495 3295 1505 3312 ,
1522 3274 1799 3311 Heremitagiorum,
1818 3273 1983 3304 Liberarum
2002 3273 2179 3311 Capellarum
2195 3298 2204 3312 ,
2223 3278 2256 3307 &
2273 3278 2343 3308 alio-

1289 3321 1353 3341 rum
1369 3311 1575 3342 Beneficiorum
1593 3311 1853 3343 Ecclefiasticorum
1871 3312 1891 3330 ¹³
1911 3321 2161 3351 quorumcumque
2185 3315 2221 3343 de
2240 3316 2342 3346 Advo-
2363 3310 2378 3325 ⁸
2408 3312 2492 3343 Xm.

1285 3351 1397 3380 catione
1415 3349 1598 3388 Episcopatus
1617 3350 1741 3388 praedic‘ti
1760 3349 1948 3388 quovismodo
1966 3352 2163 3389 contingentes
2174 3352 2231 3382 five
2248 3363 2342 3385 emer-
2361 3357 2424 3386 234·

1285 3396 1403 3456 {entem
1429 3399 1478 3426 per
1503 3388 1572 3418 Nos
1594 3398 1661 3420 ante
1686 3387 1851 3426 praesentem
1869 3387 1959 3418 Diem
1977 3389 2097 3419 minime
2112 3389 2235 3421 Collatas
2254 3391 2342 3424 Datas

1296 3437 1342 3457 ive
1359 3427 1548 3465 praesentatas,

1321 3466 1399 3503 Quae
1416 3465 1450 3496 ad
1469 3465 1537 3496 Nos
1553 3465 1689 3503 pertinent
1705 3464 1750 3495 seu
1766 3465 1900 3502 pertinere
1918 3463 2054 3496 deberent
2081 3474 2127 3496 aut
2153 3467 2183 3496 in
2203 3466 2339 3501 Manibus

1281 3504 1382 3533 nostris
1397 3503 1516 3534 existunt
1530 3503 1574 3534 seu
1593 3502 1708 3533 existere
1724 3503 1858 3533 deberent
1876 3504 1980 3534 ratione
2000 3504 2045 3534 vel
2063 3504 2144 3535 causfi
2162 3505 2270 3537 ultimae
2280 3508 2338 3539 Va-

1280 3543 1398 3572 cationis
1419 3540 1604 3580 Episcopatus
1626 3541 1696 3571 illius
1721 3541 1864 3579 hucusque
1895 3541 2084 3580 quovismodo
2114 3546 2309 3580 provenientia
2322 3569 2335 3585 ,

1279 3579 1444 3617 crescentia,
1462 3580 1629 3619 emergentia
1646 3579 1703 3609 five
1717 3580 1926 3618 contingentia,

1314 3618 1472 3656 Habenda,
1491 3617 1642 3655 Levanda,
1661 3617 1862 3655 Percipienda‚
1880 3617 2041 3649 Retinenda
2055 3641 2065 3656 ‚
2083 3618 2259 3657 Gaudenda,
2277 3620 2331 3651 U-

1279 3657 1362 3687 tenda
1389 3659 1422 3688 &
1448 3655 1612 3687 Poffidenda
1635 3657 1731 3685 omnia
1756 3657 1790 3687 &
1816 3655 1920 3694 lingula
1946 3655 2088 3687 Praemiffa
2104 3680 2114 3695 ‚
2139 3667 2208 3687 cum
2225 3668 2328 3690 eorum

1272 3693 1388 3732 Juribus
1412 3695 1444 3726 δε
1470 3694 1645 3725 Pertinentiis
1673 3694 1804 3724 universis
1821 3717 1830 3731 ,
1853 3693 1934 3723 eidem
1952 3695 2075 3733 Episc'opo
2099 3705 2115 3725 a
2132 3695 2215 3725 Festo
2230 3696 2326 3729 Sansti

1277 3733 1425 3764 Michaelis
1443 3732 1631 3772 Archangeli,
1658 3731 1745 3762 Anno
1763 3732 1858 3771 Regni
1880 3731 1967 3762 nostri
1982 3733 2118 3764 vicelimo
2134 3735 2233 3770 terti0‚
2252 3736 2325 3767 huc-

1276 3772 1381 3811 usque,
1407 3772 1467 3802 tam
1493 3781 1541 3808 per
1567 3770 1672 3800 Manus
1695 3769 1753 3800 suas
1776 3771 1809 3801 &
1829 3769 2028 3801 Ministrorum
2047 3771 2157 3801 suorum
2175 3782 2227 3809 pro
2248 3775 2297 3804 rias
2313 3796 2325 3812 ,

1275 3813 1363 3848 quam
1387 3819 1435 3847 per
1461 3809 1564 3839 Manus
1580 3809 1713 3838 omnium
1731 3809 1765 3839 &
1784 3808 1957 3848 (iugulorum
1974 3819 2050 3839 nunc
2067 3810 2101 3841 &
2117 3819 2207 3847 nuper
2279 3822 2326 3843 ae-

1271 3856 1384 3887 torum,
1402 3847 1632 3884 vicecomitum,
1649 3845 1833 3884 Custodum,
1850 3847 1910 3878 &c.

1307 3924 1398 3958 Teste
1414 3923 1496 3964 Rege
1512 3923 1585 3964 apud
1600 3921 1872 3964 Wstmonasterium,
1890 3921 2025 3954 vicesimo
2039 3922 2086 3953 die
2101 3922 2287 3957 Novembris.

1949 4000 2003 4028 Per
2018 3998 2099 4038 ipfiam
2112 4001 2215 4040 Regem.

2242 4158 2318 4186 Com-
