2555 4266
703 187 813 228 ET
894 185 1167 229 ACTA

2 274 81 308 Ann.
93 274 135 306 D.
148 272 260 312 alicujus
276 271 394 308 Debiti,
411 269 588 301 Contrac‘rris
597 293 607 309 ,
617 279 663 302 aut
671 273 779 303 alterius
792 273 892 304 Causae
904 273 1104 312 cujuscumque
1127 268 1208 302 Gail-

31 315 117 354 1446.
148 312 255 342 lardum
272 313 382 340 Patrem
397 318 443 340 aut
463 309 587 347 aliquem
605 311 828 342 Antecessorum
845 312 968 350 ejusdem
984 295 1122 341 Gaillarai
1142 308 1207 353 Εἱζίἑ

2 359 69 385 Heri.
85 356 114 383 6.
147 350 282 381 tanoentis
298 350 352 378 live
368 349 582 386 concerneniiS,
599 351 700 388 moris,
720 350 883 389 movendis,
902 352 958 381 sive
973 350 1161 389 pendentibus
1177 357 1209 376 m

149 375 374 427 quibuscumque
387 386 481 417 Curiis
493 387 526 417 &
544 387 650 418 Placeis
661 388 779 428 nostris,
792 390 900 422 &alibi
913 389 984 419 infra
992 387 1141 418 Ducatum
1155 395 1209 417 no-

151 429 241 458 strum
253 426 434 462 Aquitanniae
448 425 646 463 supradicium.

185 465 219 496 In
235 465 334 501 cujus,
350 465 411 495 &c.
431 474 480 504 per
496 464 643 495 Biennium
657 467 791 506 proximo
810 465 935 496 fututum
949 463 1100 494 duraturas.

222 502 310 533 Teste
325 502 405 542 Rege
420 503 492 541 apud
511 504 846 543 Westmonasterium,xiv
861 504 907 534 die
923 501 1050 542 Augusti.

186 582 246 648 Peli·³
254 581 348 647 Byeve
362 580 531 626 der-Privato
544 579 652 619 sigillo,
668 578 707 615 ἔφ’
721 580 753 610 de
769 583 852 610 Data
861 579 1012 618 praedicla,
1029 579 1211 608 Austoritate

246 629 279 647 ar
291 626 411 649 iumenti.

304 747 364 778 Pro
383 742 527 791 Johanne
545 741 582 775 de
597 745 695 783 Pom,
722 744 834 776 Comite
852 742 888 776 de
905 743 1049 779 Kendale.

212 829 278 862 EX
296 830 447 866 omnibus,
464 827 498 858 ad
514 837 600 866 quos,
619 829 680 860 δερ.
708 827 844 859 Salutem.

5 843 130 876 Ann'D'
150 831 207 892 R
250 868 347 905 Cum,
365 866 522 898 carissimus
536 867 569 897 &
585 866 937 904 praedileousAvunculus
950 866 1062 904 noster,
1080 863 1208 904 Humfrt'-

2 884 112 959 ἐξιῇ,
147 907 196 936 dus
210 911 280 938 Dux
294 905 477 942 Glaucestriae‚
851 945 855 950 .

1 966 37 989 H.
52 963 78 988 ⁶·
203 946 321 976 Habens
336 967 344 981 ’
362 954 397 975 ex
411 942 607 974 Conceffione
620 944 713 975 ”Ostra
729 967 738 982 π
756 955 806 982 per
822 944 928 975 Literas
943 944 1048 975 nostras
1061 943 1209 980 Parentes,

148 984 284 1022 quamdiu
300 983 384 1013 nobis
397 982 550 1020 placuerit,
570 982 706 1013 Castrum
721 986 755 1014 ὅτ
769 982 969 1014 Castellaniam
982 983 1017 1013 de
1031 982 1163 1014 Maulion
1171 981 1207 1010 de

148 1022 214 1053 Sole
228 1023 262 1052 δεῖ
274 1021 440 1060 Balliagium
454 1021 489 1051 de
504 1021 530 1051 la
546 1020 708 1059 Bort,cum
725 1023 860 1052 omnibus
871 1023 1044 1060 pertinentiis
1055 1019 1209 1061 suis‚Red-

145 1061 267 1098 ditibus,
287 1058 481 1097 Molendinis,
498 1059 670 1098 Herbagiis,
690 1060 799 1099 Boscis,
819 1060 1048 1097 Emolumentis,
1066 1059 1099 1090 &
1112 1067 1207 1088 omni-

145 1101 198 1130 bus
210 1099 266 1129 aliis
275 1097 414 1129 Proficuis
423 1099 645 1139 quibuscumque
652 1123 662 1138 ,
670 1099 773 1130 eodem
783 1099 873 1130 modo
883 1110 940 1138 quo
948 1099 1068 1129 Karalus
1076 1098 1108 1127 de
1116 1100 1207 1126 Beau-

146 1145 220 1168 mont
245 1137 367 1168 Alferitz
381 1137 417 1167 de
433 1138 563 1168 Navarra
575 1148 606 1169 ea
619 1139 717 1169 habuit
730 1138 763 1169 ὃς
779 1139 869 1169 tenuit
884 1139 955 1169 dum
974 1138 1107 1174 vivebat,
1125 1142 1209 1173 prout

146 1177 177 1207 in
189 1175 292 1207 Literis
306 1176 448 1214 praediCtis
462 1176 570 1214 plenius
584 1178 763 1215 continetur,

177 1214 254 1245 Bene
269 1223 466 1252 contentetur,
483 1224 513 1245 ut
526 1215 647 1254 dicitur,
662 1215 695 1246 ea
711 1216 868 1246 intentione
885 1214 981 1253 quod,
999 1212 1159 1244 dileitus&
1169 1210 1205 1241 fi-

142 1253 211 1283 delis
227 1252 464 1290 consanguineus
478 1253 587 1290 noster,
603 1253 749 1292 Johannes
761 1254 793 1283 de
807 1257 893 1291 Foix,
912 1257 1001 1283 Comes
1017 1253 1049 1282 de
1065 1250 1208 1288 Kendale,

141 1291 315 1322 Vicecomes
328 1292 365 1322 de
380 1291 547 1329 Castillion,
565 1292 598 1322 δε
613 1291 760 1322 Dominus
775 1292 811 1322 de
825 1292 923 1322 Grelle
938 1316 946 1331 ,
963 1292 1041 1322 dicta
1056 1290 1189 1321 Castrum
1199 1312 1209 1326 ‚

142 1329 361 1368 Castellaniam,
378 1331 412 1361 ὃ(
428 1330 604 1369 Balliagium,
622 1332 656 1362 &
669 1330 720 1361 alia
736 1330 897 1369 Praemiffa,
907 1341 941 1361 ex
951 1328 1144 1361 Concessione
1153 1338 1208 1358 no-

144 1368 217 1404 stra,
235 1371 265 1399 in
277 1369 371 1399 forma
385 1368 575 1407 subsequenti,
596 1369 698 1399 habere
712 1368 813 1407 poffit,

181 1407 261 1446 Nos,
279 1407 387 1438 nedum
404 1406 564 1445 Praemissa,
582 1406 602 1436 si
615 1408 653 1437 ita
667 1407 700 1437 sit
714 1431 723 1445 ,
741 1408 842 1438 verum
857 1409 942 1438 etiarn
954 1408 1030 1438 bona
1044 1408 1077 1438 &
1091 1406 1210 1449 gratuita

142 1445 264 1476 Servitia
278 1469 287 1484 ,
307 1455 356 1483 per
375 1445 467 1482 ipsum
489 1444 742 1484 Consanguineum
765 1445 895 1476 nostrum
912 1447 995 1476 nobis
1011 1448 1152 1483 impenia,
1173 1445 1205 1474 &

145 1484 334 1522 imposterum
350 1483 558 1522 impendenda,
577 1484 802 1522 considerantes,
819 1484 856 1514 de
869 1484 967 1515 Gratia
985 1485 1078 1515 nostri
1095 1483 1208 1521 lpeciali

143 1522 314 1561 Conceffimus
327 1522 410 1551 eidem
425 1520 624 1560 Consbnguineo
641 1533 674 1551 no
699 1534 729 1551 ro
750 1522 884 1553 Castrum
898 1524 931 1553 &
949 1522 1145 1553 Custellaniam
1172 1522 1208 1551 de

145 1562 279 1592 Maulion
291 1560 328 1590 de
343 1560 410 1590 Sole
424 1561 458 1591 &
474 1560 637 1598 Balliagium
672 1571 688 1590 e
702 1561 727 1590 la
744 1560 810 1591 Bort
819 1584 828 1599 ,
847 1571 917 1591 curn
929 1563 1064 1592 omnibus
1080 1561 1129 1591 siis
1147 1572 1210 1599 per-

143 1600 266 1631 tinentiis
277 1621 288 1637 ,
306 1598 480 1629 Redditibus
493 1621 503 1636 ‚
523 1598 700 1629 Molendinis
714 1622 723 1637 ,
743 1599 897 1635 Herbagiis
912 1623 921 1638 ,
939 1600 1033 1631 Boscis
1051 1624 1059 1637 ,
1086 1600 1209 1630 Emolu-

143 1638 263 1675 mentis,
279 1638 315 1668 &
327 1637 463 1667 omnibus
485 1637 543 1667 aliis
566 1636 703 1668 Proficuis
725 1638 949 1677 quibuscumque
963 1663 972 1678 ,
991 1639 1093 1669 eodem
1117 1649 1209 1669 mono

142 1685 203 1721 quo
226 1675 313 1705 didus
335 1674 504 1705 Avunculus
525 1674 612 1715 nister
635 1686 667 1706 ea
683 1684 747 1707 ante
770 1677 834 1708 haec
853 1686 982 1716 tempora
1002 1678 1098 1709 habuit
1118 1678 1151 1708 «ἃ
1171 1687 1213 1709 te-

135 1723 198 1746 nuit

176 1737 314 1783 H’abenda
327 1774 337 1790 ‚
362 1753 488 1782 Ti’nenda
502 1777 512 1792 ‚
533 1752 711 1793 eustodienda
726 1777 736 1792 ,
755 1756 919 1793 occupanda
932 1778 942 1793 ,
961 1755 994 1786 &
1010 1756 1186 1794 Periipienda
1201 1779 1212 1795 ,

140 1791 276 1831 quamdiu
293 1791 392 1822 Nobis
405 1792 560 1830 placuerit,
580 1801 630 1830 per
644 1792 681 1823 Se
696 1802 743 1823 aut
757 1792 936 1832 Deputatum
949 1794 1028 1825 suum
1038 1796 1099 1832 ,vel
1111 1794 1214 1833 Depu—

139 1839 212 1862 tatos
235 1830 297 1861 suos
317 1829 488 1861 sufficientes
506 1853 516 1866 ,
532 1840 586 1868 pro
608 1831 709 1870 quibus
732 1831 897 1871 respondere
911 1832 1048 1872 volucrit,
1066 1834 1122 1864 una
1143 1844 1213 1865 cum

142 1870 278 1900 omnibus
298 1869 357 1899 aliis
379 1868 527 1900 Proficuis
541 1892 551 1908 ,
569 1868 759 1908 Redditibus,
779 1870 1024 1911 Reventionibus,
1041 1873 1075 1904 δε
1090 1871 1213 1904 Emolu-

144 1909 249 1939 mentis
265 1907 510 1946 quibuscumque,
528 1908 557 1937 in
570 1907 688 1947 Judicio
704 1910 738 1940 &
752 1917 842 1940 extra:

180 1947 199 1967 ³¹²
219 1946 340 1977 Proviso
351 1946 461 1984 semper
477 1947 557 1985 quod
575 1945 713 1986 prefatus
726 1946 942 1986 consanguineus
958 1948 1046 1989 noster
1060 1949 1136 1980 dieti
1153 1950 1212 1980 Ca-

143 1985 253 2023 strum,
272 1984 492 2025 castellaniam,
511 1985 689 2025 Balliagiurn,
707 1986 741 2017 δε
752 1988 803 2017 alia
820 1987 984 2026 Praemiffa,
1000 1988 1083 2018 nobis
1098 1988 1211 2019 &Hae-

141 2024 255 2056 redibus
268 2023 370 2054 nostris
389 2024 479 2062 (curn
493 2024 544 2054 fibi
557 2023 608 2055 sub
624 2023 740 2061 Magno
755 2025 800 2056 vel
811 2025 923 2057 Privato
940 2026 1040 2065 Sigillo
1056 2026 1154 2057 nostro
1168 2027 1215 2058 seu

141 2062 298 2131 lslbfmedum
316 2061 479 2093 nostrorum
494 2062 669 2094 Mandatum
685 2064 785 2102 fuerit)
806 2064 954 2097 Deliberet
970 2067 1004 2097 &
1019 2066 1131 2104 integre
1147 2065 1212 2096 Re-

183 2110 248 2132 tuet.

183 2139 217 2171 In
231 2140 326 2178 cujuS,
346 2140 408 2170 ὅτε.

216 2178 304 2209 Teste
324 2177 413 2217 Rege
426 2178 502 2217 apud
515 2177 796 2220 Wsbmonasterium‚
813 2180 869 2218 xxij
882 2180 929 2212 die
945 2180 1080 2219 Augusti.

37 999 104 1028 λύὴή

16 1962 38 1981 8
56 1963 111 1991 ΧΙ.

28 2000 91 2037 148.

723 2258 777 2288 Per
793 2259 887 2288 Breve
904 2258 936 2288 de
951 2260 1071 2289 Privato
1085 2256 1187 2297 Sigillo.

433 2385 494 2416 Pro
518 2380 666 2416 Liberata
681 2383 780 2415 Ducis
799 2379 947 2418 Eborum.

0 2471 78 2503 Ann.
90 2470 131 2502 D.
146 2466 268 2524 REX
285 2467 450 2507 Omnibus,
467 2466 503 2497 ad
514 2477 600 2506 qu03,
619 2468 681 2499 &c.
701 2466 835 2498 Salutem.

19 2509 108 2550 1446.
238 2508 340 2539 Sciatis
356 2508 438 2547 quod
452 2506 538 2550 Nos,
808 2545 813 2550 .
865 2545 870 2550 ⁴

0 2553 52 2577 Aa.
65 2559 110 2586 25.
182 2545 399 2578 Confiderantes
419 2545 536 2585 qualiter
553 2543 719 2589 Cariffirnus
735 2544 769 2575 &
785 2543 886 2574 Fidelis
907 2543 1147 2590 Consanguineus
1159 2556 1217 2593 no-

0 2593 35 2616 H.
53 2589 82 2616 6.
147 2585 203 2616 ster
216 2584 368 2615 Richardus
382 2588 453 2615 Dux
468 2583 587 2628 Ebovjfaem
601 2584 635 2614 ad
650 2582 807 2629 C1Vitatem
821 2582 946 2627 nostram
961 2584 1125 2628 Londoniae
1133 2607 1143 2623 ,
1154 2593 1214 2614 tam

0 2629 60 2654 Pat.
78 2635 123 2661 ²5·
150 2633 203 2662 pro
224 2623 354 2668 Materiis
370 2625 404 2655 &
422 2623 564 2668 Negotus
578 2621 682 2666 nostris¹
701 2631 771 2652 cum
787 2631 840 2666 pro
854 2622 914 2660 ipso
927 2624 1083 2654 miserimus
1095 2645 1106 2662 ,
1127 2625 1215 2662 quarn

0 2669 37 2731 Ξῖ
46 2666 104 2740 ἓζζ
116 2675 140 2692 ²·
149 2660 713 2744 p‘i‘ssggiiiia‘ffii'issss'sseeffiaiififfigssz’
721 2660 1101 2745 ἕξὲὲῖἒίἒέἷὲἓῖὥᾞίἑῗῑέἣ
1116 2704 1218 2740 Dua-s,

149 2739 368 2775 Affignavimus
395 2740 445 2770 libi
459 2762 470 2778 ,
496 2749 549 2777 pro
571 2739 716 2783 Termino
736 2746 811 2782 vrtae·
826 2738 882 2769 suae
895 2761 905 2777 ,
924 2749 978 2778 pro
994 2740 1126 2770 Liberata
1146 2741 1192 2770 sua
1207 2763 1217 2779 ,

147 2779 182 2810 &
200 2777 350 2821 Equorum
377 2777 493 2808 suorum
509 2801 518 2816 ,
543 2777 698 2808 Abbati-am
720 2777 753 2807 &
774 2776 879 2821 Villam
896 2777 932 2809 de
946 2778 1116 2823 Waltbam,
1133 2789 1220 2816 prout

146 2817 193 2846 alii
212 2815 322 2846 ibidem
341 2815 387 2846 seu
404 2817 472 2847 alibi
485 2824 548 2847 ante
569 2815 634 2846 haec
655 2824 829 2854 temporam
846 2816 939 2848 forma
958 2817 1095 2856 praedicta
1113 2818 1221 2849 habue-

152 2863 226 2886 runt.

184 2893 220 2926 In
233 2894 330 2932 cujus,
349 2894 413 2925 &c.

221 2931 312 2964 Teste
325 2931 411 2971 Rege
426 2930 502 2971 apud
517 2930 795 2971 westmonasterium,
813 2931 879 2969 xxvj
893 2930 939 2964 die
953 2932 1107 2965 Octobris.

722 3010 777 3039 Per
792 3011 886 3040 Breve
899 3009 931 3040 de
944 3012 1066 3041 Privato
1080 3010 1184 3050 Sigillo.

303 3138 364 3169 Pro
390 3133 537 3181 Johanne
555 3133 591 3167 de
605 3137 702 3179 Foix,
725 3136 841 3168 Comite
854 3134 891 3168 de
907 3136 1053 3174 Kendnle,

5 3219 85 3250 Ann.
99 3217 140 3249 D.
154 3217 274 3274 REX
295 3220 462 3258 Omnibus,
479 3220 514 3251 ad
529 3230 618 3259 quos,
638 3220 700 3252 &c.
719 3219 854 3251 Salutem.

31 3258 120 3297 1446.
245 3259 346 3290 Sciatis
360 3259 442 3298 quod
456 3258 541 3298 Nos,

3 3301 59 3325 An.
75 3306 120 3332 25·
191 3296 239 3328 De
254 3297 353 3328 Gratia
364 3297 457 3329 nostra
473 3297 601 3335 speciali,
618 3307 653 3328 ac
667 3295 889 3328 consideratione
905 3298 1049 3330 bonorum
1065 3301 1098 3332 δε
1113 3302 1220 3338 gratui-

5 3340 43 3364 H.
69 3336 97 3362 6.
155 3343 250 3366 torum
264 3335 469 3374 Servitiorum,
487 3346 569 3376 quae,
588 3335 746 3367 dilectus&
754 3335 844 3366 fidelis
859 3335 1095 3376 Consanguineus
1108 3339 1221 3378 noster,

8 3374 77 3409 Vasc.
99 3382 145 3409 ²5·
157 3373 302 3410 Johannes
313 3375 344 3404 de
356 3379 442 3412 Foix,
460 3378 552 3404 Comes
566 3375 599 3404 de
614 3373 741 3405 Kendale
750 3397 760 3412 ,
780 3375 953 3406 Vicecomes
966 3377 1001 3406 dc
1018 3376 1160 3409 Castillon
1169 3381 1220 3417 ,ὃς

9 3416 46 3440 Η.
68 3413 142 3440 6.m.
157 3412 304 3442 Dominus
318 3413 353 3443 de
364 3414 484 3454 Greily,
502 3414 584 3443 nobis
600 3413 758 3452 impendit,
777 3414 812 3445 δε
829 3414 973 3452 impendet
991 3417 1020 3445 in
1038 3417 1183 3455 futurum,

12 3459 42 3485 9.
193 3449 360 3488 Conccffimus
375 3453 459 3482 eidem
478 3451 679 3491 Corfinguineo
699 3451 786 3492 nostro
799 3475 809 3491 ,
827 3452 863 3483 de
882 3453 1055 3485 avisamento
1069 3456 1103 3487 δε
1117 3456 1224 3487 assensu

154 3487 285 3531 Concilii
298 3489 405 3528 nostri,
423 3489 556 3521 Castrum
570 3492 604 3522 &
617 3490 814 3522 Castellaniam
827 3491 864 3522 de
880 3490 1019 3523 Mauleon
1033 3493 1069 3524 de
1084 3493 1168 3533 Sole,
1188 3496 1223 3526 ὅτ.

156 3526 336 3561 Bailliagiuin
348 3527 384 3557 de
401 3528 528 3567 Labort,
547 3539 616 3560 cum
633 3531 769 3560 omnibus
789 3529 967 3561 Pertinentiis
990 3531 1041 3562 suis
1060 3554 1069 3569 ,
1087 3532 1221 3564 Redditi-

157 3566 211 3595 bus
221 3587 230 3602 ,
252 3563 429 3608 Molendinis
444 3589 454 3604 ,
469 3566 622 3604 Herbagiis
637 3591 648 3606 ,
664 3567 776 3606 Boscis,
793 3568 1025 3608 Emolumentis,
1040 3572 1073 3602 &
1088 3573 1225 3603 omnibus

155 3603 214 3634 aliis
229 3601 365 3632 Proficuis
380 3604 625 3643 quibuscumque,
642 3607 749 3637 eodem
762 3606 854 3637 modo
861 3608 1139 3646 qu0,cariffimusac
1147 3620 1222 3648 prae-

157 3642 277 3672 dilecCtus
294 3641 460 3671 Avunculus
473 3642 757 3683 noster,Humfridus
771 3649 842 3676 Dux
857 3645 1026 3686 Gloucestriae
1041 3658 1073 3678 ea
1087 3656 1151 3679 ante
1157 3649 1220 3680 haec

157 3689 290 3718 tempora
304 3679 401 3709 habuit
413 3680 446 3709 &
458 3682 563 3719 tenuit,

182 3718 321 3749 Habenda
332 3741 342 3755 ,
358 3717 482 3761 Tenenqla
490 3740 500 3756 ,
508 3718 684 3758 custodienda
691 3743 702 3759 ,
709 3721 871 3758 occupanda
879 3744 889 3760 ,
897 3722 930 3753 δε
940 3724 1114 3762 percipienda
1125 3735 1228 3764 quam-

157 3757 208 3788 diu
221 3757 256 3788 N
259 3758 322 3786 obis
337 3756 486 3794 placuerit,
505 3757 624 3801 per-Se,
637 3767 684 3790 aut
700 3759 878 3797 Deputatum
895 3760 994 3799 suum,
1012 3763 1057 3793 vel
1066 3763 1228 3801 Deputatos
1271 3775 1342 3795 enca
1356 3763 1411 3794 este
1428 3762 1558 3792 envoiees
1575 3759 1709 3798 plulseurs

159 3795 224 3826 suos
238 3795 406 3825 sufficientes
422 3817 431 3832 ,
450 3803 503 3831 pro
520 3796 623 3832 quibus
638 3797 685 3827 res
719 3799 804 3828 ndere
818 3798 938 3829 voluerit
974 3801 1030 3830 unii
1043 3811 1111 3831 cum
1132 3803 1230 3836 omni—

160 3835 212 3865 bus
227 3833 284 3864 aliis
293 3832 445 3876 Proficuis,
467 3831 656 3876 RedditibuS,
697 3837 940 3876 ertinentibus,&
951 3822 1161 3870 Emolumentis
1169 3841 1232 3879 qui-

161 3872 337 3910 buscumque
354 3895 363 3910 ,
383 3873 412 3901 in
425 3870 532 3909 judicio
549 3871 582 3901 ὃς
597 3881 672 3902 eirtra
685 3895 695 3910 ,
714 3874 941 3913 quibuscumque
957 3876 1060 3907 Literis
1074 3899 1084 3915 ,
1105 3878 1233 3916 Scriptu-

161 3911 276 3954 ris,-seu
291 3909 831 3950 Appunc‘tuamentis,qualitercumque
845 3914 924 3944 fastis
939 3914 984 3945 vel
998 3914 1099 3946 fiendis
1116 3917 1145 3946 in
1161 3927 1235 3947 con-

161 3956 282 3978 trarium
291 3972 300 3987 ‚
319 3959 378 3979 non
393 3948 584 3979 obstantibus:

206 3986 327 4017 Proviso
344 3988 452 4032 semper
468 3987 548 4031 qubsl
561 3985 698 4031 praefatur
714 3986 931 4033 Connsfanguineus
945 3990 1161 4059 ”gfff-dmum
1177 3992 1237 4023 Ca·-

166 4024 266 4063 strum,
274 4023 484 4062 Castellaniam,
495 4026 670 4062 Bailliagium
682 4048 690 4060 ,
698 4025 730 4054 ὃ(
748 4025 790 4054 illa
800 4025 946 4058 Praemissa
992 4031 1055 4060 obis
1063 4031 1095 4060 &
1103 4030 1238 4061 Haeredi-

166 4064 220 4094 bus
229 4062 330 4093 nostris
339 4064 349 4100 (
357 4065 428 4095 cum
438 4065 489 4095 fibi
496 4065 545 4094 sub
557 4063 671 4101 Magno
679 4064 722 4093 vel
734 4062 848 4093 Privato
856 4064 958 4101 sigillo
974 4067 1070 4097 nostro
1082 4068 1128 4098 seu
1136 4068 1240 4099 Haere-

160 4102 236 4133 dum
248 4101 410 4133 nostrorum
426 4102 598 4135 Mandatum
613 4103 718 4141 fuerit)
739 4101 887 4134 Deliberet
902 4103 935 4135 &
949 4104 1056 4145 integre
1072 4105 1220 4139 Restituat.

1249 183 1727 229 PUBLicA:
2238 203 2315 251 167

1290 268 1323 299 In
1340 270 1437 309 cujus,
1452 271 1512 301 &c.
2272 267 2275 270 Ι
2331 279 2407 312 Ann.
2423 281 2465 315 DJ

1322 307 1412 338 Teste
1440 309 1527 348 Rege
1548 310 1622 349 apud
1647 311 1921 352 Westmonasterium,
1939 317 2004 355 xviij
2024 318 2069 350 die
2086 318 2272 351 Novembris.
2330 320 2435 388 1113466.

1269 384 1322 413 Per
1337 386 1611 455 Βὲἰῖἳὲἔῑιξέἓνατο
1625 387 1736 427 Sigillo,
1757 387 1795 423 όν
1814 388 1846 418 de
1863 393 1944 420 Data
1957 396 2089 431 praediHa
2099 419 2109 435 ,
2128 397 2310 427 Austoritate

1433 549 1483 581 De
1500 550 1636 581 Licentia
1655 550 1744 583 eundi
1762 550 1806 584 ad
1824 555 1952 585 Terram
1969 555 2120 591 Sanrflam.

1255 629 1400 684 REX,
1418 632 1552 664 universis
1563 635 1597 666 δε
1613 634 1724 674 singulis
1738 635 1898 667 Admirallis
1910 659 1920 675 ,
1938 637 1999 668 ἃς.
2018 637 2053 668 ad
2075 649 2144 677 quos
2158 663 2167 678 ,
2183 644 2244 677 ἃς.
2259 645 2310 675 Sa·
2331 643 2458 676 Ann.D.

1329 670 1425 701 lutem.
2354 684 2441 721 1446.

1291 710 1393 740 Sciatis
1407 711 1486 749 quod
1495 733 1504 749 ,
2333 726 2386 748 An.
2396 729 2443 759 25.

1290 748 1349 779 Pro
1364 758 1400 779 eo
1416 749 1496 787 quod
1506 772 1516 788 ,
1534 749 1654 780 (111εᾶ113
1667 750 1700 780 &
1715 749 1801 780 fidelis
1817 750 1928 790 noster,
1943 753 2108 790 Reginaldus
2125 753 2195 793 Wst
2207 756 2291 789 Miles
2327 763 2362 786 H.
2384 762 2412 789 6.

1249 788 1301 827 qui
1315 787 1352 817 de
1368 787 1498 818 Licentia
1513 788 1607 818 nostra
1623 790 1710 819 versus
1719 788 1835 819 Curiam
1853 789 2016 822 Romanam
2034 794 2068 824 δε
2081 794 2143 823 alias
2157 793 2247 824 Partes
2260 783 2307 827 ex3
2325 801 2462 835 Franc.25.

1250 834 1321 856 teras
1333 849 1341 864 ‚
1360 826 1392 856 &
1408 825 1510 856 deinde
1528 827 1620 857 versus
1635 827 1754 858 Terram
1777 827 1912 859 Sanctam
1927 852 1938 868 ,
1956 841 2007 867 pro
2030 832 2103 862 votis
2118 832 2170 862 suis
2186 833 2307 874 ibidem,
2328 839 2362 863 H.
2382 838 2408 864 6.

1250 863 1319 895 Deo
1332 864 1431 903 dante,
1451 865 1662 904 perimplendis,
1684 867 1711 895 in
1726 868 1859 903 proximo
1874 868 1988 899 transire
2000 871 2153 908 proponit,
2332 883 2367 900 m.
2389 874 2417 901 8.

1289 904 1308 923 ‘¹‘
1325 902 1410 941 Nos,
1428 913 1463 933 ex
1479 905 1566 934 caulis
1581 905 1740 942 praediiiis,
1759 904 1795 934 de
1809 904 1910 936 Gratia
1921 907 2015 937 nostra
2033 908 2164 946 speciali,
2181 909 2310 942 Conces-
2352 912 2371 930 ²*
2391 912 2446 941 XI.

1251 941 1333 972 simus
1349 943 1382 974 ὃς
1395 942 1557 972 Licentiam
1576 942 1719 973 Dedimus
1732 944 1813 972 eidem
1828 945 1976 981 Reginaldo
1989 948 2068 984 quod
2085 946 2162 985 lpse,
2182 950 2310 986 quando·
2371 959 2430 985 ¹49.

1251 990 1376 1018 cumque
1397 981 1448 1011 fibi
1465 981 1620 1020 placuerit,
1636 981 1725 1012 versus
1745 980 1834 1012 Partes
1855 984 2002 1020 prcedic‘tas
2017 1007 2026 1022 ,
2053 996 2120 1016 curu
2150 987 2258 1025 Viginti
2278 990 2311 1020 ὃς

1252 1018 1384 1057 Quatuor
1400 1019 1542 1057 Famulis,
1558 1019 1696 1057 Triginta
1707 1020 1807 1058 Equis,
1826 1031 1859 1050 ac
1877 1023 1932 1052 aliis
1948 1022 2046 1053 Rebus
2061 1025 2093 1054 ὃ(
2106 1023 2248 1056 Hernefiis
2260 1027 2312 1057 suis

1251 1057 1335 1104 licitis
1348 1057 1590 1098 quibuscumque,
1607 1060 1635 1089 in
1653 1057 1804 1089 Comitiva
1817 1059 1879 1098 sua,
1897 1062 2007 1091 traniire
2019 1061 2103 1099 possit
2118 1063 2197 1094 licite
2213 1066 2247 1096 δε
2257 1066 2314 1095 im·

1273 1106 1342 1126 une·

1252 1105 1271 1134 p
1288 1133 1323 1164 Et
1334 1120 1406 1165 'ideb
1428 1136 1510 1166 vobis
1530 1133 1703 1166 Mandamus
1717 1135 1798 1175 quod
1811 1135 1893 1175 ipftaem
1908 1137 2085 1174 Reginaldum
2097 1162 2106 1178 ,
2126 1150 2196 1170 cum
2211 1141 2317 1173 Famu-

1250 1172 1301 1210 lis,
1321 1172 1424 1211 Equis,
1442 1173 1559 1212 Rebus,
1575 1174 1608 1206 δὲ
1624 1174 1766 1205 Hernesiis
1780 1175 1830 1205 suis
1845 1175 1929 1206 licitis
1943 1177 2183 1220 quibuscumque,
2201 1188 2230 1210 ut
2243 1190 2316 1218 prae-

1251 1211 1362 1241 dictum
1375 1211 1416 1242 est
1425 1234 1435 1249 ,
1454 1212 1541 1242 libere
1550 1215 1583 1244 &
1592 1213 1693 1252 absque
1701 1213 1908 1252 impedimento
1922 1215 2017 1253 aliquo
2033 1216 2124 1246 versus
2138 1215 2234 1248 Partes
2241 1229 2316 1257 prce-

1251 1249 1340 1279 dietas
1355 1251 1467 1280 transire
1482 1253 1664 1288 permittatis:

1290 1288 1469 1318 Durntamen
1484 1289 1571 1325 aliqua
1588 1290 1686 1320 Nobis
1701 1289 1746 1321 seu
1763 1290 1872 1328 Regno
1886 1291 1986 1322 nostro
2000 1292 2118 1330 Angli-ae
2132 1292 2318 1332 Praejudicia-

1251 1327 1303 1363 lia,
1322 1327 1366 1357 seu
1383 1327 1493 1357 Aurum
1510 1327 1556 1356 vel
1571 1327 1730 1366 Argentum
1746 1330 1776 1358 in
1796 1329 1886 1360 Marsa
1903 1331 1946 1360 vel
1964 1331 2086 1362 Moneta
2101 1355 2111 1369 ,
2129 1342 2316 1372 praeterquam

1252 1366 1428 1397 rationabiles
1444 1364 1583 1408 Expensas
1599 1366 1673 1404 suas,
1692 1367 1774 1403 usque
1791 1368 1894 1398 Villam
1912 1368 2038 1399 nostram
2054 1369 2173 1408 Calelii,
2192 1382 2225 1401 ac
2241 1372 2318 1403 Uno

1251 1404 1296 1434 vel
1312 1404 1434 1434 Duobus
1449 1403 1550 1440 Cipliis
1567 1404 1715 1443 Argenteis
1729 1405 1761 1436 ὃς
1783 1406 1923 1437 Deauratis
1941 1408 1990 1437 libi
2010 1407 2187 1440 deservituris
2203 1411 2232 1440 in
2249 1410 2318 1446 Via?

1251 1446 1299 1482 gio
1313 1443 1362 1472 suo
1379 1442 1536 1479 predicte,
1552 1441 1646 1473 secum
1663 1454 1723 1473 non
1739 1444 1844 1475 deferat
1857 1447 1957 1483 quovis
1973 1447 2085 1486 modo,-
2105 1447 2244 1486 aliquibus
2256 1449 2319 1480 Sta-

1251 1483 1332 1519 tutis,
1350 1480 1604 1519 OrdinationibuS,
1622 1481 1850 1522 Provisionibus,
1868 1483 1924 1514 sive
1939 1484 2075 1523 Affisfln
2089 1488 2264 1518 contrarium
2278 1488 2319 1519 fa-

1253 1521 1320 1558 έὶίς,
1339 1530 1397 1549 non
1412 1519 1595 1551 obstantibus·

1291 1558 1324 1589 In
1342 1559 1435 1596 cujus,
1453 1558 1515 1587 &c-

1327 1596 1416 1629 Teste
1437 1595 1520 1635 Rege
1534 1596 1608 1635 apud
1625 1595 1904 1637 Wstmonasterium,
1921 1598 2039 1631 decimo
2052 1601 2099 1632 die
2113 1601 2302 1635 Decembris.

2011 1679 2066 1707 Per
2078 1677 2159 1718 ipficm
2181 1682 2286 1718 Regem.

1476 1803 1526 1835 De
1543 1801 1646 1848 Officio
1666 1803 1806 1847 fldajoris
1822 1804 1932 1835 Baiana·
1948 1802 2096 1847 Concqffib.

1259 1890 1384 1946 REX
1401 1890 1564 1929 Omnibus,
1585 1890 1618 1921 ad
1637 1901 1724 1929 quos,
1746 1892 1808 1924 &c.
1828 1891 1964 1922 Salutem.
2345 1889 2475 1921 Anu-D»

1357 1929 1493 1961 Veridica
1508 1930 1642 1960 relatione
1655 1940 1689 1959 ac
1701 1931 1835 1967 scriptura
1850 1932 2074 1968 Fidedignorum
2091 1931 2241 1964 Informati
2259 1944 2324 1972 per·
2364 1929 2452 1967 1446-

1257 1970 1379 2007 cipimus
1393 1990 1403 2006 ‚
1422 1968 1576 2006 quomodo
1591 1967 1699 1998 Civitas
1713 1969 1807 1999 nostra
1823 1968 1937 2000 Baionae
1953 1993 1961 2007 ,
1983 1981 2047 2008 quae
2065 1981 2151 2009 nuper
2166 1972 2215 2002 sub
2231 1972 2324 2011 Regi·
2347 1972 2398 1995 An·
2415 1977 2450 2004 ²5
2453 1988 2461 1995 ·

1258 2009 1336 2038 mine
1354 2006 1525 2046 Majorum,
1544 2017 1613 2045 quos
1629 2007 1695 2037 illuc
1711 2017 1777 2038 tunc
1791 2008 1915 2039 milii-nus
1933 2031 1941 2046 ,
1960 2009 2037 2039 felici
2051 2012 2231 2048 prosperitate
2245 2013 2326 2049 vige·
2348 2011 2382 2034 fi.
2404 2007 2431 2033 6-

1257 2049 1324 2084 bat,
1340 2045 1413 2076 dum
1428 2045 1556 2083 Majores
1572 2045 1640 2084 ipsi,
1656 2045 1763 2076 semota
1778 2048 1860 2077 omni
1877 2047 2180 2086 partialitate-‚rectam
2196 2051 2329 2082 tenebant
2352 2045 2418 2081 ΠΨ·
2430 2053 2475 2077 25·

1253 2085 1361 2125 Judicii
1376 2084 1508 2115 Lancem
1525 2107 1535 2122 ,
1552 2085 1734 2124 corrigebant
1748 2084 1995 2123 Transgressbres,
2017 2086 2162 2117 Virtuosos
2181 2089 2332 2129 amabant,
2351 2086 2423 2111 H.6.
2438 2092 2476 2111 '²²-

1257 2133 1405 2162 totamque
1425 2122 1582 2154 Civitatem
1606 2124 1685 2154 beata
1705 2123 1826 2162 quadarn
1847 2124 2062 2163 Tranquillitate
2074 2124 2155 2156 Pacis
2178 2126 2329 2167 fovebant,
2353 2124 2380 2150 ⁶·

1257 2173 1335 2193 nunc
1355 2163 1452 2193 omnia
1474 2161 1536 2192 fere
1557 2163 1588 2191 in
1603 2161 1764 2192 Discordiae
1778 2162 1991 2194 Turbationem
2008 2164 2142 2194 conversa
2162 2164 2238 2202 sunt,
2256 2166 2329 2198 dum

1257 2201 1459 2242 Unusquisque
1474 2211 1571 2238 nunc,
1585 2200 1695 2231 anelans
1709 2200 1836 2240 Altior-2,
1854 2201 2029 2233 Partialimtis
2049 2203 2166 2233 vinculo
2188 2204 2328 2244 alligatus,

1257 2241 1348 2272 solum
1366 2240 1425 2278 ejus
1437 2241 1471 2271 ὅτ
1485 2237 1589 2270 eoriim
1603 2238 1760 2270 desiderans
1774 2239 1953 2271 Incrementa
1970 2264 1979 2278 ‚
2003 2243 2169 2272 communis
2180 2241 2279 2273 Salutis
2293 2246 2328 2276 δε

1258 2280 1331 2311 Boni
1346 2279 1427 2316 ipfius
1441 2277 1572 2309 Civitatis
1588 2278 1711 2308 efficitur
1719 2278 1934 2317 Contemptor,
1953 2279 2026 2310 unde
2039 2280 2136 2310 omnia
2153 2279 2231 2311 Mala
2244 2291 2328 2320 atque

1257 2317 1450 2350 Incommoda
1464 2316 1600 2355 posterius
1614 2318 1742 2347 oriuntur
1757 2316 1851 2355 Odia,
1872 2317 2051 2356 Discordice,
2070 2318 2228 2349 Neclectio
2238 2319 2328 2357 Justi-

1258 2359 1322 2394 tiae,
1342 2356 1454 2387 Divisio
1469 2355 1597 2385 Civitatis
1610 2377 1621 2393 ,
1637 2365 1701 2394 quae
1719 2355 1808 2386 causae
1824 2356 1886 2386 sunt
1902 2355 2070 2386 sufficientes
2087 2357 2278 2388 Desolationis
2293 2359 2327 2391 ὃς

1258 2396 1366 2427 Ruinae
1380 2394 1467 2425 dietae
1482 2394 1630 2431 Civitatis,
1643 2394 1888 2433 quemadmodum
1897 2395 1930 2426 &
1939 2393 2163 2432 opulentissimas
2176 2396 2248 2428 olim
2264 2397 2327 2430 Ur—

1259 2436 1331 2503 besN
1323 2434 1364 2464 ob
1380 2433 1479 2464 similia
1493 2433 1611 2472 legimus
1626 2432 1713 2462 fuiffe
1722 2431 1878 2464 Extinctas.

1333 2482 1386 2503 ost
1408 2480 1461 2502 itur

1296 2481 1433 2542 Volen÷&
1448 2494 1529 2540 ta'ntis
1543 2509 1693 2547 Dampnis
1704 2509 1737 2540 &
1754 2508 1955 2541 Incommodis
1968 2509 2119 2548 providere
2134 2535 2144 2551 ,
2160 2522 2194 2543 ac
2211 2512 2329 2547 Pericu-

1262 2550 1295 2581 lis
1310 2559 1475 2587 occurrere,
1493 2549 1563 2579 sicut
1580 2548 1711 2579 debitum
1734 2548 1776 2578 est
1791 2548 1899 2579 nostrae
1921 2548 2028 2586 Regiae
2044 2549 2205 2588 Dignitatis
2225 2552 2329 2591 Populi

1260 2589 1358 2620 Nobis
1374 2586 1521 2618 commiffi
1537 2587 1647 2618 Curam
1662 2587 1784 2625 habere,
1802 2587 1837 2617 ad
1850 2587 2080 2625 Requilitionem
2090 2590 2124 2620 ὃς
2140 2590 2330 2631 Supplicatio-

1260 2638 1340 2696 nemd
1352 2627 1539 2658 Notabilium
1562 2625 1749 2664 Burgenfiurn
1772 2627 1807 2658 ὃ(
1827 2625 2055 2658 Communitatis
2076 2627 2207 2660 Civitatis
2221 2630 2330 2663 nostrae

1283 2676 1320 2696 rae
1342 2667 1408 2696 ietae

1261 2677 1281 2704 p
1298 2688 1484 2735 Confide'ntes
1497 2703 1534 2734 de
1545 2703 1672 2742 Virtute,
1690 2702 1846 2742 Industria,
1855 2713 1888 2734 ac
1902 2701 2070 2743 Prudentia,
2086 2704 2183 2738 dilecsti
2199 2708 2232 2739 &
2243 2707 2332 2740 fidelis

1261 2743 1367 2781 nostri,
1385 2742 1529 2782 Johannis
1545 2746 1579 2772 A
1602 2741 1672 2783 ΑΒ),

1299 2781 1470 2822 Conceffimus
1483 2782 1509 2811 ei
1522 2780 1553 2811 O
1587 2782 1666 2812 cium
1682 2779 1804 2820 Majoris
1817 2779 1906 2811 dietae
1922 2780 2054 2812 Civitatis
2069 2783 2174 2814 nostrae
2188 2807 2197 2823 ,
2215 2784 2330 2816 Haben-

1261 2822 1325 2851 dum
1339 2822 1373 2854 &
1386 2820 1541 2851 Tenendum
1559 2819 1706 2851 Officium
1721 2818 1890 2856 praedictum
1901 2819 2021 2860 praefato
2035 2822 2167 2860 Johanni
2180 2846 2191 2862 ,
2209 2834 2241 2855 ac
2260 2823 2328 2856 illud

1262 2859 1482 2891 Excercendum
1492 2868 1545 2897 pro
1552 2858 1696 2888 Termino
1705 2857 1823 2896 Septem
1833 2858 1984 2889 Annorum
1993 2862 2128 2897 proximo
2137 2860 2309 2900 sequentium
2318 2887 2328 2903 ,

1262 2909 1332 2930 cum
1348 2898 1531 2935 Honoribus,
1548 2895 1766 2935 Praerogativis,
1783 2896 1897 2935 vadiis,
1911 2897 2027 2936 Juribus
2041 2921 2051 2937 ‚
2069 2899 2223 2940 Proficuis,
2241 2902 2274 2932 ὃς
2290 2901 2329 2931 E-

1263 2938 1449 2968 molumentis
1471 2937 1565 2967 eidem
1586 2935 1702 2967 Officio
1723 2935 1864 2966 consuetis
1879 2937 1912 2965 &
1926 2938 2128 2973 pertinentibus
2143 2961 2152 2976 ,
2172 2939 2241 2970 sicut
2260 2940 2329 2971 lole-

1265 2977 1333 3007 bant
1348 2976 1450 3006 habere
1464 2975 1580 3005 Thomas
1596 2977 1705 3004 Burton
1721 2975 1755 3005 &
1771 2973 1907 3013 Philippus
1924 2975 2058 3016 Chetwyn
2076 2975 2184 3008 Milites
2199 3001 2209 3017 ,
2227 2978 2331 3009 Excer-

1264 3015 1359 3046 cendo
1370 3015 1481 3046 dicium
1495 3013 1640 3044 Officium
1655 3012 1758 3050 absque
1772 3012 1939 3052 praejudicio
1958 3013 2187 3046 Franchefiarum
2196 3040 2205 3054 ,
2227 3017 2329 3047 Liber-

1264 3062 1354 3084 tatum
1370 3076 1380 3092 ,
1397 3054 1432 3085 &
1452 3052 1672 3091 Privilegiorum
1697 3052 1844 3089 praedietae
1861 3050 1994 3083 Civitatis
2011 3054 2045 3085 ὃ(
2061 3052 2280 3086 Inhabitantium
2299 3065 2330 3085 e-

1260 3092 1380 3131 jusdem.

1301 3131 1334 3162 In
1349 3131 1446 3169 cujus,
1465 3130 1527 3160 &c.

1340 3168 1431 3199 Teste
1443 3169 1523 3208 Rege
1536 3167 1610 3206 apud
1625 3165 1902 3208 Wstmonasterium‚
1922 3169 1968 3208 xvj
1983 3168 2028 3200 die
2044 3169 2225 3200 Decembris.

1371 3244 1530 3314 Perlipfiam
1544 3249 1645 3292 ‘Regem
1654 3269 1664 3285 ,
1681 3244 1721 3281 ὠ·
1734 3245 1766 3276 de
1784 3247 1868 3275 Data
1877 3245 2013 3284 praedida
2027 3269 2037 3284 ,
2054 3247 2234 3276 Aulion-tate
2254 3248 2329 3277 Par-

1435 3293 1556 3316 lamenti.

1265 3437 1431 3483 Commiffio
1448 3437 1613 3475 Avunculi
1639 3439 1724 3484 Regis
1738 3464 1747 3479 ,
1767 3438 1859 3482 fitper
1886 3438 2092 3481 Prorogarione
2117 3437 2328 3484 Yireugarum,
2368 3428 2415 3459 ὃ)

1581 3489 1618 3524 (5
1642 3487 1837 3518 Conventione
1853 3483 2012 3528 Pcrfinizli.

1332 3571 1450 3610 Harles,
1464 3581 1511 3610 par
1525 3572 1550 3602 la
1567 3580 1652 3607 grace
1670 3570 1706 3600 de
1721 3570 1798 3600 Dieu
1809 3591 1818 3606 ,
1837 3571 1891 3608 Roy
1907 3566 1939 3595 de
1962 3570 2066 3598 France
2078 3590 2089 3607 ,
2110 3579 2127 3600 a
2148 3579 2213 3602 tous
2232 3571 2329 3609 ceula,
2346 3571 2426 3602 Arm.
2440 3570 2485 3601 D.

1351 3612 1400 3650 qui
1414 3621 1460 3640 ces
1477 3610 1610 3647 presentes
1626 3609 1730 3638 Lettres
1751 3615 1880 3644 verrom,
1896 3605 1981 3649 Salut.
2374 3618 2459 3649 1447,

1307 3650 1538 3686 Comme-‚pour
1552 3657 1664 3677 trouver
1677 3656 1782 3676 aucuns
1796 3646 1868 3674 bons
1882 3642 2002 3675 Moiens
2016 3644 2052 3676 de
2067 3649 2195 3683 parvenir
2209 3658 2244 3678 au
2259 3647 2327 3678 Bien
2349 3652 2402 3676 Aa.
2420 3659 2432 3675 2
2437 3658 2464 3684 5·

1269 3688 1306 3718 de
1320 3687 1404 3724 Paix,
1423 3694 1500 3715 entre
1512 3696 1576 3714 nous
1589 3686 1622 3716 &
1636 3683 1721 3722 nostre
1738 3686 1846 3720 Nepueu
1860 3682 2071 3721 d'Angleterre,
2094 3695 2152 3715 noz
2166 3685 2329 3726 Royaume,
2349 3692 2384 3715 H.
2405 3689 2431 3714 6.

1270 3727 1361 3765 Faus,
1374 3726 1493 3762 Terres,
1507 3723 1539 3752 &
1556 3722 1728 3760 Seigneuries
1752 3722 1785 3751 ὅ(
1800 3720 1837 3751 les
1852 3720 2039 3762 Siens,ayent
2056 3724 2116 3761 puis
2130 3734 2222 3754 aucun
2236 3732 2330 3762 temps
2351 3729 2391 3754 Ex
2407 3728 2464 3753 Au-

1633 3761 1640 3764 *
1722 3744 1852 3790 Grandes
1867 3760 1900 3791 &
1915 3759 2060 3792 Notables
2068 3762 2331 3801 Ambaxades,tant
2351 3771 2416 3799 togr.

1267 3811 1323 3841 par
1339 3813 1403 3831 nous
1417 3801 1515 3831 devers
1528 3799 1623 3828 nostre
1637 3797 1679 3827 dit
1696 3796 1823 3834 Nepueu
1833 3823 1842 3837 ‚
1857 3808 1913 3837 que
1929 3798 1964 3830 de
1979 3800 1998 3819 ¹*
2015 3800 2040 3831 la
2054 3808 2112 3837 part
2134 3800 2257 3841 dssicellu'i
2271 3812 2332 3832 nos-
2376 3806 2392 3819 ·
2414 3803 2468 3829 XI.

1273 3849 1316 3870 tre
1332 3843 1442 3878 Nepueu
1454 3839 1550 3867 devers
1571 3836 1673 3873 Nous,
1692 3845 1728 3865 en
1746 3845 1838 3877 quoy,
1860 3846 1934 3875 pour
1955 3848 2075 3869 aucunes
2089 3836 2271 3870 Diflerences
2284 3851 2336 3871 en·
2399 3849 2461 3875 150-

1274 3887 1420 3909 trevenues
1433 3887 1463 3906 es
1485 3876 1555 3905 dites
1575 3873 1712 3905 Matieres
1736 3897 1747 3913 ,
1784 3885 1821 3907 ne
1837 3875 1902 3906 s'est
1919 3885 1974 3916 peu
1986 3885 2092 3907 encore
2106 3884 2209 3908 mettre
2226 3878 2280 3909 Fin
2302 3880 2336 3912 &

1277 3915 1453 3947 Conclusion
1464 3936 1474 3949 ‚

1315 3955 1368 3992 Et,
1386 3965 1402 3984 a
1422 3952 1496 3982 ceste
1516 3949 1607 3980 (lause
1617 3951 1672 3989 ,ait
1684 3951 1719 3982 de
1733 3952 1845 3984 rechief
1856 3952 1942 3991 nostre
1951 3952 1994 3982 dit
2009 3955 2120 3990 Nepueu
2132 3954 2340 3990 presentement

1277 3995 1381 4025 envoie
1396 3990 1538 4028 pardevers
1559 3987 1646 4019 Nois
1661 3989 1812 4031 I'Evesque
1827 3991 1859 4020 de
1873 3989 2003 4030 chicistre
2017 3990 2116 4021 Garde
2135 3992 2171 4023 de
2191 3994 2242 4025 son
2256 3994 2340 4025 Prive

1280 4032 1362 4070 Seel,
1375 4032 1408 4062 δε
1425 4028 1448 4057 le
1461 4031 1518 4057 sire
1532 4027 1690 4069 Doudelay,
1711 4029 1749 4059 ses
1774 4029 1968 4068 consenum-s,
1990 4028 2200 4064 Ambaxadeurs
2212 4033 2246 4064 &
2262 4032 2342 4062 Mes-

1282 4069 1366 4109 saiges
1380 4066 1534 4105 especiaulx
1551 4089 1560 4104 ,
1582 4076 1652 4103 pour
1674 4068 1809 4098 Traittier
1827 4068 1860 4108 ὃς
1882 4068 2058 4107 Λρροίηῑῐ1ει·
2073 4078 2101 4098 es
2114 4068 2184 4101 dites
2201 4072 2345 4108 matieres,

1283 4109 1316 4139 &
1334 4106 1450 4138 Advuer
1464 4114 1520 4143 que
1536 4114 1628 4136 aucun
1641 4106 1703 4137 bon
1717 4106 1822 4137 Moien
1838 4109 1864 4136 le
1884 4114 1902 4145 y
1918 4104 2008 4144 puisse
2023 4114 2153 4146 trouver,
2269 4145 2292 4175 P

2294 4156 2346 4180 our
