2555 4266
0 1098 66 1124 770·

55 4041 75 4060 ¹¹
95 4042 148 4070 XI.

0 4085 1 4114 ἶ
40 4087 103 4115 77¹·

745 179 845 221 ET
931 177 1197 219 ACTA
1281 175 1753 217 PUBLICA.

0 277 69 308 Pinn.
80 274 120 306 D.
130 277 207 314 Regis
223 267 335 309 Angliae
349 267 525 308 Depraedatis
538 266 592 310 five
609 265 751 305 Spoliare,
771 267 881 303 plenam
903 265 1075 296 Potestatern
1097 272 1180 302 atque

11 323 97 354 1473·
131 313 301 346 Facultatem
316 308 406 338 Dedit
420 310 453 338 &
471 307 594 337 Comilit
607 316 655 349 per
671 307 727 336 suas
741 315 827 336 certas
844 305 965 341 Liieras,

0 357 59 382 [dv.
75 365 103 388 4.

169 352 301 390 Qarum
314 346 446 377 Tenores
461 347 611 385 sequuntur
627 355 657 374 in
671 344 733 375 haec
751 345 852 380 verba,

166 430 382 465 ALPHONSUS,
400 427 459 457 Dei
474 426 576 464 aratia,
592 428 651 455 Rex
662 422 834 459 Portugalliae
850 420 888 454 &⁶
901 416 1181 457 Algarbiorum,&c.

121 476 203 508 prout
225 472 253 497 in
274 464 448 504 Commifflone
469 469 549 495 Data
574 464 688 494 Secundo
712 461 851 490 Kalendas
865 459 1039 495 Septembris,
1057 461 1145 487 Anno
1165 468 1184 485 a

129 508 293 574 NZZZJitate
317 509 426 535 Domini
446 503 604 543 Mllefimo,
623 496 908 542 Qadringetttfimo‚
926 497 1114 536 Septuagejfimo
1139 498 1185 525 Se-

132 556 162 574 cu
216 568 223 574 .

170 620 369 651 Arpaosisus
384 643 394 658 ,
421 619 478 650 Dei
502 615 626 652 Gratia,
652 617 711 643 Rex
734 613 908 652 Portugalliae
932 614 970 647 ὠν
993 610 1188 648 Algarbiorum

136 663 207 689 citra
228 658 266 694 ὠ
284 659 360 688 ultra
380 659 462 688 Mare
485 660 513 686 in
533 652 653 693 Africa,
676 652 823 681 Universis
846 655 878 682 ὅ(
900 649 1024 690 lingulis,
1044 650 1190 687 praesentes

137 698 242 728 Literas
259 698 421 733 inspecturis
441 696 487 726 seu
509 692 658 728 audituris,
678 690 816 720 Noa-iiii
836 699 979 721 memus
1000 689 1078 725 quod
1103 688 1190 717 Ord-

140 736 424 774 navirnus‚Fecimus
434 755 443 770 ‚
460 734 493 762 &
505 730 712 761 Constituimus
728 728 855 759 nostrum
870 739 969 759 verum
985 727 1017 757 &
1032 727 1191 763 legitimum

139 773 377 809 Procuratorem,
396 769 547 809 providum
562 769 654 797 virum
668 766 825 805 Johannem
843 767 876 797 de
890 767 968 796 Elbis
989 765 1113 795 Militem
1139 774 1192 794 no-

142 811 250 850 strum,
266 813 299 843 &
313 813 343 841 in
356 810 424 846 Jure
442 807 528 838 Civili
545 806 750 842 Licentiarum,
768 816 851 844 atque
866 806 888 836 F
890 805 933 836 isci
948 803 1034 835 nostri
1057 803 1192 834 Advoca-

142 860 222 888 tum,
241 859 324 888 quem
348 849 377 878 in
400 847 532 885 Angliam
555 844 707 875 Oratorem
729 844 922 881 DimittitnuS,
938 844 983 874 cui
1005 842 1144 873 Dedimus
1160 841 1194 871 &

144 887 343 919 Conceffimus
357 886 471 915 liberam
488 883 674 919 Facultatem,
691 882 724 912 &
743 882 928 919 plenissimam
944 880 1115 912 Potestatem
1134 878 1196 909 Re-

144 925 295 966 quirendi‚
320 923 460 960 Petendi,
481 923 513 953 &
537 921 674 960 Exigendi
697 931 712 950 a
735 920 933 952 Potentissimo
956 920 1098 949 Edwardo
1127 920 1196 954 Rege

143 964 255 1002 Angliae
278 962 424 992 nonnullas
444 962 582 991 onerarias
610 959 708 990 Naves
726 984 736 995 ,
763 970 832 997 quos
853 959 966 998 quidam
985 959 1098 989 suorum
1118 955 1197 994 Reg-

143 1011 247 1034 norum
260 1000 368 1031 Incolae
383 1001 416 1030 &
433 999 573 1037 Subjeffi,
591 999 776 1036 superioribus
792 999 984 1035 temporibus,
1002 997 1038 1026 de
1061 996 1196 1026 Manibus

143 1039 329 1072 Subditorum
352 1038 515 1068 nostrorum
537 1036 653 1067 Armaza
676 1037 694 1055 ⁴³
722 1036 815 1066 Manu
836 1036 872 1066 Vi
892 1035 1063 1065 abstulerunt
1081 1057 1090 1071 ,
1112 1040 1197 1070 prout

142 1081 204 1110 haec
219 1079 314 1108 omnia
331 1078 365 1108 &
379 1077 430 1107 alia
443 1077 473 1106 in
489 1076 569 1106 disto
587 1074 724 1105 Mandato
739 1075 772 1105 ὃς
787 1075 990 1105 Procuratorio
1007 1073 1114 1111 plenius
1127 1080 1199 1102 con-

143 1125 266 1149 tinentur

181 1139 321 1193 Optan'tes
336 1156 406 1185 vero
421 1153 500 1192 quod
515 1149 589 1190 Res,
606 1162 654 1190 per
668 1150 834 1189 praediaum
857 1150 1077 1181 Procuratorem
1098 1148 1131 1178 &
1154 1145 1200 1175 O-

144 1203 266 1225 ratorem
281 1192 409 1223 nostrum
423 1191 551 1231 gerendae
561 1213 571 1229 ,
591 1191 624 1220 ad
644 1190 805 1227 prosperum
822 1191 855 1220 &
871 1198 999 1226 optatum
1015 1187 1200 1225 perducantur

146 1232 311 1268 Effectum,
330 1241 377 1269 per
391 1231 449 1261 hoc
465 1230 581 1268 praesens
596 1229 749 1258 Publicum
761 1227 1002 1263 Instrumenturn,
1024 1224 1202 1260 Mandatum,

149 1274 183 1303 &
205 1270 435 1301 Procuratorium
448 1291 458 1306 ,
479 1269 608 1305 Damus,
635 1266 831 1297 Concedimus
847 1288 856 1303 ,
881 1265 992 1302 plenam
1013 1263 1202 1298 Potestatem,

147 1319 216 1341 cum
240 1310 322 1339 omni
344 1308 427 1338 libera
447 1305 715 1342 Administratione,
730 1304 822 1334 eidem
849 1303 1027 1333 procuratori
1052 1303 1086 1333 &c
1099 1300 1201 1330 nostro

149 1348 286 1385 Oratori,
306 1348 339 1378 δε
355 1346 487 1376 Nomine
508 1343 605 1374 nostro
630 1345 662 1374 ὃ(
684 1343 868 1373 Subditorum
885 1341 1066 1378 nostrorum,
1083 1339 1201 1369 Conve-

150 1386 264 1424 niendi,
282 1384 454 1415 Pasciscendi
465 1407 474 1422 ,
493 1384 526 1413 ὃς
538 1381 722 1418 Tranfigendi
737 1382 872 1418 cumjam
888 1380 968 1411 diCto
983 1382 1049 1415 Rege
1058 1376 1203 1407 Edwardo

151 1426 186 1456 de
207 1425 339 1455 omnibus
357 1423 390 1453 δε
413 1422 522 1456 singulis
544 1419 693 1450 Mercibus
716 1421 748 1451 ὃς
773 1419 872 1449 Rebus
888 1429 952 1457 quae
969 1420 1005 1447 ab
1019 1418 1088 1447 illius
1107 1415 1203 1452 Regni

151 1463 258 1494 Incolis
272 1462 309 1491 Vi
327 1461 432 1491 Abiatae
447 1462 479 1492 &
497 1459 650 1490 Derobatae
672 1458 802 1495 fuerunt,
820 1457 898 1495 super
918 1465 1084 1494 quacunque
1110 1453 1203 1484 Pecu-

152 1504 260 1532 niarum
275 1499 386 1530 Rerum
401 1508 446 1529 aut
470 1498 615 1528 Mercium
638 1496 775 1526 Numero
795 1497 828 1526 &
851 1496 1030 1533 Qantitate,
1050 1502 1134 1531 prout
1154 1491 1205 1522 fibi

155 1539 257 1571 melitis
277 1540 310 1570 &
334 1537 519 1574 opportunius
540 1535 681 1565 videbitur
697 1558 706 1572 ,
722 1534 770 1564 sub
791 1543 962 1572 quocunque
985 1532 1075 1562 Pac'to
1090 1554 1099 1569 ,
1120 1530 1205 1569 Jure,

153 1578 252 1609 Modo
267 1599 277 1613 ,
295 1578 328 1607 ὅτ,
347 1576 449 1605 Forma
461 1575 599 1605 videbitur
620 1574 787 1610 oportunius
799 1597 808 1610 ,
826 1571 989 1610 interposito
1010 1571 1111 1609 quovis
1125 1568 1208 1607 Jure-

149 1614 288 1655 jurando,
304 1622 351 1644 aut
364 1622 531 1652 quacunque
548 1611 656 1641 Poenali
675 1612 876 1650 Stipulatione,
895 1619 942 1640 aut
963 1618 1131 1647 quacunque
1153 1607 1207 1638 Pa-

154 1655 269 1691 fflone,
285 1651 304 1681 fi
320 1661 404 1689 quarn
419 1652 447 1680 in
465 1649 542 1680 dieta
557 1649 757 1680 Transaffione
769 1650 889 1680 aducere
905 1648 1042 1683 voluerit,

191 1691 386 1728 Volumusque
401 1689 598 1719 Promittimus
616 1698 647 1718 ea
660 1689 756 1718 omnia
767 1688 911 1718 Firmitate
923 1685 1089 1724 sempiterna
1104 1695 1212 1723 tenere,

155 1740 221 1768 quae
236 1729 274 1759 fic
292 1739 340 1766 per
355 1728 464 1758 dicium
481 1727 698 1757 Procuratorem
723 1727 756 1757 ὃς
778 1725 932 1756 Oratorem
952 1725 1082 1754 nostrum
1103 1723 1211 1761 Gesta,

154 1767 323 1839 'llgcr'ansaCtQ
342 1767 477 1805 Firmata,
495 1764 656 1804 Curamque
669 1765 787 1803 fuerint,
805 1765 855 1796 sub
870 1764 1059 1802 Obligatione
1079 1763 1212 1793 omnium

201 1816 314 1837 norum.

194 1845 228 1876 In
244 1853 368 1882 quorum
383 1844 514 1874 omniurn
529 1842 640 1880 plenam
657 1841 756 1872 Fidem
772 1842 818 1872 bas
835 1840 964 1871 Mandati
978 1841 1011 1871 &
1033 1839 1216 1870 Procuratio-

159 1886 203 1914 nis
225 1884 332 1913 Literas
347 1906 356 1921 ,
388 1882 504 1912 Nostro
529 1882 562 1911 &
585 1880 756 1919 Regnorum
785 1891 817 1910 ac
839 1880 1026 1910 Subditorum
1050 1878 1215 1909 nostrorum

158 1923 311 1960 Nomine,
329 1921 387 1952 fieri
403 1919 605 1951 Mandavimus
618 1920 651 1950 &
667 1919 892 1957 Subscripsimus.

203 2003 269 2034 Dat.
294 2003 321 2033 in
341 2005 464 2032 Civitate
481 2000 570 2041 nostra
590 1999 759 2037 cambria,
779 1998 912 2030 Secundo
926 1998 1066 2029 Kalendas
1088 1997 1219 2034 Septem-

159 2043 235 2080 bris,
252 2042 340 2072 Anno
358 2051 373 2070 a
393 2040 551 2070 Nativitare
571 2039 697 2070 Domini
718 2038 888 2077 Millesimo‚
909 2036 1217 2076 Qiadringentefim0‚

159 2080 371 2119 Septuagesimo
385 2077 517 2110 secundo.

202 2158 334 2196 Quarum
350 2158 431 2197 igitur
446 2157 603 2187 Literarurn
616 2155 724 2196 Vigore
736 2163 821 2192 atque
837 2153 1013 2186 Aucioritate
1029 2163 1086 2191 ego
1107 2151 1219 2191 Johan-

164 2208 210 2228 nes
225 2197 257 2225 de
277 2196 371 2234 Elbis,
390 2195 597 2234 Ambaffiator,
615 2196 738 2232 Orator,
758 2193 909 2232 Nuncius,
925 2195 958 2225 &
981 2193 1152 2223 Procurator
1175 2190 1220 2220 su-

164 2235 329 2273 prascriptus
343 2258 352 2271 ,
375 2234 482 2264 matura
503 2243 599 2264 mente
619 2233 767 2264 revolveris
789 2233 868 2270 quod
893 2233 948 2269 ipse
972 2229 1220 2262 Christianiffimus

163 2273 300 2310 Princeps
314 2273 473 2302 Edwardus
487 2276 547 2302 Rex
562 2271 675 2309 Angliae
690 2270 727 2306 ᾤ’
741 2274 879 2309 Franciae,
899 2270 1027 2309 quasdam
1038 2269 1137 2300 Naves
1146 2277 1220 2306 quo-

164 2311 296 2342 rumdam
311 2311 496 2342 Subditorum
512 2313 589 2348 Regis
602 2309 766 2348 Portugaliae
776 2333 786 2348 ,

200 2349 254 2380 Per
275 2348 414 2380 Virorum
438 2349 669 2379 Scelestiffimum
692 2348 854 2388 Bastardum
876 2346 1055 2384 Faucunbrige
1070 2369 1080 2382 ,
1103 2346 1137 2376 δε
1161 2344 1219 2381 ejus

163 2388 331 2426 Complices
344 2397 428 2425 atque
443 2387 642 2425 Adhaerentts,
658 2387 714 2417 sive
728 2388 796 2417 alios
812 2386 945 2416 Rebelles
967 2385 1050 2423 ipsius
1070 2381 1220 2414 Illustriffi-

165 2428 207 2457 mi
220 2426 358 2463 Principis
372 2429 448 2464 Regis
461 2427 618 2463 Edwardi,
637 2425 724 2456 Anno
744 2425 865 2455 Domini
882 2424 1056 2461 Mfflefirno,
1075 2422 1221 2461 Qadrin-

166 2465 345 2502 gentesimo,
362 2465 575 2502 Septuagesimo
595 2464 712 2501 Primo,
728 2465 762 2495 ὃς
784 2463 935 2501 praesertim
958 2471 1089 2499 tempore
1109 2460 1222 2491 calami-

167 2503 385 2545 tosaeUTurbinis
398 2503 468 2533 dieti
484 2502 577 2542 Regni
591 2503 637 2533 An
659 2503 702 2532 liae
719 2511 802 2540 atque
816 2500 1050 2539 nephandissimae
1071 2498 1220 2529 Rebellio-

165 2541 335 2610 ’ὃὶΞῖῘΞῖ
349 2541 621 2617 [ΞΞΞῖῖέῖᾉὲτὲΞΞΞ
655 2539 945 2616 Ρζῑὲἑέἶεῖῖὲὓὲἓῖιῗὶἲ
967 2537 1223 2607 ἓὶἓιὶῗηωὲἒῖἒὲὶᾚ

165 2627 247 2656 atque
260 2617 489 2648 Ratificationem
508 2604 830 2656 ejusdem'lllustriffimi
852 2616 990 2655 Principis
1005 2616 1050 2654 Jui
1068 2613 1223 2650 Edward½

167 2657 295 2693 nequiter
308 2656 444 2693 Spoliatas
459 2665 542 2694 atque
558 2655 595 2686 Vi
609 2656 805 2694 Depraedatas,

203 2695 282 2738 Qiae
301 2695 335 2724 ad
357 2694 462 2725 Manus
486 2695 543 2725 suas
562 2695 736 2725 devenerunt
750 2718 760 2732 ,
785 2693 908 2724 Restitui
933 2691 1081 2723 Mandavit
1099 2716 1108 2728 ‚
1139 2700 1223 2726 atque

168 2735 276 2802 1michi?
296 2733 471 2776 Auctoritate
484 2743 540 2772 qua
552 2733 631 2772 supra
646 2732 869 2764 Restitutionem
892 2733 1014 2770 petenti,
1033 2731 1141 2761 realiter
1164 2729 1226 2759 Re-

195 2781 243 2802 irui
268 2780 340 2808 ecit,

206 2810 295 2846 Super
311 2809 421 2847 aliisque
433 2809 584 2848 Navibus,
604 2809 767 2848 Mercibus,
785 2818 868 2848 atque
875 2809 992 2847 Rebus,
1012 2818 1062 2846 per
1075 2806 1224 2845 praefatum

167 2847 349 2892 Bastordum,
366 2849 399 2878 &
420 2849 476 2884 eius
493 2847 662 2886 Complices
683 2858 766 2886 atque
785 2849 970 2879 Adhaerentes
986 2870 996 2886 ‚
1014 2847 1072 2878 sive
1092 2845 1224 2875 Rebelles

167 2887 487 2931 praediet05,·tempore
508 2897 567 2924 quo
590 2887 685 2924 supra,
700 2895 731 2917 ut
747 2888 943 2923 praemittitur,
962 2896 978 2915 a
1001 2885 1128 2916 Subditis
1152 2893 1226 2920 DRE-

168 2924 239 2955 dieii
255 2924 431 2954 Illustriffimi
447 2924 586 2964 Principis
600 2928 677 2962 Regis
694 2924 858 2961 Portugaliae
869 2924 1004 2961 spoliatis,
1022 2923 1137 2960 Michi,
1155 2921 1226 2951 No-

168 2964 247 2993 mine
264 2963 386 3001 ejusdem
402 2962 542 3000 Principis
560 2964 616 2993 mei
638 2962 788 3001 Alphonfi,
803 2963 976 2999 suorumque
998 2961 1168 2999 Regnorum
1192 2960 1226 2989 &

167 3001 371 3040 Subditorum,
385 3000 436 3039 Jus
453 3001 569 3032 reddere
590 3000 785 3040 benignissime
807 2999 953 3037 promisit,
973 2998 1130 3037 Literasquc
1150 2998 1227 3035 suas,

170 3039 282 3084 Magno
299 3040 354 3078 ejus
370 3039 468 3078 Sigillo
483 3041 618 3077 munitas,
636 3040 719 3070 certis
729 3038 875 3077 judicibus
890 3037 924 3068 ad
941 3039 999 3068 hoc
1014 3047 1063 3075 per
1080 3046 1146 3067 eum
1162 3035 1226 3065 De-

170 3077 282 3116 legans,
297 3079 358 3109 satis
379 3088 462 3116 aeque
479 3078 626 3115 superinde
644 3077 704 3108 fieri
726 3077 807 3114 fecit,
824 3085 892 3106 curn
915 3075 1018 3106 eodem
1040 3073 1226 3106 Illustriffimo

173 3117 294 3155 Principe
308 3117 470 3154 Edwardo,
488 3116 624 3147 Nomine
643 3117 677 3147 δί
698 3115 872 3146 Αυᾶοτίῐεῐε
890 3124 943 3152 qua
963 3115 1108 3151 fungimur
1124 3114 1153 3143 in
1172 3112 1226 3142 hac

171 3163 250 3191 parte
286 3154 366 3185 dictis
390 3155 541 3193 Navibus,
557 3165 587 3186 ut
605 3155 782 3192 praemittitur
796 3176 805 3190 ,
822 3163 871 3191 per
890 3152 1003 3183 Sacram
1025 3153 1082 3190 ejus
1100 3151 1227 3188 Regiam

173 3177 351 3236 Majestatem
368 3193 464 3223 Michi
478 3193 637 3231 Restitutis,
655 3194 688 3224 ὃ(
703 3202 753 3230 per
768 3191 821 3221 Me
839 3191 986 3229 Receptis,
1004 3190 1157 3227 Conveni,
1173 3188 1229 3218 Pe—

173 3231 533 3300 rsaiiusraffrfflessss
546 3232 698 3300 ‘fides-”ir
722 3229 909 3298 1¹¹⁹st‘iffi2‘}
923 3229 1144 3297 efficiare?
1166 3227 1229 3295 [ΕΑ-

175 3316 292 3347 rumque
309 3278 778 3352 Regnoriimeassgiliessilibdiltlociffn'si
790 3267 1154 3348 rtfgzmiggnssjgoriimz
1177 3275 1231 3341 {iia

175 3343 253 3382 supra
285 3345 433 3384 spospondi
447 3356 530 3384 atque
546 3345 682 3382 Promisi,
701 3354 783 3383 prout
798 3355 846 3382 per
861 3344 1013 3374 praesentes
1032 3344 1167 3381 Spondeo
1187 3350 1229 3372 at-

176 3392 233 3420 que
250 3367 404 3422 Promitto,
423 3385 502 3424 qued
516 3395 571 3415 nec
587 3384 643 3422 ipse
657 3382 867 3415 Potentissimus
882 3382 1018 3421 Princeps
1029 3386 1089 3412 Rex
1104 3382 1229 3410 Edwar-

176 3422 226 3450 dus
242 3430 318 3464 „nec
342 3422 380 3453 sui
402 3423 581 3454 Succeffores
595 3447 605 3459 ,
629 3432 721 3461 neque
745 3422 840 3461 aliquis
865 3421 961 3451 Incola
976 3445 986 3458 ,
1004 3420 1140 3451 Vassallus
1153 3442 1163 3456 ,
1182 3427 1229 3450 aut

177 3459 311 3503 Subditus
326 3461 335 3489 i
357 3461 406 3490 fius
419 3471 465 3492 aut
479 3461 679 3492 Succefforurn
692 3461 833 3497 Suorurn,
851 3469 926 3491 exua
940 3459 1077 3499 Regnum
1100 3458 1229 3497 Angiiae,

177 3508 207 3528 ln
225 3497 319 3540 aliquo
369 3508 442 3536 egno
457 3523 467 3536 ‚
482 3499 635 3531 Provincia
650 3523 659 3538 ,
677 3499 767 3529 Patria
781 3522 791 3535 ,
806 3507 850 3529 aut
874 3499 959 3529 Loco
972 3521 982 3535 ,
1006 3508 1058 3535 pro
1079 3496 1230 3534 Navibus,

178 3534 344 3578 MercibuS,
360 3535 405 3566 seu
424 3536 540 3576 Rebus,
558 3548 608 3576 per
627 3538 792 3577 Bastardum
812 3538 845 3567 de
866 3536 1054 3574 Faucumbrige
1070 3559 1079 3572 ,
1098 3535 1143 3564 vel
1170 3535 1229 3572 ejus

179 3573 362 3618 CompliceS,
379 3573 434 3618 sive
448 3575 646 3614 Adhaerentes,
662 3585 709 3607 aut
728 3574 860 3606 Rebelloe
881 3576 1048 3615 praeditZtos,
1068 3574 1083 3603 a
1106 3573 1231 3603 Subdiris

178 3612 247 3643 dieti
267 3609 436 3655 Sereniffimi
455 3612 593 3651 Principis
611 3617 674 3650 Reg.
695 3616 774 3643 Port.
798 3623 827 3643 ut
841 3615 1037 3651 praemittitur,
1052 3612 1180 3650 Spoliatis
1196 3611 1230 3641 &

179 3650 372 3692 Depraedmrs,
385 3658 478 3686 neque
488 3659 541 3694 pro
552 3652 615 3689 ipsis
630 3652 804 3690 spoliatione
816 3652 848 3681 &
864 3651 1100 3689 Depraedatione,
1118 3660 1166 3686 per
1188 3651 1231 3686 ip-

180 3689 242 3720 sum
257 3685 470 3718 Illustriffimum
484 3688 650 3731 Principem
664 3688 834 3727 Alphonsum
849 3693 944 3726 Regem
959 3688 1232 3726 Portugalliae,suos-

177 3738 215 3759 ve
227 3725 423 3762 Successoms,
437 3734 484 3755 aut
497 3735 554 3764 ejus
567 3727 612 3757 vel
624 3736 727 3757 eorum
742 3726 894 3756 Subditum
912 3727 969 3757 srve
989 3726 1124 3757 Subditos
1145 3735 1231 3764 quos-

179 3775 309 3803 cunque,
329 3763 391 3802 post
413 3764 475 3807 haec
496 3771 624 3800 tempora
643 3763 815 3801 Vexabitur,
835 3763 1054 3801 inquietabitur,
1069 3774 1116 3795 aut
1131 3764 1232 3801 quovis

180 3804 272 3834 modo
290 3802 489 3835 Molestabitur
503 3824 513 3839 ,
529 3801 711 3832 Vexabuntur
747 3801 998 3838 Inquierabuntur‚
1014 3801 1234 3839 Implacitabun-

182 3851 245 3879 tur,
263 3850 311 3873 aut
326 3842 426 3880 quovis
442 3841 532 3870 rn0do
548 3841 577 3869 in
593 3839 673 3869 antea
691 3823 935 3876 Nioiestabuntm;
952 3840 998 3869 sed
1014 3841 1092 3877 quod
1110 3850 1234 3871 tantum-

182 3880 272 3910 modo
295 3880 453 3911 Conveniri
475 3879 580 3916 poterit
606 3878 639 3908 &
657 3886 804 3913 poterunt,
819 3877 902 3915 siqui
920 3878 1064 3914 superinde
1080 3879 1131 3909 sint
1150 3878 1236 3908 Con-

183 3918 317 3948 veniendi
328 3928 379 3956 per
393 3916 526 3947 Subditos
547 3918 624 3953 Regis
646 3913 835 3952 Portugalliae‚
853 3916 922 3946 infra
944 3916 1080 3955 Regnum
1103 3917 1233 3956 Angliae,

184 3966 282 4024 gnam
293 3955 442 4000 Judicibus
458 3965 506 3994 per
522 3955 612 3993 ipsum
633 3952 847 3983 Sereniffimum
869 3957 964 3991 Regem
988 3953 1100 3992 Angliae
1121 3955 1155 3985 ad
1175 3956 1234 3985 hoc

217 4002 330 4031 eputatis

222 4033 317 4070 Atque
334 4019 426 4063 eidem
444 4030 624 4063 Sereniffimo
641 4028 766 4066 Principi
785 4029 944 4066 Edwardo,
961 4029 1068 4068 suisque
1085 4030 1236 4061 Successo-

182 4071 259 4141 rilsss
272 4092 283 4108 ,
313 4069 490 4139 ἕοὲτιὶῐῧι*
516 4068 691 4101 Illustriffitni
718 4067 856 4106 Principis
873 4066 1008 4107 Alphonfi
1024 4069 1158 4100 antedicti
1174 4068 1237 4100 suo-

241 4120 290 4140 om.
337 4131 344 4138 .
390 4133 396 4139 .
467 4131 475 4140 .

2237 179 2290 221 27

1217 260 1338 297 nitrique
1358 260 1529 297 Regnorum
1544 282 1553 296 ‚
1581 259 1754 290 Auctoritate
1775 257 1871 289 Michi
1890 257 1916 287 in
1935 256 1988 288 hac
2006 263 2082 294 parte
2098 253 2249 286 commissa
2266 273 2276 291 ,
2298 249 2428 283 Ann-D.

1222 299 1379 336 Relaxavt',
1394 302 1578 335 Renuntiavi,
1595 307 1679 335 atque
1693 299 1901 334 imperpetuum
1913 295 2022 335 Remifi,
2040 295 2118 324 sicuti
2135 303 2183 330 per
2199 293 2277 322 Prae-
2292 296 2402 363 ΕᾶῒῚέ

1223 339 1311 369 sentes
1336 338 1368 368 ὅτ,
1395 337 1629 374 inpraesentiarum
1649 335 1753 364 Relaxo
1768 358 1777 371 ‚
1801 337 1917 362 Remitto
1932 356 1941 370 ,
1966 343 2048 370 atque
2067 334 2276 369 imperpetuum

1224 379 1341 405 Remitto
1360 374 1497 411 Causam,
1516 374 1748 412 obligationem,
1770 372 1942 406 Actionem,
1958 370 2023 408 jus,
2051 370 2182 400 Titulum
2199 378 2278 405 quae-

1226 408 2050 488 ΞΞἭΞί,ρἭΞΞΞὲἰοῗῐᾙῗζζῖῗῖῃῗῗὲῗὲῗὸέῖέοῖζῖ
2066 410 2283 477 ξῖῗςέἆὲῖῖέἷξ

1228 492 1278 521 suis
1295 498 1459 526 competere
1477 497 1609 525 porerunt
1627 496 1679 524 pro
1694 473 1776 516 dicitis
1795 485 1947 520 Navibus,
1968 483 2127 520 Mercibus,
2153 492 2201 514 aut
2220 482 2280 511 Re-

1229 530 1297 567 bus,
1317 529 1372 558 {ive
1391 537 1442 564 pro
1459 528 1549 564 aliqua
1569 526 1648 554 Parte
1666 523 1833 553 eorumdem
1845 547 1853 560 ‚
1873 533 1918 560 per
1931 521 2079 559 praefa'tun:
2097 521 2281 560 Bastardum‚

1230 568 1286 597 sive
1306 568 1363 603 ejus
1382 565 1549 602 Compiices
1567 572 1613 593 aut
1630 562 1830 598 Adhaerenres,
1849 561 1904 590 sive
1921 560 2054 589 Rebelles
2071 562 2236 597 prcedictoe,
2263 568 2280 587 a

1230 605 1353 636 Subditis
1372 604 1460 641 Regis
1479 602 1648 640 Portugaliae
1663 625 1671 637 ,
1696 610 1726 629 ut
1743 599 1918 641 praemittitur
1934 597 2094 640 ,USpoliatis
2112 598 2144 626 ὃς
2164 597 2283 634 Deprae·

1230 645 1323 682 dati53
1350 645 1452 682 ymmo
1478 641 1600 672 eundern
1627 638 1838 669 Serenillimum
1865 636 2027 671 Principem
2048 637 2141 670 Regem
2160 636 2284 663 Edwar-

1231 684 1308 719 dum,
1327 681 1442 719 suosque
1459 678 1653 714 succesores,
1680 686 1732 714 pro
1753 674 1815 712 ipsis
1836 674 1984 708 Navibus,
2011 671 2176 709 Mercibus,
2202 682 2284 709 arque

1232 721 1332 752 Rebus
1347 719 1506 755 antedic'iis,
1532 717 1664 747 Nomine
1682 716 1715 745 ὃς
1735 713 1910 743 Austoritate
1929 713 2028 748 quibus
2048 714 2144 746 lupia,
2168 713 2285 749 Acquie-

1233 762 1297 789 tavi
1313 768 1345 788 ac
1365 759 1480 798 Quietos
1488 755 1632 795 superinde
1657 755 1830 783 Denunciavz
1847 773 1855 788 ,
1881 750 1959 779 ficuti
1980 757 2028 785 per
2051 746 2200 776 Praesentes
2226 752 2286 776 Ac-

1232 801 1320 838 quieto
1337 798 1370 827 &
1389 797 1506 836 ‘Quietor
1522 794 1619 824 exinde
1636 794 1788 827 Denunci05
1804 787 1915 827 Justiti‘a.
1934 796 2026 816 tamen
2047 786 2079 815 &
2094 784 2162 828 Jure
2180 785 2287 827 semper

1234 837 1312 867 ialvis
1337 845 1420 873 atque
1443 834 1586 864 reservatis
1604 832 1726 862 Subditis
1744 830 1775 858 δε
1795 827 1918 857 Vallallis
1935 824 2004 867 dicti
2023 822 2194 865 Sereniffirni
2214 826 2288 859 Regis

1236 873 1398 911 Portugaliae
1412 896 1420 911 ,
1446 872 1480 903 ad
1506 870 1665 901 Perendum
1688 869 1721 899 &
1747 865 1962 906 Requirendum
1988 862 2057 891 infra
2075 860 2205 897 Angliam
2222 881 2232 897 ,
2259 870 2290 891 ut

1236 913 1433 950 praemittitur,
1449 921 1466 941 a
1484 910 1608 940 Subditis
1624 908 1694 938 dieti
1710 909 1788 943 Regis
1801 902 1915 941 Angliae
1933 901 2020 931 dietas
2033 899 2096 944 Res
2114 899 2146 929 &
2165 897 2293 940 Merces,

1236 951 1274 981 sic
1289 951 1392 988 Captas
1408 950 1440 980 &
1457 948 1614 979 Derobatas
1631 948 1663 979 ὃς
1679 955 1739 976 non
1755 943 1909 973 Restitutas
1921 952 1936 971 a
1952 938 2092 981 praedic'iis
2109 936 2294 979 praedonibus

1237 991 1270 1020 ὃ(
1294 988 1550 1025 Derrobatoribus,
1569 996 1638 1017 curn
1661 986 1700 1016 eis
1720 984 1748 1012 in
1767 982 1845 1012 dicto
1860 979 1959 1017 Spolio
1976 975 2225 1021 PartiCipantibuS‚
2243 984 2294 1004 cce

1237 1037 1296 1057 ram
1311 1027 1449 1064 praediffls
1458 1026 1608 1064 Judicibus
1623 1024 1661 1054 fic
1679 1033 1693 1053 a
1707 1024 1775 1058 Rege
1789 1018 1901 1057 Angliae
1918 1017 2080 1054 Deputatis:
2121 1052 2125 1057 Π
2195 1051 2200 1056 .
2256 1051 2260 1054 ι

1275 1066 1320 1096 Ad
1341 1075 1405 1103 quae
1423 1066 1519 1095 omnia
1534 1065 1568 1095 &
1587 1063 1691 1101 singula
1706 1059 1866 1095 Praemiffa,
1884 1065 1918 1086 ex
1934 1064 2010 1093 parte
2023 1050 2202 1096 Invietitffimi
2216 1049 2296 1080 Prin-

1239 1105 1307 1141 cipis
1325 1107 1402 1141 Regis
1419 1102 1597 1141 Portugaliae‚
1615 1102 1786 1136 suorumque
1806 1094 2032 1137 Regnorum&
2045 1090 2247 1135 Subditorum,
2263 1095 2295 1117 ut

1240 1143 1420 1180 praemittitur
1432 1165 1442 1180 ,
1464 1141 1617 1177 Tenenda,
1643 1136 1847 1174 Adimplenda‚
1874 1142 1958 1171 atque
1976 1126 2298 1175 inviolabiliterObser·

1240 1180 1350 1218 vanda,
1366 1180 1500 1210 Nomine
1518 1180 1551 1210 &
1571 1178 1747 1209 Auctoritate
1760 1176 1858 1213 quibus
1871 1173 1964 1210 supra,
1980 1169 2069 1207 ipsum
2085 1165 2297 1211 Sereniffimum

1240 1218 1407 1255 Principem
1425 1221 1521 1256 Regem
1540 1216 1717 1253 Portugaliae,
1741 1214 1857 1250 suosque
1879 1209 2073 1252 Successores,
2101 1216 2156 1243 ejus
2181 1212 2298 1247 eorum-

1241 1267 1297 1295 que
1317 1256 1418 1295 Regna
1441 1265 1523 1294 atque
1547 1255 1680 1286 Subditos
1702 1251 1909 1283 efficacioribus
1931 1247 2024 1279 modis
2038 1247 2070 1277 &
2084 1241 2180 1275 forma
2196 1241 2298 1280 quibus

1241 1305 1342 1333 potero
1360 1305 1408 1332 per
1425 1293 1575 1324 Praesentes
1589 1293 1710 1329 Obligo.
2103 1323 2107 1328 ¹

1280 1333 1313 1363 In
1329 1342 1452 1371 quorum
1469 1333 1601 1363 omnium
1617 1333 1651 1363 &
1666 1328 1835 1367 fingulorum
1850 1324 2062 1356 Praemifforum
2077 1319 2180 1365 Fidem
2191 1319 2225 1351 &
2237 1317 2301 1360 Te-

1244 1371 1426 1409 stimonium,
1444 1372 1473 1400 iri
1492 1370 1640 1401 Praesenria
1653 1369 1686 1398 N
1689 1368 1766 1398 orarii
1783 1365 1946 1402 subscripti,
1959 1365 1991 1395 &
2000 1386 2009 1400 ,
2023 1359 2233 1392 Venerabilium
2247 1355 2300 1385 Vi-

1244 1420 1340 1441 rorum
1364 1409 1569 1448 Magistrorum
1591 1408 1731 1446 Johanm's
1754 1408 1887 1441 Morton,
1905 1405 1936 1434 &
1956 1401 2100 1446 Johannir
2108 1395 2228 1439 Russell,
2242 1394 2300 1439 Le-

1243 1458 1312 1488 gum
1335 1448 1503 1478 Doctorum
1520 1471 1530 1485 ,
1556 1446 1739 1476 Praelentibus
1753 1468 1762 1480 ,
1790 1443 1882 1472 Manu
1907 1452 1969 1471 mea
1994 1449 2104 1478 propria
2128 1435 2302 1480 subscriptis,

1244 1487 1372 1526 Sigillum
1397 1496 1494 1517 meum
1518 1486 1632 1523 apposui
1652 1486 1680 1513 in
1702 1482 1809 1513 Palatio
1825 1480 1946 1518 ejusdem
1962 1475 2150 1509 potentissimi
2164 1474 2303 1516 Principis

1244 1529 1322 1563 Regis
1335 1524 1465 1563 Angliae,
1484 1523 1554 1553 infra
1571 1519 1873 1556 VVestmonasterium,
1894 1520 1981 1556 prope
2000 1516 2130 1559 Londorr
2141 1515 2170 1543 in
2185 1510 2302 1552 Anglia,

1246 1565 1334 1594 Anno
1355 1563 1495 1599 Domini,
1513 1561 1668 1592 secundum
1691 1558 1814 1589 Cursum
1836 1559 1868 1588 δε
1890 1556 2148 1592 Computationem
2169 1550 2305 1581 Eccleliae

1247 1603 1434 1640 Anglicanae,
1453 1600 1628 1637 Millelimo,
1644 1595 1951 1637 Quadringentesimo,
1975 1590 2184 1631 Septuagesimo
2206 1589 2303 1619 secun-

1248 1642 1287 1672 do
1297 1664 1307 1681 ‚
1324 1640 1432 1671 Mensis
1447 1639 1588 1670 Februarii
1602 1637 1661 1669 Die
1678 1635 1820 1668 Vicesimo
1835 1634 1921 1664 sexto.

1752 1713 1978 1751 JoHANNEs
1997 1718 2047 1741 ne
2066 1708 2203 1740 ELars.

1293 1797 1333 1825 Et
1358 1806 1402 1833 ego
1421 1795 1566 1825 Henricus
1586 1793 1693 1830 Sharp,
1712 1795 1816 1829 Legum
1840 1791 1960 1826 Doc‘lor,
1978 1787 2157 1829 AuHoritafe
2172 1776 2311 1824 Imperial}

1254 1836 1388 1864 Notarius
1403 1833 1539 1870 Publicus,
1555 1830 1592 1866 ὠ·
1608 1831 1816 1870 Aletuendiffimi
1829 1832 1939 1858 Domini
1961 1826 2043 1866 nostri
2067 1825 2154 1862 Regis
2176 1819 2309 1864 Edwardi

1291 1878 1366 1902 uarti
1392 1871 1548 1910 uprascripti
1563 1875 1592 1900 in
1608 1874 1630 1900 C
1630 1868 1777 1899 ancellaria
1785 1869 1838 1909 sua
1853 1867 1890 1902 dy
1917 1865 1983 1895 alibi
2006 1864 2245 1898 Prothonotarim,
2263 1867 2309 1899 qut

1282 1915 1355 1940 raemi
1373 1921 1396 1940 ts
1415 1910 1623 1949 Subscriptioni,
1650 1907 1810 1945 Sigillationi
1825 1929 1834 1944 ,
1860 1904 1898 1939 (ἃ
1922 1905 2100 1942 Recogm‘tioni
2121 1905 2235 1931 omnium
2263 1899 2311 1937 fic-

1250 1949 1459 1989 prafiriptorum
1467 1958 1516 1987 per
1526 1947 1736 1987 sicprafinptum
1758 1949 1904 1976 Dominum
1917 1943 2080 1981 johannem
2095 1941 2132 1970 de
2153 1939 2232 1970 Elbis
2251 1940 2311 1968 Mi·

1257 1988 1332 2018 litem
1342 2011 1352 2025 ,
1368 1987 1406 2022 (φ
1421 1991 1521 2017 caeteris
1532 1987 1617 2028 Gestis
1632 1984 1669 2019 όν
1687 1985 1812 2021 Habitu,
1829 1991 1859 2013 ut
1877 1985 2071 2020 praemitt:'tur,
2086 1979 2142 2008 und
2165 1989 2221 2008 cum
2237 1985 2310 2015 pre-

1258 2030 1402 2057 nominatis
1416 2025 1546 2065 Testibus,
1579 2023 1737 2064 ersonaliter
1747 2021 1877 2062 interfui,
1893 2032 1973 2060 eaque
1978 2020 2015 2059 fic
2022 2018 2086 2058 fi-''Yi
2100 2017 2161 2047 vidi
2173 2015 2211 2051 ὠ
2231 2015 2311 2045 audi-

1258 2069 1292 2095 vi
1302 2089 1311 2104 ,
1328 2065 1370 2094 ad
1378 2064 1519 2104 specialem
1538 2034 1578 2098 (ζ
1593 2061 1758 2101 personalem
1775 2064 1906 2099 Rogatum
1923 2058 2037 2098 praeflzti
2055 2058 2164 2086 Domini
2176 2054 2318 2094 Johanii'is.

1259 2103 1294 2134 de
1309 2103 1402 2142 Elbis,
1421 2105 1511 2133 Manu
1521 2105 1630 2140 propria
1643 2100 1740 2140 subscri
1767 2110 1794 2138 1,
1807 2099 1845 2135 ὠ»
1858 2103 1935 2137 Signo
1951 2107 2006 2127 mes
2016 2095 2094 2134 solito
2100 2094 2213 2134 fignavi
2225 2097 2254 2122 in
2268 2095 2314 2120 Fi-

1251 2143 1318 2221 jdfm
1332 2140 1378 2220 j&
1401 2142 1587 2181 Testimonium
1609 2108 1823 2178 Praemrffii‘um,
1846 2142 1950 2175 Anno,
1966 2134 2077 2174 Mense,
2096 2136 2168 2170 Die,
2183 2131 2221 2167 (ἐν
2244 2133 2314 2160 Loco

1272 2189 1337 2219 upra
1352 2188 1449 2221 criptis.

1828 2253 1852 2282 I.
1868 2252 1896 2283 S.
1916 2251 1938 2282 1.
2097 2249 2138 2279 H.
2157 2248 2186 2279 S.

1340 2405 1397 2435 Pro
1420 2397 1537 2433 Thomu
1562 2395 1719 2430 Cardinali
1731 2422 1741 2438 ‚
1768 2391 1993 2439 Archiepissopo
2017 2391 2230 2433 Cantuarietfi.

1265 2494 1381 2553 REX
1395 2492 1541 2523 Omnibus
1552 2515 1561 2528 ‚
1575 2489 1610 2520 ad
1625 2498 1712 2528 qu03,
1730 2487 1791 2518 &c.
1810 2484 1944 2517 Salutem.

1362 2533 1459 2564 Sciatis
1476 2529 1576 2568 quod,

1299 2571 1380 2603 Cum
1397 2568 1534 2600 Custodia
1549 2568 1681 2598 omnium
1698 2564 1896 2595 Maneriorum
1906 2585 1916 2600 ,
1933 2561 2106 2598 Terrarum,
2124 2559 2325 2591 Tenemento-

1263 2621 1345 2648 rum,
1364 2608 1560 2644 Reddituum,
1583 2607 1617 2637 &
1640 2605 1843 2637 Servitiorum‚
1864 2610 1897 2631 ac
1924 2601 2044 2630 aliorum
2066 2598 2324 2629 Haereditamento-

1264 2658 1328 2679 rum
1351 2653 1616 2686 quorumcumque,
1633 2652 1697 2681 quae
1717 2651 1805 2678 nuper
1829 2639 1942 2669 fuerunt
1957 2638 2067 2668 Roberti
2083 2639 2196 2667 Watton
2213 2637 2326 2667 Defun-

1264 2728 1352 2763 obiit,
1371 2728 1404 2756 &
1418 2725 1562 2753 Katerinae
1576 2720 1651 2749 Filiae
1666 2720 1699 2750 &
1714 2718 1846 2748 Haeredis
1860 2715 1982 2754 ejusdem
1995 2715 2122 2753 Roberti,
2139 2725 2171 2745 ac
2186 2714 2324 2746 Custodia

1265 2766 1299 2796 &
1322 2762 1506 2802 Maritagium
1527 2759 1648 2799 ejusdem
1668 2760 1830 2793 Katerinae,
1857 2754 2005 2786 occasione
2031 2753 2244 2784 Praemifforum
2259 2777 2269 2793 ,
2291 2753 2326 2785 ad

1265 2802 1335 2833 Nos
1350 2803 1521 2840 pertineant,
2048 2830 2053 2835 .

1304 2841 1390 2879 Nos,
1407 2849 1460 2877 pro
1475 2836 1551 2869 cert-a
1564 2835 1754 2866 Pecuniarum
1768 2831 1906 2869 Summi,
1924 2841 1972 2869 per
1987 2829 2173 2860 Carissimum
2196 2829 2326 2861 Consan-

1266 2881 1402 2918 guineum
1420 2877 1549 2908 nostrum
1562 2874 1691 2905 Thomam
1704 2868 1878 2902 Cardinalern
1893 2867 2122 2906 Archiepiscopum
2145 2871 2326 2898 Cantuarien-

1256 2919 1335 2958 fi’m,
1362 2917 1460 2948 Nobis
1482 2925 1540 2953 prae
1566 2912 1703 2944 Manibus
1723 2909 1832 2945 soluta,
1858 2906 2057 2938 Conceffimus
2079 2906 2170 2937 eidem
2185 2929 2195 2943 ,
2220 2909 2254 2938 &
2276 2917 2325 2944 per

1266 2956 1418 2988 Praesentes
1437 2952 1632 2986 concedimus
1646 2973 1656 2988 ,
1682 2951 1741 2980 tam
1763 2947 1930 2978 Custodiam
1953 2946 2086 2976 omnium
2107 2943 2327 2982 Maneriorum,

1267 2996 1441 3031 Terrarum,
1467 2993 1730 3025 Tenememomm,
1751 2985 1947 3022 Reddiruum,
1965 2984 1998 3014 &
2020 2983 2223 3021 Servitiorum,
2241 2992 2274 3012 ac
2298 2993 2328 3012 a-

1264 3034 1368 3064 liorum
1377 3031 1687 3062 Haereditamentorum
1697 3025 1900 3063 praedic‘lorum
1919 3031 2170 3060 quorumcumque
2179 3046 2188 3058 ,
2197 3022 2251 3051 una
2259 3031 2327 3051 cum

1266 3071 1395 3102 Exitibus
1410 3072 1442 3101 &
1461 3067 1600 3099 Proficiiis
1614 3064 1781 3096 eorumdem
1805 3060 2020 3098 Maneriorum,
2037 3060 2192 3090 Terrarum
2229 3060 2328 3090 Tene-

1266 3119 1450 3146 mentorum,
1470 3105 1665 3140 Reddituum,
1682 3104 1717 3134 &
1734 3101 1920 3132 Servitiorum
1931 3122 1940 3137 ,
1955 3100 1988 3130 ὅτ.
2006 3107 2178 3129 caeterorum
2221 3098 2327 3127 raemi's-

1266 3148 1362 3179 sorum
1372 3171 1382 3186 ,
1399 3156 1463 3184 quae
1477 3146 1534 3175 tarn
1571 3152 1600 3173 er
1617 3140 1747 3172 Mortem
1763 3138 1891 3177 praedie’ci
1902 3137 2028 3175 Roberti,
2044 3138 2128 3174 quarn
2144 3137 2250 3166 ratione
2265 3134 2326 3165 Mi-

1267 3188 1345 3217 noris
1369 3185 1474 3215 AEtatis
1488 3191 1546 3220 prae
1561 3188 1616 3210 atae
1638 3182 1800 3216 Katerinae,
1823 3177 1856 3207 ad
1881 3176 1986 3206 Manus
2008 3175 2113 3205 nostras
2136 3174 2326 3212 devenerunt,

1268 3226 1356 3263 quam
1372 3221 1541 3253 Custodiam
1556 3220 1589 3250 ὃ(
1602 3217 1785 3257 Maritagium
1798 3214 1913 3256 ejusdem
1925 3217 2068 3244 Katerinae
2086 3212 2186 3251 absque
2197 3211 2328 3249 Dispara-

1288 3272 1383 3293 atione

1268 3273 1287 3303 g
1307 3302 1326 3319 ¹³
1344 3285 1484 3330 Ha’benda
1507 3299 1541 3329 δε
1566 3294 1706 3341 Tgnenda
1727 3291 1897 3324 Custodiam
1916 3292 1949 3322 ὅτ.
1969 3288 2150 3327 Maritagium
2169 3287 2301 3326 praediela
2317 3311 2328 3326 ,

1267 3349 1336 3370 cum
1356 3339 1462 3370 caeteris
1481 3336 1631 3367 Praemiiiis
1644 3358 1654 3371 ,
1679 3332 1797 3371 praefato
1814 3330 1920 3360 Thomae
1939 3326 2099 3364 cardinali,
2125 3328 2157 3356 &
2176 3326 2328 3366 Affignatis

1267 3379 1336 3415 suis,
1364 3388 1378 3406 a
1397 3385 1528 3413 tempore
1550 3373 1655 3403 Mortis
1674 3370 1800 3409 praedicti
1817 3369 1926 3399 Roberti
1939 3390 1949 3404 ,
1972 3367 2093 3408 durante⁴
2105 3364 2224 3395 Minore
2242 3364 2327 3396 AEta-

1269 3426 1297 3448 te
1315 3416 1430 3456 ejusdem
1445 3416 1606 3447 Katcrt'nae,
1632 3412 1665 3441 &
1686 3409 1770 3447 usque
1788 3408 1821 3438 ad
1838 3408 1946 3444 plenam
1966 3405 1999 3434 &
2015 3404 2175 3447 legitimam
2194 3401 2325 3434 AEtatem

1270 3456 1391 3494 ejusdem
1410 3453 1556 3489 Heredis,
1582 3450 1615 3481 &
1632 3449 1743 3478 ulterius
1761 3445 1892 3484 quamdiu
1911 3441 2054 3485 Manena,
2078 3441 2178 3472 Terrae
2191 3464 2201 3479 ,
2227 3441 2326 3472 Tene-

1271 3503 1365 3524 menta
1378 3516 1387 3531 ,
1414 3494 1447 3524 ὅτ.
1466 3500 1566 3521 caerera
1586 3486 1730 3518 Praernissa
1748 3486 1776 3514 in
1796 3483 1929 3514 Manibus
1946 3479 2048 3510 nostris
2066 3481 2217 3519 contigerit
2234 3491 2325 3511 rema-

1270 3542 1354 3563 nere:
1960 3557 1965 3562 ⁸

1305 3571 1342 3601 Et
1358 3593 1367 3607 ‚
1392 3568 1411 3598 fi
1437 3567 1473 3598 de
1488 3565 1612 3597 Haerede
1631 3563 1680 3594 illo
1698 3559 1870 3592 Humanitus
1888 3565 2034 3596 contingat
2050 3565 2201 3595 antequam
2218 3555 2250 3586 ad
2269 3555 2328 3594 ple-

1270 3619 1336 3639 nam
1357 3609 1389 3639 &
1408 3606 1564 3642 legitimam
1585 3601 1714 3632 ssEratem
1733 3599 1807 3629 suam
1826 3596 1984 3634 pervenerit
1997 3620 2008 3632 ,
2033 3594 2156 3625 Haerede
2183 3595 2231 3625 suo
2257 3594 2328 3625 infra

1271 3647 1400 3678 AEtarem
1427 3643 1561 3673 existente
1575 3663 1583 3677 2
1609 3648 1677 3669 tunc
1703 3637 1828 3675 praefatus
1845 3633 1960 3664 Thomas
1976 3632 2130 3663 Cardinalis
2147 3634 2245 3663 habeat
2263 3631 2327 3663 Cu-

1272 3686 1390 3715 stodiam
1409 3681 1539 3712 omnium
1560 3677 1773 3711 Maneriorurn‚
1793 3673 1967 3710 Terrarum,
1984 3671 2248 3708 Tenementorum,
2261 3670 2327 3700 Ser-

1270 3725 1405 3755 vitiorum
1421 3744 1430 3758 ,
1456 3729 1488 3748 ac
1509 3724 1676 3747 caeterorum
1695 3711 1909 3742 Praemiffomm
1926 3734 1937 3750 ,
1962 3720 2030 3741 cum
2050 3710 2224 3740 pertinentiis
2237 3731 2247 3747 ‚
2272 3709 2326 3739 du-

1270 3771 1349 3792 rante
1368 3759 1484 3789 Minore
1505 3754 1602 3785 AEtate
1620 3751 1742 3790 ejusdem
1761 3749 1890 3780 Haeredis
1907 3771 1917 3787 ‚
1943 3750 1977 3780 &
1995 3748 2109 3779 ulterius
2127 3747 2260 3785 quamdiu
2280 3756 2327 3778 m-

1270 3800 1338 3830 dem
1357 3797 1483 3828 Maneria
1494 3817 1504 3831 ,
1517 3793 1636 3828 Terrae,
1659 3790 1859 3826 Tenementa,
1883 3789 1916 3818 ὃς
1935 3797 2035 3818 caerera
2053 3784 2194 3816 Praemiffi
2211 3786 2241 3815 in
2259 3783 2327 3814 Ma-

1271 3839 1352 3868 nibus
1371 3835 1471 3865 nostris
1489 3830 1659 3868 contigerint
1674 3837 1834 3864 remanere,
1849 3837 1882 3857 ac
1903 3825 2072 3856 Custodiam
2091 3825 2123 3854 δε
2144 3823 2328 3861 Maritagiurn

1271 3876 1341 3906 illius
1367 3872 1494 3903 Haeredis
1513 3869 1550 3899 fic
1570 3867 1638 3897 infra
1655 3865 1784 3896 AEtatem
1802 3865 1941 3895 existentis
1955 3887 1964 3901 ,
1994 3864 2026 3893 &
2049 3862 2085 3891 fic
2102 3862 2138 3891 de
2157 3861 2282 3892 Haerede
2301 3863 2330 3891 in

1272 3913 1430 3944 Haeredum
1447 3907 1591 3946 quousque
1607 3905 1705 3942 aliquis
1720 3903 1877 3934 Haeredurn
1894 3901 2094 3940 praedietorum
2110 3900 2145 3930 ad
2163 3899 2275 3936 plenam
2293 3901 2328 3931 &

1273 3953 1425 3988 legitimam
1445 3946 1573 3977 AEtatern
1591 3943 1668 3974 suam
1686 3943 1843 3981 pervenerit
1859 3964 1869 3979 ,
1891 3949 1924 3971 ac
1942 3939 2021 3969 idem
2038 3937 2152 3967 Thomas
2174 3938 2329 3968 cadinalis

1275 3990 1413 4020 effectum
1440 3984 1578 4022 Maritagii
1598 3982 1710 4019 alicujus
1730 3980 1888 4011 Haeredum
1915 3977 2029 4007 illorum
2045 3976 2142 4007 debite
2159 3975 2241 4008 fuerit
2259 3976 2330 4007 affe-

1275 4038 1356 4058 curus
1372 4039 1381 4065 3
1409 4035 1445 4055 eo
1467 4023 1546 4061 quod
1565 4021 1688 4058 expressa
1706 4020 1816 4050 mentio
1833 4017 1870 4046 de
1887 4025 1957 4046 vero
1976 4014 2080 4045 Valore
2097 4019 2192 4045 annuo
2208 4015 2331 4045 Marita-

1275 4069 1313 4106 gii
1332 4063 1459 4104 praedicri
1475 4085 1484 4099 ,
1509 4060 1555 4091 seu
1576 4060 1612 4090 de
1629 4059 1686 4090 aliis
1701 4058 1797 4124 DonIiDs
1818 4055 1873 4085 sive
1892 4052 2131 4085 Conceffionibus
2149 4053 2243 4085 eidem
2260 4051 2332 4083 Tho-

1817 4103 1836 4123 2
2282 4101 2331 4120 γης

2346 2472 2421 2505 Ann.
2433 2472 2475 2506 D.

2365 2522 2452 2553 1473-

2346 2556 2399 2579 Aa.
2418 2563 2460 2581 iz.

2348 2595 2379 2618 Ε.
2398 2602 2428 2625 4.

2349 2633 2404 2658 Par.
2419 2641 2458 2659 iz.

1264 2688 1320 2725 eti,
1339 2687 1387 2725 qui
1398 2685 1434 2716 de
1448 2684 1547 2714 Nobis
1558 2683 1646 2714 tenuit
1660 2683 1689 2711 in
1703 2679 1821 2718 Capite,
1839 2680 1868 2708 in
1886 2676 2031 2707 Comitatu
2050 2675 2179 2713 Kanriae,
2196 2675 2254 2706 Die
2267 2686 2326 2714 quo
2342 2672 2378 2734 'f'-
2389 2683 2412 2736 4²
2424 2679 2438 2709 p
2453 2682 2477 2700 ιρ

2351 3304 2365 3319 '¹'
2383 3302 2435 3330 XI.

2351 3350 2411 3376 77²·
