2555 4266
33 210 35 231 1
717 191 849 234 ,ΕΤ
931 190 1198 233 ACTA
1282 187 1765 241 PUBLICA.

50 273 99 307 D·
156 277 227 309 Nos
244 279 382 317 (debitam
402 274 626 306 Restitutionem
642 275 734 307 eldem
751 277 879 315 Johanni
894 279 952 318 Guy
964 277 1022 307 fieri
1039 277 1186 311 volentes)

55 353 82 380 6-
111 355 232 394 stelyon,
247 355 408 395 Johannem
429 356 505 391 Fax,
521 353 683 392 Johannem
700 354 848 393 Bristowe,
865 357 905 383 W
905 354 1043 384 illielmum
1060 353 1179 395 David,-

9 410 11 414 ·
117 394 278 432 Johannem
292 391 390 429 Stulle,
409 391 568 428 Johannem
583 391 740 430 Bradfora',
759 393 792 423 &
805 392 966 431 Johannem
978 391 1078 430 Paston
1087 414 1095 427 ,
1115 393 1179 420 ubi-

0 428 5 465 ἷ
27 453 29 460 ι
117 442 233 470 cunque
245 441 294 462 eos
309 432 433 461 invenire
449 431 591 468 poteritis,
611 431 797 460 Arestandum
815 433 848 460 &
865 430 1041 469 Capiendum
1052 451 1061 465 ,
1079 432 1112 458 ὅ(
1130 438 1179 459 603

0 476 2 490 ³
25 462 29 503 1
118 470 220 508 statim,
239 470 309 500 curn
325 472 400 507 capti
416 469 529 506 fuerint,
547 479 646 499 corani
664 469 761 499 Nobis
778 470 806 498 in
823 467 996 498 Cancellaria
1011 466 1180 496 0011131311-

0 234 35 452 &
49 322 77 351 4·
120 317 314 355 assignavimus
328 326 378 346 vos
391 315 572 351 conjuneiim
591 316 623 345 &
637 316 748 345 divilim
761 316 796 346 ad
812 316 941 353 praefatos
954 317 1115 354 Johannem
1129 319 1183 344 Ca-

116 509 240 540 cendum
260 510 293 538 &
315 507 382 538 duci
403 507 582 543 faciendum,
599 508 632 537 ad
657 506 900 545 Respondendum
916 507 994 543 super
1009 503 1178 541 Praemiffis,

115 549 151 578 &
167 547 202 577 ad
217 546 388 577 Faciendum
403 547 514 576 ulterius
526 547 559 577 ὅ(
573 546 781 582 Recipiendum
797 544 876 582 quod
890 542 979 573 Curia
993 543 1088 573 nostra
1106 552 1179 572 con-

23 604 25 618 l
117 585 276 617 fideraverit
291 587 320 615 in
334 596 365 615 ea
379 593 468 623 parte,
1031 620 1036 625 .

23 623 25 629 ’
154 624 193 655 Et
214 624 282 654 ideo
302 624 383 653 vobis
402 623 435 653 ὅ(
449 622 565 654 cuilibet
580 618 707 651 vestrum
724 618 898 649 Mandamus
914 619 993 657 quod
1011 629 1086 649 61163
1099 617 1177 648 Prae-

115 662 197 693 missa
215 663 362 702 diligenter
383 661 545 698 intendatis,
563 661 595 690 &
614 670 646 689 ea
663 660 766 688 faciatis
786 659 819 689 &
841 659 1018 697 exequamini
1041 660 1069 687 in
1084 658 1178 688 forma

125 701 249 731 *raedieta
267 712 273 731 :

113 711 133 741 p
151 739 264 770 Damus
283 748 377 770 autern
400 737 533 768 univerfis
555 736 586 767 &
607 735 716 773 singulis
739 734 984 773 vicecomitibus,
1001 735 1176 774 Majoribus,

113 777 242 816 Ballivis,
262 776 499 813 Constabulariis,
514 775 548 805 ac
573 775 630 804 aliis
652 773 821 811 Officiariis,
839 773 997 811 Ministris,
1018 774 1178 811 Fidelibus,

16 783 21 872 1
111 818 148 848 &
170 817 294 847 Subditis
313 815 433 852 nostris,
451 815 510 844 tarn
534 812 604 842 infra
626 813 800 850 Libertates,
829 813 917 849 quam
942 822 1036 850 extra,
1061 814 1178 844 Tenore

111 853 313 892 Praesentium,
330 853 445 883 firmiter
459 853 488 881 in
507 850 649 882 Mandatis
662 850 742 890 quod
758 852 840 881 vobis
853 852 887 882 &
902 851 1019 881 cuilibet
1033 849 1177 890 vestrum,

2 873 19 923 i
112 894 143 924 in
167 893 339 924 Executione
358 890 573 920 Praemifforum
588 911 598 926 ,
623 888 800 920 Intendentes
822 890 895 928 1101,
921 889 1123 928 00010160163,
1141 891 1175 921 &

14 926 18 998 1
114 931 287 962 Auxiliantes
303 931 332 959 in
345 929 481 959 omnibus
496 929 656 966 diligenter.

149 969 184 1000 In
201 970 295 1006 cujus,
312 969 373 999 &c-
694 1008 698 1012 ι
815 1006 820 1011 ¹
880 1005 885 1011 .
977 1006 992 1011 ..

12 1001 16 1075 ἱ
187 1006 278 1038 Teste
292 1005 377 1045 Rege
391 1005 465 1044 apud
485 1004 759 1045 Wstmonasterusm,
777 1015 842 1036 xxiv
858 1006 904 1036 die
914 1005 1002 1044 Junu.

11 1078 14 1096 l

0 1141 52 1169 tt.
131 1133 159 1160 δὲ
179 1138 238 1169 Pro
262 1134 378 1168 Ordine
406 1132 654 1180 Johannitarum
684 1132 782 1167 Rhodi
801 1132 845 1167 ad
865 1134 1034 1167 Auxilium
1050 1143 1152 1166 contra

0 1189 28 1238 3¹·
246 1222 249 1224 Ι
460 1185 572 1215 Turcos
591 1181 826 1229 impetrandum.

6 1243 89 1315 2,·1),
111 1265 246 1325 PsL'eas‘?
263 1272 287 1301 ir
302 1269 349 1300 the
368 1272 444 1314 Kfag
465 1285 475 1309 5
502 1275 564 1298 oure
583 1270 735 1298 Souverain
751 1266 846 1306 Lord,
871 1268 909 1306 by
934 1268 1056 1299 th'avice
1078 1266 1115 1297 of
1131 1266 1173 1296 his

12 1333 66 1399 *5342
147 1309 482 1388 Hlaii'ssrbilecgiicliiireiaaltlibn
505 1353 536 1376 to
558 1344 606 1375 the
629 1344 739 1375 Lettres
761 1345 815 1376 and
841 1344 953 1389 Desjres
972 1345 1009 1389 of
1021 1344 1068 1374 the
1089 1347 1171 1373 Greet

19 1417 21 1423 ,
66 1383 72 1389 ’
109 1387 228 1427 Marster
245 1385 280 1426 qf
290 1386 336 1416 the
352 1384 494 1424 Hospitall
508 1382 544 1421 of
553 1386 634 1413 Saint
650 1382 743 1420 Johm·
760 1383 796 1428 of
806 1383 962 1423 Jerusazen
981 1394 1009 1413 10
1035 1383 1172 1427 Rhodes,

25 1423 30 1429 ’
49 1440 53 1447 v
111 1425 230 1464 Bauius,
249 1427 379 1462 Priours,
402 1423 456 1453 and
478 1422 593 1453 Nobles
619 1422 655 1451 of
679 1422 728 1451 the
751 1422 808 1452 said
829 1422 941 1458 ordre,
968 1423 1024 1452 and
1046 1422 1172 1451 Motives

81 1461 88 1468 ⁴
107 1464 279 1495 vconteitrned
295 1465 324 1493 in
340 1462 388 1492 the
400 1462 491 1499 same,
504 1461 559 1491 and
575 1461 604 1490 in
619 1460 733 1490 Favour
744 1460 780 1490 of
791 1460 840 1491 the
854 1459 908 1490 said
924 1460 1019 1490 Ordre
1033 1460 1089 1490 and
1107 1460 1170 1489 De-

106 1503 182 1533 fense
197 1489 387 1533 ofohristien
404 1500 500 1537 Feith,
520 1508 550 1529 to
565 1498 695 1529 Graunte
709 1499 751 1527 his
766 1499 893 1537 gracious
909 1499 1018 1529 Lettres
1034 1499 1070 1529 of
1083 1498 1168 1529 Prive

105 1541 169 1572 Seel
187 1551 218 1572 to
237 1540 286 1570 the
302 1540 374 1579 Holy
391 1539 479 1567 Fadre
495 1537 542 1567 the
558 1539 645 1574 Pope,
665 1537 714 1566 the
732 1535 851 1575 College
870 1537 906 1568 of
921 1536 1094 1575 Cardinalls,
1111 1538 1166 1567 and

104 1580 187 1610 other
209 1580 239 1608 in
254 1577 302 1608 the
316 1576 410 1607 Court
421 1577 457 1606 of
467 1575 585 1613 Rome,
604 1576 633 1604 in
647 1575 738 1613 ample
756 1576 885 1613 fourme,
903 1576 974 1606 With
991 1576 1044 1606 alle
1055 1574 1168 1606 Clauses

101 1618 159 1648 and
181 1615 315 1646 Motions
337 1614 490 1645 necessarie
512 1614 567 1644 and
589 1613 769 1652 behovefull,
789 1613 836 1644 for
859 1622 889 1643 to
907 1614 1034 1644 Graunte
1048 1617 1167 1644 Annum

100 1654 254 1694 Jubilaeum
273 1655 303 1684 in
327 1653 441 1684 Lenton
456 1661 526 1683 next>
536 1660 710 1690 commyng,
727 1654 757 1681 in
771 1652 855 1682 suche
868 1653 948 1692 place
961 1663 994 1682 or
1010 1653 1102 1691 places
1116 1655 1166 1683 wi-

100 1695 200 1724 thinne
212 1693 266 1723 this
281 1691 382 1723 Laude
394 1691 450 1722 and
461 1691 503 1720 his
520 1690 601 1721 Land
614 1690 652 1721 of
661 1690 771 1721 lrlande
786 1701 814 1721 as
827 1690 884 1721 11111
900 1692 935 1722 06
949 1691 1070 1731 thought
1086 1692 1164 1730 good

101 1741 134 1763 to
149 1732 196 1763 the
212 1731 314 1761 Priour
327 1730 365 1761 of
373 1730 422 1761 the
437 1729 494 1760 said
512 1729 610 1760 Ordre
627 1730 655 1758 in
673 1729 822 1768 Enghnd,
947 1762 950 1765 ,

139 1770 223 1807 And,
242 1779 312 1800 over
327 1769 397 1806 this,
415 1778 446 1799 to
464 1767 578 1799 Graunt
601 1768 659 1798 that
677 1767 719 1797 his
741 1768 850 1798 Lettres
871 1767 909 1798 of
928 1766 1012 1799 Prive
1035 1769 1114 1807 Seel,
1131 1770 1162 1799 in

99 1808 346 1878 fflsstftffii
363 1805 1164 1889 ’118311ἓὲῗῇἷὲιῖξῖἐῗέᾆεζ”ἑῖ,ζὲῖἶ’1ἷζ’ξὲ’γῧζ,ἵζ”ἔὲξῖηξῗ

99 1885 155 1916 and
173 1894 204 1916 to
217 1885 342 1916 Revoke
363 1885 415 1915 and
438 1884 514 1914 Sette
533 1883 607 1913 aiide
621 1883 672 1913 alle
687 1883 877 1914 Ordenances
897 1884 978 1915 made
999 1894 1030 1914 m
1051 1884 1164 1925 Rigour

98 1924 154 1955 and
167 1923 244 1957 Hurt
256 1923 293 1955 of
307 1924 354 1955 the
369 1923 422 1954 said
437 1922 572 1961 Religion
586 1931 621 1952 or
635 1931 689 1962 any
700 1922 737 1952 of
751 1922 845 1953 thaim.

137 2004 181 2033 W.
200 2001 286 2031 Ebor.
689 2002 724 2029 R.
742 1998 891 2041 Salisbury.

137 2042 181 2070 W
199 2042 325 2078 llVyntoni
686 2037 725 2077 J.
745 2037 898 2078 Worcestre.

137 2081 170 2108 T.
187 2078 280 2108 Elim.
687 2076 724 2116 J.
744 2077 891 2117 Duddeles

132 2121 175 2146 W.
194 2119 352 2146 Norwicen.
687 2118 745 2144 Ric.
764 2116 905 2145 Andrew.

137 2158 172 2186 R.
193 2156 272 2185 York.
682 2156 812 2189 „Decanus
827 2155 921 2185 Sanffi'
938 2157 1070 2186 Severini.

107 2205 110 2207 ·
133 2196 174 2223 H.
193 2193 376 2231 Bukingham.

133 2277 242 2304 Decimo
264 2277 358 2315 quinto
380 2275 435 2302 Die
456 2271 533 2311 Julii
548 2296 558 2311 ,
583 2275 670 2303 Anno
684 2298 693 2311 ,
716 2272 777 2309 ἀι.
798 2274 935 2315 Triefimo
952 2274 1068 2314 sicunde
1092 2269 1165 2314 apud

97 2313 204 2352 uivftm.
218 2315 276 2341 Rex
289 2313 321 2341 de
337 2313 507 2350 avisamento
519 2311 680 2350 Conciljifici
696 2313 852 2342 Mandavit
868 2313 975 2351 Custodi
990 2317 1104 2344 Privati
1117 2318 1160 2344 Si-

91 2351 153 2390 gilli
167 2351 213 2392 sui
227 2350 321 2390 facere
345 2353 472 2379 Litteras
487 2354 516 2379 in
530 2350 722 2391 debitafornza
730 2351 876 2391 fitundicm
893 2352 1016 2392 efficium
1026 2352 1161 2392 Supplica—

95 2394 178 2421 tionis
187 2390 371 2429 praecea'entis.

805 2427 846 2459 T.
882 2427 910 2458 K
920 2438 938 2460 ε
949 2438 972 2459 N
980 2436 1015 2460 τ.

161 2557 220 2589 Pro
247 2551 379 2588 Ricardo'
404 2546 491 2587 Duce
509 2547 646 2586 eborum
673 2550 831 2600 Capitaneo
853 2556 882 2587 V
887 2554 942 2587 illae
963 2556 1088 2588 Caleiitk

0 2664 22 2690 ἡ·
34 2658 78 2690 D·
99 2640 184 2696 RE
192 2637 402 2722 {giiiilglgiigii
411 2638 828 2722 'affiequiulsiffigzcrimsizgcitgffinsu
845 2672 949 2723 INsIagni
964 2679 1093 2711 Co'ncilii
1109 2691 1161 2711 no-

0 2707 60 2765 45‘}
98 2714 167 2755 stn,
184 2716 314 2747 Decimo
328 2717 450 2760 septimo
467 2715 605 2758 DieJulu
623 2716 725 2760 ultimo
741 2726 899 2756 praeterito,
918 2728 966 2757 per
980 2718 1161 2750 INDENTu-

16 2748 28 2775 3
52 2757 61 2766 ·
98 2763 188 2794 RAM,
207 2763 341 2786 FACTAM
356 2765 428 2785 inter
443 2755 513 2785 Nos
528 2758 561 2784 ὅ(
578 2754 752 2785 canffimum
764 2755 1016 2796 consanguineum
1032 2757 1160 2788 nostrum

0 2778 25 2805 ⁶·
96 2794 243 2831 Ricardum
260 2796 362 2834 Ducern
379 2793 516 2831 Eburum,
533 2792 716 2834 Retinuirnus
734 2795 824 2831 ipsum
845 2798 930 2832 penes
952 2795 1038 2834 Nos,
1076 2807 1108 2826 ro
1125 2798 1159 2828 &

0 2824 35 2881 ’ἓ
50 2855 67 2882 6
96 2832 215 2864 durante
228 2829 374 2862 Termino
391 2831 505 2874 Septem
519 2830 673 2862 Annorum
690 2833 824 2871 proximo
840 2834 1025 2877 sequentium,
1073 2836 1159 2873 apita-

34 2875 41 2882 ·
69 2876 77 2883 “
94 2880 183 2902 neum
207 2870 292 2901 Villae
314 2871 347 2902 ὅ(
362 2868 455 2900 Castri
473 2869 636 2899 nostrorum
650 2869 732 2901 Cales
745 2872 777 2901 ὃ(
793 2871 895 2902 Turris
911 2872 1014 2903 nostrae
1029 2873 1066 2904 de
1081 2874 1158 2913 Rys·

0 2901 24 2920 ²·
95 2909 180 2948 bank,
197 2910 231 2940 ὃ(
245 2909 510 2939 Locumtenentem
527 2907 656 2938 nostrum
673 2909 701 2938 in
719 2909 855 2940 Marcbiis
870 2911 990 2950 ibidem,
1005 2922 1074 2942 cum
1091 2922 1158 2944 om-

93 2950 177 2985 nibus
186 2947 319 2990 Juribus,
336 2947 520 2984 Honoribus,
538 2945 692 2990 Proficuis,
709 2946 929 2991 Emolumentis,
948 2950 1158 2990 Praerogativis,

93 2988 130 3056 1816
143 2988 202 3018 tam
212 2986 307 3026 ampli
314 2985 480 3054 ιξῆῑὶζ16171316,
499 2993 584 3024 prout
597 2984 695 3024 ahquis
709 2984 880 3024 Capitaneus
893 2988 980 3019 dietae
997 2989 1078 3020 Villae
1093 3000 1157 3021 ante

116 3035 159 3055 aec
174 3034 232 3056 tem
273 3035 300 3057 ta
335 3036 348 3055 a
373 3033 412 3056 uit
739 3052 741 3054 .

131 3063 169 3094 Et
193 3035 306 3095 ultffius
340 3063 377 3104 de
397 3047 572 3105 ar'risamento
592 3062 626 3093 &
649 3062 755 3094 assensu
782 3062 937 3103 praedietis,
956 3063 1099 3097 Dedimus
1120 3068 1154 3098 &

93 3100 295 3134 Conceffimus
311 3086 475 3145 Idicentiam
496 3103 528 3132 &
541 3101 705 3145 'plenariam
719 3101 889 3145 Potest-atem
899 3103 1020 3143 praesato
1035 3105 1156 3145 Consan-

89 3144 186 3177 guineo
205 3141 292 3181 nostro
306 3141 386 3179 quod
402 3141 458 3178 ipse
473 3139 626 3170 Ordinabit
640 3141 674 3170 &
692 3140 817 3171 Stabiltet
830 3143 1017 3174 omnimodos
1031 3143 1154 3176 Officia—

94 3179 170 3218 rios,
187 3188 259 3217 quos
279 3180 329 3210 fibi
344 3179 485 3209 videbitur
497 3187 657 3216 oportunos
672 3179 706 3210 ὃ(
720 3181 939 3220 convenientes,
956 3192 1008 3218 pro
1028 3184 1102 3214 bona
1119 3185 1153 3215 &

93 3216 165 3247 salva
177 3217 283 3248 Gardia
302 3218 382 3249 Villae
396 3217 558 3255 praediCtae,
576 3217 695 3249 durante
707 3226 835 3257 ternpore
846 3219 1020 3260 supradicto,

129 3254 168 3286 Et
190 3257 270 3294 quod
284 3256 341 3304 ipse
360 3256 425 3287 dare
445 3254 531 3294 poffit
544 3256 834 3300 8660116611616,-1”110
850 3258 948 3297 Sigillo
964 3259 1021 3289 live
1034 3260 1152 3301 Signeto

92 3292 162 3330 suo,
176 3293 262 3324 salvos
281 3294 469 3331 conductus,
488 3294 667 3332 Securitatis,
692 3295 725 3325 &
747 3296 812 3325 alias
832 3296 939 3327 Literas
958 3297 1065 3329 Gratiae
1088 3300 1151 3331 Ad-

91 3332 213 3361 versariis
227 3332 328 3363 nostris
346 3333 479 3364 veniendi
493 3331 635 3363 0316111110
649 3335 682 3364 &
699 3333 858 3373 Marchias,
877 3336 1005 3367 morandi
1022 3338 1055 3367 &
1072 3349 1152 3369 rece-

91 3369 179 3400 dendi
192 3371 249 3400 tarn
263 3379 312 3408 per
323 3371 445 3401 Terram
461 3379 494 3400 ex
509 3371 554 3400 illa
568 3378 645 3408 parte
661 3370 761 3410 Maris,
779 3374 865 3411 quarn
881 3385 929 3411 per
946 3375 978 3405 ὃ(
991 3375 1071 3415 super
1084 3377 1151 3408 Ma-

91 3418 139 3446 re,
158 3417 211 3447 pro
232 3407 407 3440 Vitellatione
428 3408 512 3440 Villae
536 3409 696 3448 praedi&ae,
715 3411 748 3442 &
762 3421 815 3447 pro
828 3411 1040 3445 Deliberatione
1056 3415 1152 3446 Priso-

90 3447 255 3484 uariorum,
273 3446 294 3476 fi
314 3457 386 3484 quos
404 3448 466 3485 capi
488 3448 638 3487 contigerit
656 3458 706 3488 per
726 3449 819 3488 ipsum
843 3453 888 3482 vel
905 3462 955 3490 per
977 3453 1099 3492 aliquem
1114 3456 1151 3487 de

89 3484 267 3522 Retinenda,
281 3484 327 3515 sua
338 3486 608 3524 duranteTempore
622 3487 778 3526 praedieto,

129 3523 168 3566 Et
192 3523 277 3566 etiam
299 3523 380 3566 quod
400 3524 456 3561 ipse
473 3524 637 3562 Appatisare
657 3527 780 3565 poterit,
796 3527 947 3567 Tempore
970 3530 1111 3570 Guerrae,
1130 3534 1150 3565 fi

90 3561 180 3592 Caius
196 3560 224 3591 id
238 3569 366 3604 requirat,
380 3571 478 3592 omnes
490 3562 641 3595 Parochias
653 3564 871 3597 Disobedientes
883 3568 918 3598 &
931 3568 1066 3601 Rebelles
1080 3572 1115 3602 Ν
1118 3582 1152 3602 o-

90 3602 150 3637 bis,
167 3610 201 3630 ac
220 3608 273 3638 pro
287 3598 388 3642 eisdem
404 3599 468 3643 dare
476 3601 582 3633 Literas
593 3601 684 3633 Salvae
699 3603 819 3635 Gardiae
833 3607 866 3637 ὅ(
883 3607 949 3637 31133
966 3608 1075 3639 Literas
1093 3611 1144 3642 sub

91 3637 191 3707 sigillo
204 3641 254 3681 luo
266 3638 404 3707 ‘egcfflms
415 3647 444 3667 tn
457 3639 509 3670 hac
525 3649 620 3680 parte,-
634 3641 752 3673 durante
767 3651 899 3683 tempore
912 3645 1082 3685 supradieto.

145 3686 257 3747 nfgijktgs
263 3685 350 3753 kegce'
359 3713 433 3751 apud
449 3713 705 3758 Wstmonasterium
714 3742 725 3757 ,
741 3718 858 3750 decimo
874 3720 981 3754 octavo
996 3722 1042 3754 die
1054 3725 1134 3764 Julii.

218 3793 380 3837 Per-Breve
399 3790 436 3836 de,
449 3792 568 3837 Privato
582 3793 685 3833 Sigillo,
703 3793 742 3831 ὀ·
756 3796 789 3826 de
795 3798 876 3827 Data
887 3799 1032 3840 praedias,
1041 3804 1152 3834 Aufloz

254 3837 340 3860 ritate
356 3828 546 3861 Parlmnzenn.

141 4079 216 4114 xiim.
234 4080 267 4115 V.
284 4078 319 4114 P.
335 4080 378 4116 Ha

2256 222 2308 262 57

1225 315 2275 339 Ἢ
2304 294 2437 337 Αο0.,Ι).“

1245 360 1273 386 *³
1296 362 1356 396 Ad
1381 367 1517 411 Papam,
1535 369 1576 411 fit
1595 372 1627 399 er
1654 367 1781 413 Jubileo
1800 371 1974 405 concedendo
1988 387 2040 420 pro
2055 378 2130 412 disto
2150 380 2264 414 ordine
2303 342 2415 400 ΗΙτῒῗ-ἓ-

1625 415 1881 462 Johannitarum.
2301 409 2396 483 3531·

1225 495 1272 549 B
1283 494 1308 525 E
1317 506 1337 525 A
1347 504 1390 527 'rt
1401 507 1433 527 ss
1443 506 1455 527 1
1464 506 1489 527 M
1500 507 1518 542 e
1535 498 1568 547 ΙΡ
1578 509 1597 528 Α
1609 508 1632 528 Τ
1645 509 1663 530 ε
1673 510 1696 531 R
1707 524 1716 539 ‚
1740 502 1805 540 post
1832 502 2013 547 devotiffima
2039 508 2148 541 Pedum
2176 502 2281 546 oscuia'
2299 510 2376 541 Ann.
2392 511 2434 542 D.

1296 536 1442 565 beatorum
1454 559 1463 571 ,
1478 536 1588 567 filiaem
1604 537 1943 574 Recommandationem.
2320 551 2405 589 1'454.

1263 570 1344 603 01110
1368 584 1421 618 pro
1445 575 1492 604 Re
1510 576 1631 618 devota,
1656 577 1782 621 bonesti
1797 578 1881 618 Deo,
1897 582 1930 611 ὃ(
1952 582 2130 617 Hominibus
2150 590 2265 627 accepta
2300 593 2350 616 Aa.
2371 599 2415 626 32·

1223 598 1402 643 Interceffuri
1421 612 1512 643 sumus
1534 616 1634 652 (cujus
1655 615 1734 645 causa
1755 617 1873 654 ptiffima
1894 619 2026 659 habetur,
2046 622 2108 653 finis
2129 615 2281 658 laudsbilis'
2298 632 2334 655 H.
2352 629 2380 655 6.

1223 653 1331 688 gratus,
1350 651 1383 681 ὅ(
1400 651 1515 682 summa
1529 654 1779 695 commendatione
1789 656 1898 694 dignus,
1915 658 2038 697 ailatura,
2052 661 2106 691 sine
2120 653 2283 702 cuiusquan}
2317 665 2380 693 Pell.

1226 686 1421 719 Nocumento
1434 700 1480 720 aut
1498 691 1701 730 Displicentia,
1721 702 1820 732 magna
1836 694 2003 727 Christianae
2019 699 2164 736 Religioni
2181 713 2283 734 como-

1222 725 1277 768 da)
1296 736 1426 759 currente
1451 728 1522 759 Stilo
1536 730 1632 760 nostro
1649 731 1731 761 valde
1747 732 1927 770 familiariter,
1945 735 2083 771 speramus
2101 738 2156 767 line
2173 741 2283 773 vacilla-

1223 771 1302 832 {ione
1323 767 1400 804 quod
1420 769 1540 805 petimus
1559 778 1574 797 a
1598 770 1754 799 Sanc‘htate
1768 769 1860 810 vestra
1875 781 1943 802 cum
1961 775 2044 811 gratia
2059 776 2119 806 fore
2134 778 2283 815 impetran-

1246 813 1305 833 Um.

1260 841 1392 888 Etenim,
1409 844 1503 876 nostra
1516 847 1690 885 cogitatione
1704 845 1847 878 firmatum
1864 848 1914 887 est,
1933 851 2074 880 Sanrst‘itas
2087 851 2179 892 vestra
2197 853 2215 883 fi
2229 865 2281 885 no·

1221 878 1285 923 stf'tss
1299 892 1400 913 mentis
1414 886 1638 921 conceptionem
1652 895 1716 917 ante
1733 887 1938 924 expressionem
1952 891 2123 927 concepiffe:
2132 914 2141 929 ,
2160 902 2219 922 non
2235 905 2284 924 an-

1220 920 1379 962 ticipassent
1400 922 1538 953 instantiae
1558 929 1651 954 retum
1675 925 1912 962 impetrandarum
1936 926 2185 969 Conceffionem,
2212 941 2285 970 quo-

1221 966 1299 987 niam
1309 981 1318 996 ,
1333 960 1423 996 palam
1437 960 1494 998 est,
1515 962 1564 991 ubi
1579 963 1614 992 de
1628 962 1737 994 Favore
1751 963 1912 994 Ortodoxae
1929 968 2119 1006 contenditur,
2137 970 2206 998 inter
2220 980 2285 1000 cur-

1222 1004 1314 1026 rentes
1336 997 1430 1028 Canes
1450 999 1583 1030 Bravium
1603 1002 1743 1031 Sandiitas
1764 1003 1857 1041 vestra
1880 1004 1928 1034 fibi
1952 1005 2104 1045 vendicat,
2123 1008 2199 1045 quod
2224 1019 2284 1039 000

1221 1040 1334 1065 tantum
1358 1037 1508 1076 Dignitatis
1529 1038 1630 1070 vestrae
1653 1039 1766 1070 Officio
1789 1042 1948 1072 attribuitur
1962 1067 1971 1080 ,
1998 1054 2134 1081 quantum
2159 1047 2285 1085 singulari

1220 1073 1298 1141 glos
1308 1084 1366 1143 qu?
1386 1075 1482 1108 aestuat
1500 1077 1594 1118 vestra
1617 1079 1756 1108 Sanft'ztas
1776 1080 1805 1109 in
1823 1079 1931 1111 Christi
1949 1082 2053 1121 Gregis
2066 1083 2284 1117 protectionem

1302 1123 1347 1143 ute
1356 1123 1412 1145 am.
2007 1145 2010 1149 .

1244 1148 1336 1193 ⁴Cum
1358 1154 1460 1191 igitur,
1477 1154 1574 1186 diebus
1592 1154 1710 1194 0011113,
1729 1156 1890 1196 advenerit,
1910 1157 2083 1190 Monstrum
2098 1161 2164 1191 illud
2180 1162 2286 1201 Super-

1220 1188 1295 1231 biae,
1314 1189 1425 1229 Famae,
1444 1193 1582 1232 Invidiae,
1601 1195 1735 1232 Princeps
1754 1195 1975 1235 Indignationis,
1994 1199 2027 1228 ὃ(
2052 1198 2193 1230 Vitiorum
2214 1212 2282 1231 om-

1217 1236 1298 1257 nium
1315 1228 1542 1274 Receptaculum
1559 1234 1591 1263 &
1607 1233 1754 1271 officina,
1773 1234 1952 1274 Blasphemus
1969 1237 2014 1266 ille
2036 1236 2152 1268 Teucer
2163 1262 2172 1276 ,
2191 1239 2282 1270 Sacri-

1217 1264 1293 1304 legus
1313 1291 1321 1303 —,
1348 1268 1381 1297 ὅ(
1400 1268 1628 1301 Christianorum
1652 1272 1820 1303 persecutor
1845 1273 1979 1304 immanis
2004 1272 2102 1313 (cujus
2121 1276 2282 1310 Elationem

1218 1305 1398 1350 Aer,Teilus
1407 1330 1417 1346 ,
1432 1308 1466 1337 &
1483 1308 1574 1339 Maria
1588 1313 1735 1340 continere
1750 1321 1810 1341 non
1826 1313 1932 1349 valent,
1949 1314 2028 1350 cujus
2043 1314 2162 1352 Rabies,
2177 1316 2263 1347 Furor
2273 1340 2283 1355 ‚

1217 1343 1250 1372 &
1277 1344 1390 1387 11613013
1414 1345 1529 1376 Caelum
1545 1350 1656 1378 turbant
1673 1351 1705 1379 &
1722 1349 1887 1390 Elementa,
1906 1351 1986 1388 cujus
2001 1351 2132 1390 Impietas
2147 1358 2180 1384 ὅ(
2197 1355 2281 1386 Ρ6111-

1216 1381 1476 1427 13011306003003
1494 1387 1693 1416 abominandae
1707 1388 1877 1427 noscuntur)
1899 1391 1996 1420 omnia
2011 1393 2095 1421 omni
2106 1392 2282 1424 solicitudine

1215 1420 1248 1450 ὃ(
1264 1421 1408 1460 diligentia
1421 1426 1589 1465 quaerenda,
1607 1424 1808 1464 investiganda,
1824 1428 1857 1457 ὃς
1870 1429 2047 1466 imaginanda
2061 1441 2077 1460 a
2091 1431 2190 1462 Nobis
2207 1432 2280 1471 sunt,

1212 1468 1338 1496 quorum
1363 1460 1496 1492 Praelxdio
1520 1464 1578 1500 ejus
1609 1463 1681 1494 Tela
1702 1463 1849 1495 venenosa
1870 1467 1900 1497 in
1922 1466 2012 1506 ipsum
2033 1477 2168 1507 torquere
2189 1471 2280 1502 valea-

1214 1507 1285 1527 mus.

1249 1536 1374 1569 Nauseat
1391 1542 1469 1570 certe
1494 1540 1570 1579 super
1591 1539 1639 1579 isto
1660 1543 1799 1570 Maumeto
1824 1535 1928 1571 Anima
1947 1543 2058 1582 nostra3
2075 1547 2123 1583 qui
2139 1545 2280 1579 christia*

1213 1583 1316 1606 norum
1340 1577 1483 1616 Sanguine
1509 1579 1645 1610 exhausto
1664 1580 1704 1609 uti
1727 1580 1825 1617 Lupus
1839 1580 1966 1611 debacari
1980 1584 2125 1622 00166131,
2146 1587 2193 1623 qui
2209 1588 2277 1617 irre-

1212 1616 1319 1645 verenti
1342 1617 1453 1647 Animo
1468 1619 1502 1648 «Sc
1517 1615 1664 1648 effraenata
1679 1617 1814 1648 Libidine
1831 1618 1910 1650 sevit
1928 1621 1955 1649 in
1971 1620 2084 1652 Sanetae
2100 1622 2204 1654 Matris
2216 1625 2276 1655 Ec·

1212 1651 1303 1683 clefiae
1322 1653 1450 1686 Ruinam
1472 1656 1668 1692 Furibundus,
1684 1666 1717 1686 ex
1739 1656 1808 1686 Sinu
1827 1657 1885 1694 ejus
1898 1657 1943 1687 Re
1963 1668 2087 1690 60613103
2105 1662 2189 1692 Filios
2203 1663 2277 1694 Vio-

1211 1690 1294 1722 lentia
1309 1694 1429 1732 eripiens
1442 1694 1594 1733 turpissima
1611 1694 1772 1726 crudelitate
1785 1667 2002 1734 Trucidancsoffi
2020 1700 2052 1728 &
2068 1699 2219 1730 frustratim
2233 1702 2276 1732 di-

1209 1739 1243 1760 ro
1257 1731 1344 1761 Ferro
1359 1733 1562 1764 Dilacerandos
1582 1743 1588 1763 1
1608 1733 1773 1771 horremus,
1794 1733 1907 1765 Natura
1925 1736 2014 1765 solum
2031 1738 2213 1776 prohibente,
2232 1741 2277 1771 illa

1208 1771 1365 1813 exprimere
1387 1782 1452 1810 quae
1472 1773 1528 1803 sine
1543 1771 1712 1804 verecundia
1729 1773 1833 1803 exultat
1849 1775 2032 1805 committere
2050 1776 2079 1805 in
2097 1776 2138 1807 sui
2155 1777 2276 1809 Plasma-

1209 1816 1277 1837 toris
1293 1811 1511 1841 similitudinem.

1244 1846 1321 1877 Haec
1339 1850 1371 1878 &
1388 1849 1494 1879 infinita
1506 1849 1666 1889 huiusmopi
1682 1849 1791 1881 Scelera
1802 1850 1845 1881 sua
1859 1860 2034 1889 quamquam
2050 1852 2135 1884 Fama
2143 1854 2275 1893 frequens

1207 1884 1241 1914 ad
1257 1895 1334 1929 aures
1354 1887 1460 1919 nostras
1474 1888 1546 1926 saepe
1563 1890 1678 1926 pertulit
1694 1890 1726 1920 δε
1747 1889 1949 1919 nonnullorum
1967 1891 2093 1929 Scripta,
2115 1896 2213 1930 majori
2232 1903 2272 1924 ta-

1208 1933 1276 1953 men
1298 1934 1327 1954 10
1348 1927 1439 1957 modo
1462 1928 1594 1957 certiores
1605 1928 1641 1957 de
1658 1927 1708 1957 illis
1720 1927 1816 1957 effeffl
1832 1929 1924 1957 sumus
1940 1928 2047 1965 speciali
2065 1931 2097 1960 ὃ(
2112 1932 2272 1969 acceptiffi·

1209 1971 1261 1992 mo
1278 1962 1311 1992 N
1315 1966 1402 1995 uncio
1416 1968 1516 2003 Magni
1531 1966 1659 2005 Magistri
1673 1966 1785 1995 Ordinis
1804 1968 1898 1995 Sarzdli
1910 1966 2068 2005 Just-mnis,
2085 1970 2119 1999 ad
2135 1969 2203 2000 NOS
2216 1981 2271 2001 nu-

1207 2002 1329 2045 perrime
1345 2004 1500 2034 transmisso
1514 2013 1582 2035 cum
1597 2006 1709 2035 Litteris
1722 2005 1809 2043 plenis
1823 2005 1858 2036 de
1873 2004 2049 2043 iniquissimis
2062 2006 2158 2038 Gestis
2170 2010 2272 2047 praefa-

1208 2049 1228 2070 tl
1244 2044 1345 2072 Teucri.
2233 2072 2235 2074 -

1244 2078 1325 2123 Cum
1350 2082 1407 2113 hoc
1426 2093 1543 2122 quoque
1557 2082 1716 2114 didiscimus
1729 2083 1836 2121 quantis
1854 2082 2007 2115 AErumnis
2021 2087 2053 2117 ὃ(
2071 2086 2277 2118 Vexationibus

1205 2127 1328 2161 quatitur
1351 2121 1405 2159 ipsa
1430 2123 1562 2161 Religio,
1581 2123 1732 2159 praesertim
1749 2123 1779 2151 in
1794 2121 1882 2152 Insula
1899 2122 1934 2152 de
1950 2123 2060 2162 Rhodo,
2082 2134 2166 2163 quam
2181 2125 2271 2156 Peri-i-

1204 2156 1330 2200 diffimus
1351 2163 1446 2190 Teucer
1470 2161 1525 2191 suae
1544 2161 1692 2191 Tirannidi
1707 2160 1864 2198 Subjugare
1881 2163 2001 2191 minatus
2017 2163 2074 2202 est,
2094 2164 2118 2194 L
2156 2163 2276 2202 atosque

1204 2199 1380 2229 transmiserit
1394 2209 1424 2230 ut
1441 2209 1505 2229 eam
1520 2199 1703 2230 constitueret
1717 2199 1767 2229 sub
1779 2200 1905 2229 Tributo
1923 2201 1973 2235 (ut
1987 2201 2117 2239 plurimas
2153 2203 2271 2234 ‘hristia-

1205 2245 1330 2274 norum,
1350 2247 1381 2267 ut
1401 2238 1504 2275 fertur,
1522 2238 1622 2269 Urbes
1636 2239 1668 2269 ὃ(
1684 2237 1828 2277 Regiones
1838 2238 1898 2276 jam
1913 2238 2027 2277 effecit)
2048 2242 2113 2271 licet
2129 2241 2271 2272 constanti

1203 2275 1238 2305 &
1258 2275 1327 2306 forti
1351 2277 1481 2314 Animo,
1500 2286 1530 2307 ut
1551 2286 1632 2307 veros
1653 2276 1779 2307 Athletas
1799 2276 1908 2306 Christi
1925 2277 2025 2317 decet,
2039 2282 2068 2308 in
2084 2291 2144 2309 eum
2149 2283 2270 2318 surgunt

1205 2313 1313 2350 praefati
1331 2314 1451 2345 Ordinis
1478 2315 1558 2353 Viri,
1577 2323 1772 2354 praeponentes
1794 2314 2021 2354 Protetiionem,
2041 2328 2124 2355 quam
2141 2319 2170 2348 in
2189 2319 2270 2349 Fidei

1205 2350 1328 2382 Causam
1349 2353 1494 2391 fecerunt,
1509 2355 1543 2385 &
1564 2354 1738 2384 Libertatem
1758 2351 1930 2383 Christian-ae
1947 2353 2106 2392 Religionis
2128 2355 2275 2388 Inimico-.

1204 2400 1268 2420 rum
1286 2391 1393 2429 Minis,
1408 2393 1598 2430 Terroribus,
1608 2393 1641 2423 ὃ(
1657 2392 1992 2429 Potentiae,Patientiam
2008 2403 2061 2433 pro
2075 2394 2182 2425 Christi
2198 2395 2234 2426 N
2235 2392 2307 2431 o-'n

1205 2430 1284 2459 mine
1308 2429 1436 2461 Lucrum
1457 2431 1507 2461 sibi
1529 2440 1671 2468 putantes,
1690 2440 1749 2460 non
1773 2434 1875 2466 parum
1892 2430 1937 2461 illa
1951 2431 2079 2471 singulari
2096 2432 2268 2466 Considera-

1205 2469 1285 2498 tione
1303 2471 1415 2500 animati
1431 2469 1512 2508 quod
1530 2469 1751 2499 Catholicorum
1765 2468 1931 2506 Principum
1941 2468 2078 2509 Imagines
2092 2472 2120 2501 in
2134 2473 2190 2511 ipso
2208 2472 2268 2503 Or-

1205 2506 1289 2543 dine,
1308 2509 1356 2545 qui
1379 2518 1413 2539 ex
1427 2509 1510 2538 omni
1524 2508 1655 2538 Natione
1670 2506 1818 2545 colligitur,
1838 2507 2058 2545 quodammodo
2070 2511 2268 2547 repraesentan-

1204 2553 1266 2583 tur,
1286 2547 1334 2583 qui
1348 2546 1368 2575 fi
1382 2547 1538 2577 Tributum
1551 2546 1714 2576 Infidelibus
1729 2547 1842 2576 daturus
1858 2546 1942 2584 foret,
1959 2546 2170 2580 AEstimau'o&
2182 2551 2269 2582 Fama

1204 2584 1373 2614 eorumdem
1391 2585 1557 2623 Principum
1577 2585 1717 2615 Scandalo
1731 2583 1893 2615 versaretur.

1239 2622 1319 2653 Hinc
1337 2623 1379 2654 est
1400 2624 1410 2662 (
1420 2625 1504 2653 Pater
1513 2621 1683 2662 Beatffme)
1701 2623 1780 2662 quod
1804 2623 1931 2661 praefatus
1949 2620 2182 2664 Religiofiffimus
2199 2632 2267 2658 Ma-

1199 2672 1267 2698 gnus
1288 2662 1435 2703 Magrster,
1452 2662 1576 2700 Ballivi,
1595 2665 1717 2698 Priores,
1736 2662 1769 2692 δε
1791 2663 1915 2691 Proceres
1930 2661 1969 2692 sui
1982 2662 2155 2696 Conventus
2171 2666 2206 2696 N
2210 2678 2263 2698 un-

1204 2702 1284 2730 cium
1306 2702 1358 2738 (de
1377 2712 1435 2740 quo
1456 2701 1550 2741 supra)
1578 2699 1739 2738 Johannem
1766 2700 1967 2738 Langstrothir
1993 2702 2114 2740 (scilicet
2128 2727 2137 2742 ,
2163 2704 2264 2737 Rhodi

1202 2738 1412 2778 Castellanum)
1431 2740 1535 2771 Virum
1557 2741 1655 2777 utique
1675 2739 1799 2776 probum
1820 2740 1854 2769 &
1876 2738 2026 2772 discretum
2045 2742 2078 2772 ad
2103 2743 2171 2773 Nos
2186 2744 2266 2774 mile-

1201 2786 1266 2808 runt
1287 2780 1296 2815 (
1305 2780 1350 2809 cui
1364 2781 1448 2810 etiam
1462 2780 1509 2809 has
1526 2779 1644 2808 Litteras
1657 2777 1780 2816 nostraS,
1798 2777 1833 2807 ad
1846 2779 2028 2808 Sanffltatem
2044 2780 2164 2819 vestram
2180 2782 2264 2814 diffe-

1201 2816 1312 2854 rendas,
1330 2818 1543 2853 commisimus)
1559 2818 1636 2854 cujus
1652 2816 1771 2853 Relatu,
1791 2815 2006 2855 Declaratione,
2023 2828 2055 2849 ac
2071 2820 2180 2858 Literis,
2198 2831 2266 2860 quas

1198 2856 1306 2893 attulit,
1323 2858 1485 2896 accepimus
1506 2865 1567 2886 non
1589 2854 1771 2885 mediocriter
1785 2853 1925 2894 suffragari
1939 2856 2019 2892 poffe
2034 2857 2120 2888 dietae
2135 2859 2265 2899 Religio-

1200 2896 1241 2924 nis
1262 2894 1295 2925 N
1299 2895 1429 2926 6661111311
1439 2917 1448 2932 ,
1463 2903 1494 2925 ut
1509 2895 1607 2925 fortius
1620 2893 1760 2924 Gladium
1774 2892 1916 2933 assumant·
1947 2904 1980 2924 ro
1989 2894 2161 2934 Defenfione
2172 2897 2263 2937 Fidei,

1200 2933 1218 2962 si
1239 2933 1312 2971 apud
1335 2936 1517 2964 Samst'isatem
1533 2932 1653 2973 vestram
1667 2942 1699 2962 63
1714 2933 1887 2968 impetraturi
1902 2942 1918 2962 e
1943 2942 2040 2971 emus,
2059 2944 2124 2972 quae
2140 2937 2262 2966 Adver-

1186 2973 1268 3012 sario
1289 2972 1376 3011 nestro
1395 2976 1537 3011 Franciae,
1554 2974 1627 3000 Duci
1645 2971 1830 3007 Burgundiae,
1848 2971 1880 3001 &
1895 2971 1951 3001 aliis
1965 2981 1979 3000 a
1992 2971 2065 3002 Sede
2079 2973 2263 3014 Apostoliczi,

1197 3013 1386 3050 superioribus
1401 3011 1517 3049 diebus,
1535 3008 1668 3040 conceffa
1684 3010 1852 3052 extiterunt,
1870 3008 1996 3052 PutaLfi
2010 3009 2109 3042 eadem
2123 3016 2266 3043 sanaim,-

1195 3050 1347 3090 vestra,de
1363 3049 1508 3080 Thesauro
1523 3048 1658 3078 Ecclesiae
1675 3051 1766 3085 (cnjus
1780 3045 1882 3076 Claves
1897 3049 2027 3077 manibus
2043 3050 2142 3090 gestat)
2155 3051 2262 3082 Christi

1197 3089 1341 3119 Fidelibus
1363 3089 1469 3127 elargiri
1489 3088 1668 3125 dignaretur,
1687 3086 1721 3116 &
1742 3084 2071 3129 ANNUMjUBtLEUM
2086 3090 2114 3120 in
2131 3091 2187 3120 hoc
2201 3089 2261 3120 Re.

1194 3137 1254 3166 gno
1274 3127 1373 3157 nostro
1394 3126 1508 3163 Angliae
1524 3128 1557 3155 ὅ(
1572 3125 1719 3155 Dominio
1734 3122 1901 3162 Hiberniae,
1919 3126 1949 3154 in
1967 3125 2106 3157 Favorem
2123 3129 2155 3158 ὃ(
2171 3128 2259 3164 Adju-

1194 3167 1302 3197 torium
1323 3165 1393 3196 dicti
1415 3164 1549 3201 Ordinis,
1567 3164 1691 3193 Statuere
1712 3163 1845 3199 proximo
1869 3162 2108 3203 Qiadragelimali
2129 3174 2257 3202 tempore

1194 3206 1282 3235 Locis
1302 3204 1400 3243 vestrae
1422 3203 1572 3234 Sanctitati
1593 3200 1768 3232 declarandis
1791 3211 1839 3239 per
1855 3199 1986 3233 Priorem
2001 3202 2123 3241 ejusdem
2139 3203 2256 3234 Ordinis

1194 3246 1199 3251 '
1271 3254 1287 3272 0
1310 3243 1327 3272 11
1347 3266 1352 3272 .
1528 3268 1531 3271 i

1192 3255 1221 3275 m
1232 3244 1308 3313 gaeg
1328 3254 1431 3317 &Pater
1446 3278 1561 3316 Sanft'e)
1582 3287 1612 3310 ut
1627 3277 1820 3320 assequamur,
1838 3278 1918 3310 Sedis
1935 3279 2108 3317 Apostolicae
2126 3281 2256 3319 benigni-

1192 3325 1248 3352 tate
1259 3345 1268 3360 ,
1281 3321 1382 3351 Preces
1403 3325 1414 3337 ³
1435 3327 1520 3358 agunt
1541 3319 1673 3348 devotae:
1696 3317 1755 3347 Res
1770 3318 1825 3357 ipsa
1839 3328 1969 3355 quoque,
1987 3328 2039 3356 pro
2052 3320 2128 3353 cuius
2145 3319 2254 3350 Favore
2269 3319 2290 3339 ²¹*
2307 3319 2361 3351 xi.

1191 3361 1344 3398 instamus,
1363 3359 1447 3389 etiam
1471 3357 1638 3388 Nobilcum
1650 3356 1773 3394 loquitur
1787 3358 1859 3395 apud
1876 3356 1994 3385 eandem
2008 3357 2188 3386 Sanclitatem
2201 3369 2252 3389 ve·
2269 3368 2335 3397 353.

1188 3399 1274 3438 stram
1289 3398 1450 3436 dignissima
1465 3395 1668 3426 Exauditione:
1685 3395 1738 3424 hiis
1752 3395 1853 3424 nostris
1871 3394 2005 3424 Precibus
2018 3394 2189 3431 adjutorium
2206 3398 2253 3428 fo-

1192 3448 1223 3468 re
1237 3439 1377 3476 speramus
1394 3436 1475 3474 quod
1491 3435 1538 3464 hic
1555 3433 1682 3476 Populus
1696 3432 1790 3463 noster
1804 3432 1904 3467 magna
1917 3431 2012 3475 laetitia
2029 3431 2254 3471 gestiet‚videns

1191 3485 1256 3507 ante
1279 3476 1404 3507 Lumina
1425 3476 1470 3505 sua
1492 3473 1704 3503 Remiliionem
1719 3471 1830 3501 suorum
1845 3464 2049 3512 Peccaminum
2067 3471 2095 3501 se
2109 3476 2250 3505 consecu-

1191 3524 1287 3546 turum
1306 3525 1312 3544 z
1341 3514 1434 3544 Favor
1455 3512 1625 3551 Religionis,
1647 3519 1700 3549 pro
1719 3519 1772 3547 qua
1791 3508 2004 3550 intercedimus,
2029 3518 2093 3546 quae
2114 3520 2251 3549 magnum

1187 3554 1277 3593 Jubar
1297 3552 1527 3583 Christianorum
1545 3550 1679 3586 habetur,
1697 3548 1730 3577 &
1745 3555 1844 3589 contra
1858 3545 1994 3589 Intnucos
2011 3545 2119 3578 Christi
2136 3550 2251 3588 Clipeus

1189 3593 1342 3628 excellens,
1362 3591 1417 3628 agit
1431 3599 1546 3628 quoque
1561 3589 1653 3624 vices,
1672 3586 1748 3616 Haec
1763 3593 1859 3614 omnia
1875 3582 2052 3628 (Beatiffime
2066 3586 2165 3624 Pater)
2176 3592 2250 3628 opti..

1191 3632 1238 3661 ma
1257 3632 1305 3669 spe
1325 3629 1521 3659 Clementiam
1545 3625 1667 3656 vestram
1685 3624 1871 3662 deprecantur
1886 3630 1916 3652 ut
1931 3632 1989 3660 pias
2000 3633 2079 3655 aures
2094 3626 2152 3657 suas
2170 3629 2248 3658 10611.

1189 3678 1255 3700 nare
1273 3668 1339 3699 velit
1352 3668 1385 3697 ad
1402 3665 1482 3695 Rem
1497 3665 1625 3702 petitam.
1761 3700 1766 3705 y
1900 3700 1904 3705 ¹

1227 3708 1296 3738 Nos
1313 3708 1383 3736 vero
1403 3704 1601 3734 arbitrabimur
1614 3711 1673 3730 non
1690 3698 1836 3729 modicum
1851 3699 1948 3730 feciffe
1961 3709 2014 3738 pro
2027 3701 2119 3732 Salute
2136 3703 2250 3743 nostra,

1192 3746 1264 3776 61110
1289 3746 1362 3774 hanc
1381 3743 1512 3773 Gratiam
1535 3750 1550 3769 a
1565 3740 1720 3768 Sanffltate
1732 3737 1825 3776 vestra
1841 3738 1986 3770 consecuti
1999 3740 2147 3778 fuerimus,
2167 3745 2246 3779 quod

1191 3784 1321 3815 futurum
1346 3784 1408 3812 fore
1429 3779 1551 3810 omnino
1571 3776 1643 3814 apud
1670 3775 1737 3805 Nos
1759 3776 1914 3814 persuasum
1930 3777 2076 3815 habemus,
2094 3779 2248 3815 praesertim

1189 3823 1304 3862 quando
1325 3820 1522 3857 experimento
1541 3815 1730 3852 cognovimus
1751 3823 1810 3844 non
1830 3815 1953 3845 inferiori
1973 3816 2056 3846 Loco
2072 3816 2246 3848 Benevolen-

1190 3863 1257 3898 tiae,
1275 3868 1321 3890 aut
1335 3858 1454 3897 praefato
1469 3853 1644 3892 Adverfitrio
1659 3852 1762 3893 nostro,
1780 3862 1826 3884 aut
1841 3856 1913 3883 Duci
1927 3854 2108 3892 Burgundiae,
2127 3856 2156 3885 in
2172 3866 2244 3888 ocu-

1188 3900 1220 3930 lis
1234 3899 1399 3928 sanctitatis
1416 3894 1513 3934 vestra·
1530 3891 1598 3922 Nos
1611 3891 1666 3921 effe
1679 3891 1855 3922 constitutos.

1225 3936 1280 3974 Et,
1299 3937 1361 3974 quia
1376 3934 1435 3964 Res
1446 3931 1494 3961 ista
1529 3938 1624 3967 ropter
1633 3928 1869 3961 Circumstantias
1881 3929 1989 3966 indiget
2005 3930 2132 3968 ampliori
2147 3931 2246 3965 Com„

1189 3976 1395 4009 municatione,
1417 3971 1492 4001 idem
1509 3940 1537 3999 <s
1541 3969 1564 3998 ir
1579 3968 1735 4007 Religiosus
1749 3968 1896 4007 Johannes
1909 3967 2109 4006 Langstrothir
2124 3971 2159 4001 ad
2172 3975 2245 4003 3η.-

1187 4015 1313 4043 “l-'tatem
1333 4011 1451 4049 vestram
1473 4009 1503 4037 in
1524 4006 1740 4038 Praesentiarum
1757 4007 1894 4044 declinat,
1910 4007 1959 4043 qui
1972 4007 2007 4036 ad
2021 4006 2107 4045 Nos,
2124 4011 2244 4048 utsupra

1187 4052 1386 4087 meminimus,
1411 4056 1442 4078 ex
1467 4054 1544 4085 parte
1565 4045 1689 4085 ejusdem
1712 4048 1813 4113 1J-tldagm‘
1835 4043 1963 4082 Magistri
1982 4044 2150 4082 transmiffus
2174 4049 2249 4095 susti
