2555 4266
0 305 46 328 nn.
61 293 105 325 D.

0 342 77 382 i500.

0 383 37 402 m.
56 382 81 408 7.

8 956 76 984 XII.

0 2844 40 2864 an.
54 2834 94 2865 D.

0 2882 78 2912 ¹500·

0 2923 16 2940 ι.
38 2922 81 2949 ¹5·

0 2997 99 3027 ane-15·

0 3843 59 3871 im.

575 212 686 255 ET
773 212 1035 256 ACTA
1121 208 1598 255 PUBLICA.

2189 236 2265 274 151

159 297 239 334 Quas
252 297 366 337 quidem
381 296 486 328 Literas
501 307 534 329 ac
550 300 648 330 omnia
668 300 701 332 &
718 300 821 337 singula
846 298 990 331 Contenta
1015 301 1043 330 in
1069 298 1174 328 eisdem
1212 304 1227 325 a
1241 304 1314 324 nous
1329 303 1364 324 ne
1378 306 1393 326 a
1407 297 1501 329 nostre
1516 299 1677 339 Royaltne‚
1695 309 1732 331 ne
1745 300 1930 343 Parliatnent,
1946 313 2000 336 aux
2013 304 2216 340 Reservacions
2229 309 2262 340 δε
2283 303 2362 335 Ann-
2374 304 2406 334 D

120 334 320 366 Illustrissimus
340 333 555 375 Cariffimusque
582 338 675 368 Frater
696 340 729 370 ὃς
750 339 977 377 Consanguineus
1005 337 1096 368 noster
1116 339 1176 364 Rex

119 374 280 404 Lodowicus
295 383 372 404 nunc
387 373 535 405 Gallorum
550 376 693 415 Princeps,
708 386 760 415 pro
774 378 821 415 Se,
838 377 1018 415 Haeredibus,
1034 376 1068 406 &
1083 373 1176 413 Affig-

119 413 188 443 natis
202 412 270 451 suis,
288 412 484 451 Approbavit‚
504 413 684 452 Ratifieavit,
705 417 738 446 ὃς
752 414 966 457 Confirmavit,
1009 452 1015 457 .

159 450 256 487 Atque
267 449 301 480 ad
316 449 428 480 fidelem
444 454 477 482 ὅ(
493 453 614 483 debitam
629 453 810 484 Solutionein
825 455 858 485 &
878 451 1104 483 Sansiaehonem
1116 448 1178 494 Re-

120 488 189 520 fidui
203 489 236 519 &
250 487 332 518 Resti
345 490 430 520 dietae
448 490 575 521 Summae
590 494 821 529 Septingentarum
827 491 1025 531 Qadragintq
1037 487 1075 531 &f
1084 488 1178 531 ,Qumf

121 536 170 568 que
190 525 300 557 Milium
324 530 487 558 Coronarum
509 533 603 568 Auri,
627 529 712 571 Loco
733 531 766 561 &
784 530 930 573 Terminis
944 529 973 557 in
990 526 1089 569 Ligeris
1108 525 1178 555 όιᾶι

119 566 901 644 {interiiseserenasse{resin
926 575 979 634 iii
997 563 1179 640 attens?

119 643 216 671 Datas
228 641 346 681 Partfius
358 644 564 682 quartadecima
578 644 634 674 Die
649 642 757 673 Menfis
765 643 847 680 Julii,
867 642 954 672 Anno
971 640 1096 671 Domini
1104 640 1177 669 Mil-

119 679 237 718 lefimo,
265 681 571 721 Qadringeniefimo,
594 676 687 712 Nona
707 681 793 710 elimo
811 682 914 712 octavo
928 702 937 718 ,
964 680 1001 723 se
1024 680 1059 710 de
1080 678 1177 722 Novo

119 716 312 757 Haerenesque
328 721 360 750 δε
377 719 555 751 Successores
571 719 632 750 suos
723 720 791 749 'nxit
812 721 845 751 &
866 719 1030 758 Obligavit,
1047 727 1130 756 prout
1145 727 1176 747 in

118 755 220 786 Literis
233 757 286 787 suis
302 758 416 798 desuper
431 759 569 790 confec-“tis
585 758 695 796 plenius
715 759 892 794 continetur,

157 793 196 824 Et
207 796 272 834 quia
286 796 382 827 Prima
396 796 467 827 Dies
482 796 587 827 Meniis
603 795 692 833 Maii,
711 806 774 833 quae
790 797 839 826 erit
858 793 1100 835 ‚Quintufiiccimus
1110 796 1176 826 Ter,-

118 836 207 862 mimaes
221 833 362 865 Solutionis
374 836 536 872 αητεᾱίὲῗιε,
555 835 584 863 in
600 844 654 872 qua
669 835 787 865 Summa
802 838 905 871 Viginti
920 833 958 869 (θ’
971 834 1100 879 qunque
1106 832 1177 876 Mil-

119 871 186 901 lium
202 875 365 903 Francorum
381 877 412 903 in
424 876 529 902 Coronis
542 876 634 911 Auri,
652 874 680 903 in
694 873 829 912 praedicta
843 872 917 903 Villa
934 873 1031 902 nostra
1052 871 1152 902 Calesii
1167 894 1177 909 ,

118 920 149 941 ut
185 912 365 948 raemittitur,
379 911 445 941 solvi
458 911 557 942 debeat
572 911 734 949 (videlicet)
755 914 844 942 Anno
858 910 984 942 Domini
1010 906 1177 947 millesimo,

113 949 131 965 ¹*
153 919 404 989 (guingentefimo,
422 949 586 988 propediem
599 950 641 981 est
656 960 780 989 ventura,

149 986 284 1018 Hincest
300 986 381 1025 quod
394 988 479 1026 Nos,
878 1020 883 1032 -.
1047 1026 1051 1031 Ι
1096 1015 1101 1029 2

155 1024 206 1056 De
221 1025 430 1064 fidelitatibus,
453 1027 620 1066 Industrfis,
643 1028 677 1059 &
698 1027 825 1065 providis
846 1024 1174 1067 Circumspeihonibus,

117 1062 302 1095 Dilectomm
319 1064 351 1094 &
367 1064 504 1096 Fidelium
523 1066 756 1097 consiliariorum
770 1066 935 1097 nostrorum
949 1088 961 1102 ,
975 1067 1003 1094 E
1002 1063 1067 1100 gidii
1081 1063 1176 1105 d’Atfss

117 1102 201 1142 beney
219 1101 255 1132 de
277 1098 434 1143 Daubeney
457 1104 558 1134 Militis
580 1104 814 1135 Locuniieitentis
843 1103 926 1134 Villae
949 1103 1054 1133 nostrae
1075 1100 1174 1132 Caiein

118 1139 275 1170 Camerarii
288 1141 390 1179 nostri,
409 1143 541 1172 Richardi
555 1142 675 1182 Nanfan
692 1143 793 1174 Militis
809 1142 941 1180 Deputati
959 1141 1173 1184 lfocurntenen'-

422 1180 564 1220 Johannis
583 1181 741 1211 Turbervile
769 1181 871 1212 Militis
892 1180 1069 1210 Theiauraru
1082 1178 1175 1221 ‚dic'tae

118 1215 223 1255 Villae,
238 1221 360 1247 Antonii
376 1221 469 1248 Broun
486 1219 588 1250 Militis
602 1219 810 1250 Constabularii
826 1218 919 1249 Castri
939 1217 1028 1247 nostri
1049 1217 1174 1253 ibidem,

116 1255 244 1285 Adriani
258 1256 408 1286 Whetehill
419 1257 685 1289 Contrarotulatoris
699 1258 822 1297 ejusdem
837 1256 936 1293 Villce,
956 1254 1091 1293 Raa'ulphi
1115 1256 1176 1283 La-

116 1293 206 1332 thom,
225 1296 258 1326 &
272 1295 406 1335 Francisci
421 1299 553 1334 Marzen,
577 1297 822 1334 quamplurimum
838 1295 1028 1338 confidentes,

156 1332 232 1370 Ipsos
246 1333 357 1364 nostros
371 1344 452 1365 veros
468 1336 500 1365 &
514 1335 681 1365 indubitatos
696 1334 915 1365 commissarios
931 1356 941 1371 ,
959 1332 1175 1368 Procuratores,

117 1369 268 1408 factores,
285 1371 480 1412 Negotiorem
499 1372 648 1410 Gestores,
669 1373 858 1411 Receptores‚
878 1373 910 1403 &
937 1371 1096 1408 Deputatos
1122 1369 1175 1399 Fa-

118 1410 227 1448 cimus,
246 1409 474 1450 Constituimus,
493 1412 682 1449 Ordinamus,
701 1413 733 1443 ὃς
756 1411 933 1449 Deputamus
949 1419 996 1447 per
1014 1409 1179 1453 Praesenies,

155 1448 262 1478 DanteS
277 1449 406 1488 Eisdem,
425 1450 536 1487 Egidio,
553 1450 704 1487 Richardo,
722 1449 870 1488 Jahanni,
893 1451 1037 1485 Antonio,
1065 1447 1176 1477 Adria-

114 1486 782 1563 }zassgz‘ffl?’pscizfgaflemffxssea
794 1487 1040 1564 ‚cessariam
1059 1485 1178 1566 {egis

116 1572 185 1592 curn
205 1562 431 1603 Commiffanis,
452 1565 699 1604 Procuratoribus,
714 1565 881 1607 Deputatis,
907 1564 940 1594 &
965 1563 1091 1608 Nunc-‘iis
1109 1561 1177 1591 disti

114 1600 310 1640 Illustriffimi,
327 1605 404 1639 Regis
419 1605 576 1642 Lodowiti,
598 1605 671 1641 apud
694 1604 799 1633 ‘viliam
823 1602 947 1633 nostram
973 1600 1177 1645 (falssffiiNff

116 1648 198 1670 mine
211 1640 330 1679 nostro,
357 1642 387 1671 T
389 1642 512 1673 metandi
533 1644 566 1674 &
587 1642 831 1673 Conzrnunicandi
844 1663 853 1679 ,
879 1642 912 1672 &
929 1640 964 1670 ab
991 1642 1051 1679 iplis
1070 1640 1176 1669 dictam

116 1677 270 1709 Summam
285 1682 386 1718 Viginti
399 1680 437 1716 ό·
457 1682 586 1720 ¹Quinque
602 1680 725 1710 ssi‘r‘llium
739 1683 902 1709 Francorum
923 1682 952 1708 in
973 1681 1082 1721 Cironif
1101 1680 1177 1721 Auri

119 1716 239 1757 (unoqu
282 1727 316 1748 ue
332 1719 440 1749 Franco
460 1721 564 1757 Viginti
578 1719 690 1749 Solidos
706 1718 903 1758 Turonenses,
928 1725 958 1747 ut
979 1725 1177 1754 praemittitur,

117 1754 241 1787 valente>
307 1757 371 1791 obis
383 1757 462 1787 dic'to
490 1758 589 1788 Primo
609 1756 668 1788 Die
688 1757 796 1787 Mensis
816 1756 888 1787 Maii
911 1754 1071 1799 peripsum
1099 1764 1176 1785 nunc

118 1786 269 1824 Gallorum
284 1789 448 1834 Principem
464 1794 587 1826 debitam
611 1797 643 1826 ὃ(
664 1795 826 1825 solvendam
844 1817 853 1832 ,
872 1794 1061 1837 Recipiendi,
1078 1793 1111 1823 ὃς
1128 1803 1177 1823 eo-

116 1841 181 1862 rum
200 1831 362 1864 solutiones
383 1834 558 1871 Acceptandi
572 1856 582 1872 ,
609 1835 618 1863 i
639 1833 755 1871 sumque
781 1832 994 1863 Sereniffimum
1013 1831 1178 1871 Principem

117 1870 293 1900 Lodowicum
309 1871 558 1910 Conlanguineum
573 1882 613 1902 no
639 1882 702 1903 rum
716 1874 750 1903 ὃς
766 1871 872 1902 dictam
886 1871 1037 1914 Summam
1059 1870 1176 1915 Solven-

118 1917 160 1938 tes
176 1909 212 1939 de
228 1909 389 1947 hujusmodi
405 1910 541 1948 Receptis
557 1910 749 1949 Aequietandi
763 1911 797 1941 &
822 1910 1011 1946 Exoneranch,
1027 1916 1108 1947 atque
1130 1909 1180 1953 Li-

118 1955 189 1981 teras
201 1947 259 1977 suas
284 1947 493 1986 Aequietantiae
515 1949 547 1979 &
564 1948 778 1979 Exonerationis
790 1949 961 1979 eorumdem
981 1947 1180 1991 Conficiendi,

115 1985 240 2023 Ipsasque
255 1985 363 2016 Literas
375 1995 457 2024 atque
469 1987 576 2018 nostras
590 1988 795 2026 Acquietantiae
811 1988 844 2019 ὃς
862 1987 1076 2017 Exonerationis
1089 1985 1180 2022 huius-

116 2024 218 2063 modi,
236 2023 458 2063 Magno'Sigillo
469 2025 569 2056 nostro
583 2026 725 2063 sigillatam,
742 2025 860 2063 prefatis
875 2024 1094 2062 Commissariis,
1104 2024 1177 2055 Pro—

115 2063 310 2100 curatoribus,
326 2061 490 2102 Deputatis,
509 2065 564 2095 five
580 2065 708 2095 Nunciis
722 2064 852 2102 praedic'ti
869 2064 968 2094 Fratris
989 2064 1022 2094 &
1047 2062 1178 2106 Consan-

115 2102 211 2168 guigei
227 2101 334 2138 nostri,
363 2101 497 2133 Nomine
521 2102 620 2134 nostro
642 2112 725 2142 atque
747 2102 813 2141 suo,
837 2102 983 2134 Tradendi
1004 2103 1037 2133 ὃς
1059 2100 1179 2132 Dehbe-

113 2148 163 2171 tan
185 2149 193 2169 1

155 2160 324 2217 Ca’tte'raque
339 2178 470 2210 Faciendi
486 2181 520 2212 δε
535 2179 728 2221 Perimplendi
744 2187 808 2219 quae
828 2181 859 2210 in
873 2177 1023 2210 Praemiffis
1042 2178 1089 2211 seu
1103 2180 1179 2211 circa

117 2226 149 2248 ea
164 2217 313 2248 necessaria
327 2217 430 2248 fuerint
444 2219 490 2249 seu
506 2220 724 2258 quomodolibet
741 2227 900 2257 oportuna,

153 2255 374 2294 Promittemes,
391 2256 468 2292 bona
482 2257 549 2288 Fide
563 2259 595 2289 &
610 2259 639 2288 in
653 2257 750 2289 Verbo
765 2257 877 2296 Regio,
893 2256 961 2288 Nos
975 2255 1179 2295 Ratum,Gra'-

116 2298 200 2330 tum,
216 2295 249 2325 ὃς
264 2294 392 2324 Firmum
407 2295 549 2326 habituros
565 2306 660 2328 torum
676 2297 710 2327 δε
724 2296 859 2333 quicquid
871 2296 977 2335 praefati
999 2294 1179 2327 Commiffaa

117 2332 1178 2409 ¹⁸}ss’12123332‘51123212i22ff35330{iffiss‘ssssffissfflff1-0333553‘51’

310 2394 320 2410 ²
924 2397 934 2411 ἱ

141 2419 187 2439 uo.

117 2415 139 2448 ς
151 2447 187 2479 ln
202 2448 292 2485 cujus,
308 2449 371 2479 &c.

170 2485 260 2518 Teste
272 2486 351 2526 Rege
364 2487 438 2526 apud
451 2492 586 2520 cantuar.
600 2489 736 2522 vicesimo
756 2489 832 2520 sexto
844 2490 890 2521 die
905 2488 1015 2529 Aprilis.

117 1179 154 1208 tis
167 1179 256 1209 nostri
275 1180 382 1210 ibidem
389 1203 399 1218 ,

727 2570 781 2597 Per
799 2567 881 2607 ipficm
898 2570 1004 2605 Regem.

115 2691 359 2726 Procuratorium
372 2719 381 2735 ‚
401 2703 456 2738 pro
479 2694 604 2726 Domino
622 2692 658 2727 de
688 2682 830 2740 Berghes,
855 2691 892 2725 de
918 2690 1107 2738 comparendo
1123 2703 1179 2739 pro

236 2743 313 2787 Rege
329 2744 366 2779 θ’
383 2741 564 2788 intereffendo
576 2770 586 2786 ‚
611 2741 655 2776 ad
667 2740 784 2785 festum
800 2744 899 2775 Aurei
924 2741 1056 2775 Velleris.

118 2823 271 2881 HEnry,
287 2831 336 2864 par
351 2826 376 2860 la
388 2830 471 2865 grac'e
493 2825 529 2858 de⁴
547 2824 625 2858 Dieu
637 2850 646 2866 ,
672 2830 728 2867 Roy
747 2827 941 2866 d’Angleterre
965 2825 1003 2861 (ῥ’
1025 2827 1058 2856 de
1078 2829 1179 2857 France

114 2900 124 2931 l
171 2866 470 2933 ἐεῇηἷιὲνὶρΊνίακάε
483 2876 498 2895 a
512 2875 574 2896 tous
587 2868 668 2897 ceulx
682 2868 732 2904 qui
743 2877 789 2897 ces
804 2866 946 2898 Presentffi
969 2875 1087 2897 verront
1097 2889 1107 2905 ,
1128 2865 1179 2897 Sa-

127 2909 156 2931 ut
192 2910 203 2918 ⁷
255 2913 261 2931 i
273 2912 288 2932 e
319 2912 377 2932 ion.
584 2932 589 2937 ,

155 2939 286 2972 Comme
298 2941 317 2970 il
334 2941 387 2971 soit
407 2939 475 2970 ainsi
497 2949 552 2978 que
571 2940 725 2972 Treffiault
746 2942 780 2973 &
804 2939 930 2972 Puiffant
953 2940 1056 2972 Prince
1081 2942 1178 2974 nostre

119 2977 263 3009 Trescher
277 2980 310 3009 &
327 2978 463 3009 Tresame
476 2977 584 3008 Cousin
601 2978 620 3007 Γ
622 2979 771 3010 Archeduk
788 2977 961 3019 d'Austriche
977 2983 1037 3009 Duc
1052 2981 1084 3009 de
1103 2984 1178 3010 Bur·

113 3021 223 3056 goigne,
237 3018 298 3049 &c.
321 3016 413 3048 Chief
424 3018 457 3048 &
469 3016 623 3048 Souverain
645 3018 682 3048 de
703 3018 818 3049 l’Ordre
834 3027 856 3048 D
867 3027 885 3048 i:
906 3017 933 3048 L
943 3026 962 3046 A
982 3017 1088 3048 Tnoi
1099 3028 1110 3049 s
1119 3029 1139 3050 0
1152 3028 1174 3049 Ν

116 3056 226 3093 n’On,
243 3055 331 3087 Nous
342 3057 396 3092 ait,
414 3057 473 3094 puis
489 3056 658 3095 n’aguerres,
675 3058 724 3087 fait
739 3057 859 3094 Savoir‚
877 3066 924 3094 par
937 3056 975 3085 ses
984 3056 1175 3096 Lettres‚qu’il

111 3105 127 3125 a
141 3094 248 3125 conclu
263 3095 296 3125 &
310 3095 436 3125 delibere
450 3094 544 3123 Tenir
559 3093 584 3123 la
595 3093 773 3126 Prouchaine
791 3095 872 3127 Feste
896 3096 929 3125 &
953 3092 1089 3133 Chapitre
1110 3096 1173 3126 Ge-

113 3132 199 3163 nerall
216 3133 254 3162 du
267 3132 310 3162 dit
325 3133 421 3163 Ordre
436 3142 472 3162 en
487 3132 513 3162 sa
535 3132 610 3162 Ville
637 3133 674 3163 de
698 3133 836 3164 Brucelles
851 3157 862 3172 ‚
878 3132 904 3162 le
919 3132 1032 3164 Second
1044 3135 1117 3174 Jour
1134 3135 1174 3165 dn

116 3171 174 3202 Mo
193 3180 205 3200 s
217 3171 253 3201 de
267 3170 337 3211 May
352 3171 561 3202 Prouchainent
573 3179 693 3209 venant,
711 3173 744 3205 ,δε
759 3171 796 3201 les
805 3171 890 3210 J0urs
911 3171 1052 3211 ensuyans,

191 3219 242 3240 ous
257 3208 403 3248 Suppliant
422 3211 457 3239 δε
482 3208 823 3248 RequirantyVoulloir
846 3208 1032 3242 Commeitre
1054 3220 1107 3242 auz
1128 3210 1175 3241 diz

113 3246 187 3286 Jour
201 3248 234 3279 &
249 3247 320 3278 Lieu
334 3247 495 3277 Procureur
505 3247 645 3279 souffifimt
666 3247 755 3279 fonde
772 3247 829 3278 Sur
847 3248 925 3285 l'ung
941 3249 988 3279 des
1011 3248 1174 3281 Chevaliers

115 3295 169 3316 nos
183 3285 336 3316 Confreres
351 3285 389 3315 du
403 3285 445 3316 dit
461 3285 572 3325 Ordre,
590 3297 661 3324 pour
676 3296 693 3325 y
706 3285 879 3324 Comparoir
896 3297 948 3323 pur
965 3287 1048 3318 Nous
1071 3290 1103 3319 &
1123 3289 1172 3318 fai-

114 3334 149 3393 lre
163 3335 206 3392 εδ
211 3335 226 3354 a
221 3334 317 3393 dlquoy
335 3324 422 3355 Nous
432 3323 554 3355 sommes
572 3334 658 3356 tenuz
670 3325 738 3357 faire
752 3335 800 3365 par
818 3325 856 3356 les
870 3323 1037 3364 Chappitres
1056 3327 1092 3358 de
1116 3327 1172 3358 cel-

127 3373 143 3393 u
209 3373 220 3391 r
254 3372 270 3393 e

144 3371 231 3431 yPour
245 3386 280 3432 ce²
293 3400 335 3432 est
349 3402 368 3432 il
383 3412 437 3440 que
449 3400 553 3441 Nous,

152 3437 290 3470 Confians
302 3451 317 3471 a
331 3440 403 3479 plain
418 3451 447 3471 es
462 3440 560 3479 Scens,
571 3441 707 3481 Loyaulte
722 3443 755 3475 ὃς
768 3441 871 3481 grande
878 3442 1050 3474 Pseudomie
1064 3442 1098 3473 de
1110 3444 1174 3475 nos·

117 3485 159 3508 tre
179 3478 316 3509 Trescher
338 3480 372 3511 δε
394 3479 532 3511 Tresame
554 3479 664 3511 Coufin
685 3482 718 3513 &
744 3480 883 3512 Confrere
905 3482 944 3513 du
969 3482 1010 3512 dit
1031 3482 1172 3521 Ordre,le

114 3519 239 3552 Seigneur
251 3517 282 3546 de
296 3517 425 3557 Berghes,

152 3554 250 3585 Icellui
265 3565 352 3586 avons
366 3555 538 3597 constitute,
556 3557 692 3589 Commis
704 3560 739 3591 &
753 3557 882 3598 Depute,
906 3558 1057 3590 Instituons
1077 3560 1172 3591 Com-

116 3602 241 3623 rnettons
255 3594 289 3625 &
302 3593 454 3632 Deputons
474 3605 521 3633 par
540 3606 590 3627 ces
609 3597 698 3629 did&
717 3596 859 3628 Presentes
878 3596 974 3629 nostre
996 3597 1171 3636 Procureur,

113 3641 187 3669 pour
202 3631 238 3661 de
252 3641 300 3668 par
313 3642 385 3662 nous
398 3633 431 3662 δε
449 3642 485 3663 en
504 3633 599 3665 nostre
618 3635 709 3665 Nom
735 3635 907 3674 Comparoir
929 3646 946 3666 a
971 3637 996 3666 la
1017 3637 1057 3668 dit
1081 3637 1172 3668 Prou-

114 3670 215 3700 chaine
234 3668 314 3699 Feste
330 3670 364 3700 &
379 3669 550 3709 Chappitre‚
568 3682 586 3710 y
602 3672 736 3711 Affister,
751 3673 843 3704 Tenir
865 3673 960 3704 nostre
982 3674 1052 3705 Lieu
1067 3698 1079 3720 2
1098 3675 1172 3705 faire

115 3717 176 3739 noz
188 3707 340 3738 Offrandes
357 3708 390 3739 ὃς
405 3707 504 3739 Solem
525 3711 610 3748 nites,
628 3710 711 3750 Ouyr
732 3720 766 3741 ce
785 3721 839 3749 que
860 3720 878 3750 y
902 3711 958 3741 sera
977 3711 1041 3749 Dis,
1056 3713 1116 3744 fait
1137 3715 1170 3745 &

112 3745 249 3777 Besoione
263 3756 333 3784 pour
342 3745 497 3783 Honneur,
535 3748 580 3778 ien
594 3750 627 3779 &
646 3748 869 3787 Augmentation
884 3748 1005 3779 d'icellui
1023 3752 1125 3789 Ordre,
1137 3754 1170 3784 &

113 3771 251 3828 de-Ncous
266 3795 301 3828 en
317 3785 382 3815 faire
394 3794 432 3814 ou
453 3784 520 3815 faire
540 3786 608 3816 faire
629 3785 780 3825 Rapport,
804 3787 838 3817 &
860 3788 1075 3826 generallement
1095 3790 1130 3820 de
1153 3800 1170 3829 y

115 3821 190 3853 Dire
203 3826 236 3856 &
252 3824 334 3860 faire,
352 3823 488 3853 touchant
503 3823 529 3853 le
544 3823 614 3854 ditte
629 3824 743 3861 Ordre,
759 3825 850 3856 tout*
871 3835 926 3864 que
944 3825 1029 3856 Nous
1044 3828 1171 3859 meismes

115 3858 190 3890 Dire
200 3872 241 3892 ou
256 3862 280 3892 F
281 3863 336 3892 aire
349 3862 495 3899 pourrioris
509 3871 548 3891 ou
566 3862 716 3900 deverons,
731 3863 757 3892 se
770 3862 879 3900 presens
901 3872 919 3902 y
932 3862 1034 3894 estions
1046 3876 1082 3896 en
1103 3877 1170 3904 pro-

113 3908 163 3936 pre
169 3898 336 3965 Personae,
355 3908 442 3938 quant
457 3908 519 3929 ores
534 3899 561 3929 la
574 3899 670 3930 Chose
683 3902 825 3939 requeroit
841 3900 1030 3933 Mandement
1043 3905 1103 3942 plus
1128 3906 1167 3936 es-

149 3946 191 3966 cia
203 3959 212 3974 ,

111 3946 330 4007 pePromettans
343 3978 413 4008 tenir
428 3976 529 4007 Ferme
543 3976 576 4007 &
589 3975 743 4015 Agremble
756 3985 820 4006 tout
832 3987 866 4007 ce
880 3987 936 4015 que
952 3978 1047 4009 nostre
1060 3979 1168 4012 Coufin

116 4014 150 4045 &
166 4011 308 4042 Confrere
322 4014 376 4044 Dii
390 4016 423 4046 &
438 4015 497 4045 Fait
510 4024 527 4053 y
542 4025 605 4044 aura
619 4023 732 4053 eii-tout
748 4013 854 4044 Choses
869 4025 1043 4046 concernans
1054 4018 1081 4048 le
1089 4019 1168 4059 Bien,

117 4052 272 4088 Honneur,
285 4050 366 4082 Utile
381 4054 412 4082 ὅ(
432 4052 551 4083 Prouffit
565 4053 602 4083 du
617 4053 658 4082 dit
673 4052 778 4089 Ordre,
791 4053 931 4083 ficomrne
941 4054 981 4084 dit
994 4054 1047 4093 est,
1058 4059 1169 4088 moien-

117 4099 187 4122 uant
199 4089 267 4130 qu’il
281 4098 317 4120 ne
332 4089 419 4122 Nous
433 4091 538 4132 Oblige
551 4102 589 4122 en
605 4089 700 4122 Chose
714 4092 761 4129 qui
778 4091 875 4131 puiffe,
882 4091 953 4123 estre
968 4092 1169 4132 Prejudiciable

1212 331 1426 364 Modifications
1436 337 1482 373 qui
1500 337 1586 368 Nous

1211 371 1301 402 tation
1314 369 1434 402 d'icellui
1446 373 1550 405 Ordre.

1249 448 1295 480 En
1308 448 1466 490 Tesmoing
1479 453 1514 483 de
1527 465 1559 486 ce
1567 455 1655 488 Nous
1669 467 1757 490 avons
1770 459 1819 491 fait
1833 468 1934 492 mettre
1946 462 2042 494 nostre
2058 463 2141 505 Seign
2153 465 2265 497 manuel

1215 498 1231 517 a
1249 497 1297 531 ces
1311 487 1402 518 dictes
1413 488 1571 530 Presentes,
1589 495 1615 524 le
1628 498 1693 526 xxvi
1704 498 1770 534 jour
1783 498 1922 539 d'Aurile,
1939 500 2007 531 l'An
2022 503 2058 533 de
2070 503 2166 535 Grace
2181 503 2266 535 Mille

1216 525 1294 557 Cinc
1310 524 1406 565 Ceus,
1423 527 1457 558 &
1476 528 1542 559 l’An
1558 532 1651 563 nostre
1667 534 1778 575 Reigne
1791 536 1818 567 le
1833 537 2026 577 Quinziesme.

1210 652 1390 695 Traelams,
1417 650 1456 685 de
1471 656 1842 736 MatrimonioRPrincipis
1863 663 1990 708 Williae,
2018 665 2188 710 Ratzficatio
2208 677 2264 713 per

1699 716 1791 751 egem.

1601 337 1695 370 furent
1710 340 1853 373 confectas
1868 343 1902 373 &
1924 344 2054 375 accordes
2076 355 2113 376 en
2130 346 2263 385 1’Accep-
2281 350 2389 418 1229?-

1211 785 1323 840 REX
1338 786 1487 820 Univerfis
1505 788 1538 820 sc
1553 788 1678 828 fingulis,
1710 790 1858 830 praesentes
1871 791 1975 826 Lirem
1995 797 2171 838 inspeciuris,
2192 800 2267 832 Noa
2284 795 2361 825 Ann-
2373 793 2415 825 D·

1282 833 1360 856 TUM
1380 835 1530 858 FACIMUS.

2305 841 2392 872 1500.

1248 861 1331 893 Cum
1346 863 1426 895 Diva
1441 865 1514 897 Pace
1528 865 1682 905 mutuaque
1700 866 1963 913 Concordia—quae
1975 874 2075 909 praeiet
2091 885 2190 908 caetera
2197 876 2265 908 Deo
2283 875 2335 900 An.
2354 881 2386 907 ¹5
2389 892 2396 900 ·

1211 896 1322 932 summe
1345 904 1458 943 placet,
1484 904 1524 935 nil
1546 905 1666 935 sanetius
1690 907 1831 946 nichilque
1853 908 1945 939 utilius
1963 910 2038 947 apud
2063 906 2087 940 R

2088 913 2196 945 ionaes
2214 917 2268 946 esse
2284 915 2318 937 H.
2333 918 2350 946 7

1210 945 1310 977 queat,
1328 949 1362 970 ex
1374 951 1406 971 ea
1417 942 1533 981 quidem
1554 942 1652 973 Parvae
1672 942 1730 974 Res
1750 945 1897 984 crescunt,
1911 948 2055 987 nichilque
2070 951 2127 980 tine
2146 963 2176 982 ea
2191 955 2263 984 bene
2283 950 2420 984 l“‘³’¹‘·¹5·¹

1209 977 1267 1007 esse
1280 978 1383 1017 valeat,
1402 990 1470 1011 cum
1483 991 1538 1020 qua
1549 982 1648 1011 omnia
1665 981 1742 1012 Bona
1755 986 1931 1016 conveniunt
1943 1008 1954 1024 ,
1973 987 2006 1018 ὃς
2025 989 2111 1026 qualis
2131 989 2162 1020 sit
2182 989 2265 1021 Pacis
2283 990 2316 1013 H.
2337 996 2365 1021 7·

1210 1014 1235 1045 F
1237 1016 1345 1055 ructus,
1357 1016 1499 1049 Bellorum
1514 1019 1706 1059 Calamitates,
1720 1030 1784 1059 quae
1800 1024 1874 1060 pene
1887 1025 2103 1057 innumerabiles
2114 1027 2193 1066 sunt,
2209 1032 2269 1060 latis
2285 1034 2322 1052 ⁷¹¹·
2333 1034 2375 1052 ¹0·

1207 1053 1372 1094 ostendunt,

1245 1092 1384 1124 Praeterea
1400 1105 1469 1126 cum
1489 1094 1575 1126 nichil
1587 1096 1619 1127 sit
1632 1097 1691 1127 tam
1704 1099 1812 1129 mature
1828 1099 1938 1139 Aptum
1951 1110 2064 1141 tamque
2084 1102 2270 1137 Conveniens

1209 1129 1243 1161 ad
1256 1130 1316 1162 Res
1334 1132 1474 1175 Secundas
1488 1135 1656 1165 Adversasve
1672 1137 1758 1173 quam
1771 1136 1923 1177 Amicitia,
1942 1149 2005 1177 quae
2017 1142 2151 1172 omnibus
2169 1144 2271 1175 Rebus

1209 1168 1348 1200 Humanis
1363 1174 1466 1214 merito
1479 1173 1519 1202 cst
1531 1176 1744 1212 anteponenda,
1762 1185 1827 1206 nam
1843 1174 1903 1207 Res
1925 1177 2067 1209 Secundas
2091 1179 2268 1218 Splendida·

1211 1217 1252 1252 res
1267 1209 1300 1239 ὃς
1314 1208 1448 1241 Adverias
1462 1210 1571 1241 pariens
1584 1212 1864 1254 Communicansque
1888 1215 1974 1254 longe
1996 1217 2133 1248 Leviores
2156 1221 2269 1251 Amici-

1209 1254 1247 1276 tia
1261 1256 1406 1282 procreare
1418 1248 1502 1287 solet,
2269 1255 2271 1257 ’

1248 1283 1510 1330 Ιρῖειριςιᾳυειῡὶνᾶ
1532 1288 1591 1320 Pax
1609 1297 1692 1328 atque
1713 1299 1811 1321 mutua
1833 1290 1996 1323 Concordia
2015 1304 2031 1324 a
2053 1295 2267 1335 quibuscunque

1212 1321 1579 1369 Catholicis-Principibus,
1598 1329 1722 1358 maxime
1733 1329 1872 1369 Sanguine
1885 1332 1918 1362 &
1934 1330 2081 1362 Affinitate
2097 1336 2272 1375 conjunztis,

1211 1362 1245 1392 &
1260 1365 1409 1398 praeiertlm
1425 1374 1550 1402 quorum
1569 1367 1761 1397 Anteceffores
1775 1377 1877 1400 mutuo
1898 1371 1970 1400 inter
1991 1369 2018 1400 se
2040 1373 2150 1402 Amore
2177 1376 2269 1405 rivere

1212 1399 1374 1432 studuerunt
1382 1426 1393 1441 ,
1410 1402 1589 1442 summopere
1602 1404 1663 1435 sunt
1677 1408 1860 1445 exoptandae,

1212 1477 1218 1482 .
1252 1437 1388 1476 Cumque
1406 1440 1568 1472 Nobiscum
1592 1445 1699 1474 mature
1720 1452 1980 1477 commemorantes
2003 1455 2102 1485 quanta
2125 1450 2157 1480 &
2179 1451 2270 1489 qualia

1210 1485 1283 1506 mter
1300 1478 1410 1508 nostros
1427 1478 1729 1521 Illustriffimorumque
1741 1482 1906 1520 Principum
1921 1483 2200 1522 Consaneiiineorum
2215 1500 2269 1519 no-

1212 1514 1334 1545 strorum
1355 1515 1570 1553 Cariffimo'tmn
1588 1521 1752 1549 Ferdinandi
1770 1520 1807 1556 ὠ
1824 1520 1998 1552 Elizabethae
2012 1518 2207 1563 Hffaniarum
2214 1531 2268 1557 Re—

1209 1557 1250 1589 gis
1264 1553 1436 1597 &Regina²
1451 1561 1483 1585 oc
1493 1555 1697 1598 Nobiliffimos
1712 1558 1909 1598 progenitores
1924 1561 1956 1591 ὃς
1974 1562 2170 1596 Antecenores
2188 1565 2269 1596 Pacis

1212 1593 1469 1631 Amicitiarurnque
1484 1595 1623 1635 splendida
1638 1596 1775 1635 Foedera,
1790 1599 1825 1627 ad
1839 1598 1897 1628 Dei
1914 1598 2163 1636 Complaceniiam
2177 1626 2186 1642 ,
2201 1605 2268 1635 lon-

1213 1632 1249 1670 ge
1265 1639 1330 1661 ante
1348 1631 1400 1661 hac
1416 1633 1556 1671 percluia,
1575 1642 1658 1671 atque
1672 1635 1706 1664 ad
1719 1636 1794 1665 suam
1808 1637 1976 1675 suorumque
1991 1639 2181 1672 subditorum
2196 1642 2269 1673 Uti-

1212 1670 1320 1700 litatem
1334 1671 1496 1701 continuata
1511 1672 1543 1702 &
1563 1672 1708 1703 observata
1721 1673 1836 1704 fuerunt
1845 1697 1853 1713 ,

1247 1707 1294 1739 Ad
1308 1718 1426 1746 quarum
1439 1710 1552 1748 quidem
1567 1709 1767 1742 Amicitiamm
1779 1713 1971 1745 inviolabilem
1986 1715 2020 1746 ὃς
2033 1715 2187 1748 firmiorem
2205 1718 2270 1749 Ob-

1212 1746 1386 1785 servantiam,
1405 1746 1628 1778 Matrimonium
1642 1750 1713 1780 inter
1729 1750 1930 1782 PraedileStum
1944 1752 2048 1783 Filium
2064 1755 2191 1786 nostrum
2208 1757 2272 1788 Pii·-

1213 1786 1393 1824 mogenitum
1408 1786 1567 1816 Arthurum
1584 1786 1694 1817 Walliae
1718 1788 1913 1820 PRINcIPEM
1930 1813 1940 1829 ,
1964 1792 2102 1823 Cornubiae
2127 1793 2272 1835 Ducem,

1213 1821 1452 1861 Coun-moyn
1470 1824 1596 1864 Cestriae,
1620 1827 1654 1858 ὃς
1674 1826 1882 1858 Sereniffirnam
1906 1826 2001 1859 Princi
2094 1830 2273 1873 Coniangui-

1212 1871 1351 1901 neamque
1365 1862 1492 1893 nostram
1509 1864 1679 1895 Percharam
1695 1865 1881 1896 Katherinam
1903 1867 2025 1907 Castellae
2045 1867 2084 1903 &¹
2108 1874 2271 1908 Aragonum

1212 1899 1353 1939 Infantem
1366 1901 1508 1931 dictorum
1521 1901 1807 1940 Consanguineorum
1833 1904 1996 1936 nostrorum
2019 1906 2119 1938 Filiam
2134 1931 2144 1947 ,
2173 1910 2273 1941 nostro

1213 1940 1438 1977 eorumdemque
1456 1939 1737 1979 consanguineorum
1761 1942 1927 1974 nostrorum.
1946 1945 2099 1977 Voluntate
2121 1949 2221 1987 pariter
2238 1950 2272 1980 &

1219 1977 1357 2014 Affensu,
1375 1978 1500 2016 legitime
1517 1979 1556 2008 est
1572 1979 1778 2019 Contradium,
2072 2014 2075 2019 ,

1250 2015 1318 2046 Nos
1337 2018 1407 2048 vero
1423 2040 1432 2055 ,
1458 2016 1602 2048 Praemissa
1622 2019 1856 2058 praecipuumque
1878 2020 2021 2052 distorurn
2048 2022 2266 2056 Cariffimorum

1216 2052 1501 2095 Consanguineorum
1516 2055 1681 2087 nostrorum
1694 2058 1723 2087 in
1751 2057 1820 2088 Nos
1840 2058 1981 2090 Amorem
2003 2060 2126 2093 studiose
2148 2064 2275 2095 animad-

1215 2102 1369 2133 vertentes,
1394 2093 1580 2133 Amicitiam,
1604 2094 1818 2134 Concordiam,
1843 2097 1958 2136 Ligam,
1986 2098 2275 2132 Confoederationem

1215 2131 1250 2162 ὃς
1263 2131 1387 2170 Pacem,
1405 2143 1493 2171 nuper
1508 2135 1578 2164 inter
1595 2132 1664 2164 Nos
1675 2144 1724 2173 per
1746 2134 1949 2166 Reverendum
1971 2138 2001 2166 in
2024 2136 2141 2168 Christi
2166 2139 2274 2171 Patrem

1215 2169 1381 2201 Dominum
1394 2171 1522 2201 Thomam
1537 2173 1748 2212 Londoniensem
1762 2173 1913 2213 Epifi'cpum
1937 2174 2136 2207 Consta-²21..
2158 2179 2190 2209 &
2211 2179 2274 2210 De-

1214 2218 1341 2248 putatum
1356 2211 1501 2249 nostrum,
1520 2211 1656 2241 Nomine
1674 2212 1787 2250 nostro,
1811 2215 1902 2251 ,igo're
1920 2214 2046 2245 §.sunda-i
2069 2227 2111 2246 ir·
2135 2216 2274 2247 Procura-

1215 2248 1298 2278 tionis
1309 2258 1324 2278 a
1340 2248 1422 2279 nobis
1435 2248 1519 2278 eidem
1533 2248 1658 2287 Epiftopo
1676 2250 1856 2287 Londonienfi
1867 2252 2027 2291 coiiceiEe,
2054 2265 2104 2291 pio
2126 2255 2224 2284 Nuhi‘:
2240 2257 2275 2288 δε

1214 2285 1399 2317 Iliustriffimo
1415 2287 1543 2317 Arthuro
1557 2288 1676 2327 Principe
1691 2289 1798 2318 [ΚΛΗ]
1818 2289 1891 2319 Filio
1902 2291 2002 2322 nostro
2029 2291 2223 2332 Primogenito
2238 2296 2274 2326 δε

1214 2324 1362 2362 Legitimo
1375 2325 1514 2362 Haerede,
1531 2326 1687 2365 nostrisque
1703 2327 1870 2358 Hxnedibus
1886 2332 1919 2359 <Sc
1934 2330 2146 2362 Succefloribus
2162 2332 2276 2372 Angliae

1214 2362 1364 2402 Regibus,
1384 2363 1510 2401 Regnis,
1530 2364 1677 2395 Dominiis
1693 2367 1724 2395 ὃς
1739 2366 1863 2397 Subditis
1886 2367 1986 2398 nostris
2002 2369 2084 2399 Parte
2097 2380 2130 2400 ex
2153 2381 2220 2407 una,
2239 2373 2275 2403 &

1214 2402 1363 2440 praedietos
1388 2401 1580 2434 Serenisiimos
1613 2403 1757 2444 Principes
1782 2406 1982 2435 Ferdiaandum
2013 2406 2051 2442 ὠ·
2073 2408 2272 2440 Ε’ὶιαὸψὶναηι

1214 2441 1410 2481 Haspaniarum
1424 2445 1519 2479 Regem
1531 2440 1568 2475 (ἐν
1582 2444 1711 2480 Reginam
1725 2443 1958 2484 Conian5uineos
1975 2445 2080 2477 nostro:
2098 2447 2165 2477 Caii
2190 2459 2274 2488 nuos,

1240 2490 1268 2509 er
1288 2481 1443 2510 Rodert'cusn
1465 2479 1629 2518 Gundifizlvi
1650 2483 1681 2510 de
1703 2480 1803 2512 Puebla
1821 2482 2075 2523 jurisconsultum,
2102 2490 2273 2518 eosunidein

1238 2518 1501 2555 'onsanguineorum
1515 2518 1678 2549 nostrorum
1693 2519 1887 2551 Confiliarium
1917 2521 2068 2553 Oratorem
2085 2524 2118 2555 &
2135 2524 2275 2557 Proceia-

1214 2564 1328 2593 torem,
1345 2567 1447 2587 eorum
1462 2556 1596 2588 Nomine
1607 2581 1616 2595 ,
1634 2559 1666 2588 &
1684 2559 1714 2588 in
1730 2560 1787 2588 vim
1802 2544 1932 2590 Mandatl
1945 2561 1987 2591 seu
2006 2561 2216 2594 procurationi<
2237 2566 2273 2595 ab

1215 2595 1319 2626 eisdem
1332 2594 1553 2634 Consanguineis
1566 2596 1668 2626 nostris
1683 2598 1774 2626 eidem
1788 2598 1947 2636 conceffae,
1960 2609 2012 2636 pro
2024 2601 2086 2640 ipsis
2100 2603 2133 2632 ὃ(
2152 2603 2275 2633 iustus-

1215 2633 1288 2663 simo
1303 2633 1436 2664 Domino
1451 2633 1586 2664 Michaele
1599 2637 1719 2673 Principe
1735 2635 1872 2674 cistellae,
1891 2640 2052 2674 Aragonum
2076 2638 2114 2674 ὠ»
2138 2643 2276 2678 Ponuga-

1214 2671 1258 2702 liae
1274 2671 1392 2709 Nepote
1408 2673 1440 2703 &
1466 2672 1621 2711 Legittimo
1643 2672 1766 2704 Haerede
1788 2676 2010 2713 eorumdemque
2041 2676 2275 2716 Consanguineo-

1215 2721 1298 2750 rum,
1315 2710 1425 2749 aliique
1440 2710 1608 2742 Hae'redibus
1622 2712 1656 2742 &
1680 2711 1893 2743 Succefforibus
1913 2723 1945 2744 ac
1970 2715 2076 2754 Regnis
2094 2738 2104 2753 ,
2129 2717 2278 2748 Dominiis

1215 2751 1250 2780 ὅ(
1265 2749 1389 2779 Subditis
1403 2749 1531 2788 ipsorum
1547 2748 1833 2788 Consanguineorum
1849 2751 2014 2781 nostrorum
2029 2776 2038 2791 ‚
2055 2753 2136 2785 Parte
2151 2765 2184 2784 ex
2208 2757 2276 2787 ale-

1215 2797 1260 2824 ra,
1278 2788 1328 2817 sub
1345 2787 1448 2817 Forma
1469 2786 1659 2826 capitulisque
1671 2787 1849 2825 sequentibus
1870 2789 1992 2827 Initam,
2011 2792 2275 2828 Tractatam,Con-

1215 2826 1360 2856 cordatam
1376 2825 1603 2864 Pinnamque,
1622 2827 1770 2863 perlibenti
1780 2828 1877 2857 animo
1903 2826 2081 2860 Confirmare
2095 2852 2104 2868 ,
2123 2829 2275 2863 Corrobo-

1214 2875 1273 2894 rare
1282 2887 1291 2902 ,
1308 2873 1391 2902 atque
1405 2864 1590 2895 Auctorizare
1604 2863 1742 2901 duximus,

1215 2941 1229 2971 I
1252 2903 1376 2943 Qorum
1387 2902 1492 2942 quidem
1510 2901 1693 2940 Capitulorum
1706 2906 1791 2932 Tenor
1802 2897 1840 2937 ὦ·
1852 2905 1949 2932 Forma
1957 2902 2084 2944 sequitur
2104 2900 2143 2942 ό·
2169 2906 2206 2946 est
2226 2915 2272 2938 ta-

1225 2952 1257 2971 15.

1258 3018 1277 3037 ²*
1298 3016 1383 3048 Cum
1398 3016 1589 3048 Sereniffimos
1600 3040 1610 3056 ,
1629 3016 1754 3048 Celebris
1768 3014 1940 3058 Memoriae,
1956 3018 2103 3060 Principes
2117 3021 2150 3052 ad
2165 3020 2270 3054 Unita-

1212 3064 1272 3087 tem
1288 3056 1368 3086 Pacis
1384 3056 1464 3087 Vires
1484 3057 1542 3086 suas
1555 3057 1705 3086 exhibuisse
1723 3056 1883 3095 noscamus,
1904 3056 2126 3097 Principumque
2139 3060 2268 3092 officium

1209 3096 1299 3133 exigat
1314 3096 1435 3125 omnino
1443 3103 1543 3134 pacem
1553 3096 1622 3125 tueri
1635 3095 1668 3124 ad
1683 3094 1865 3133 dissipandam
1879 3095 1913 3126 &
1927 3095 2131 3128 infrinoendam
2142 3099 2267 3130 hostium

1212 3133 1405 3163 fortitudinem
1418 3156 1426 3170 ,
1444 3135 1477 3164 δε
1491 3142 1589 3162 eorum
1603 3134 1674 3162 vires
1687 3133 1836 3171 tollendae,
1855 3143 1886 3163 ut
1903 3133 1986 3165 status
2007 3122 2170 3174 Principum
2195 3147 2268 3168 tran-

1212 3171 1299 3209 quille
1315 3170 1522 3208 conserventur,
1541 3171 1648 3200 nullum
1665 3172 1753 3209 aptius
1767 3171 1926 3202 remedium
1944 3172 2053 3204 videtur
2068 3176 2153 3212 quarn
2169 3176 2269 3206 ortho-

1213 3212 1300 3240 doxos
1316 3208 1460 3246 Principes
1475 3210 1550 3239 vires
1562 3208 1619 3239 suas
1638 3210 1764 3240 invicem
1784 3211 1880 3248 unire,
1904 3219 2005 3250 pacem
2029 3222 2060 3241 ac
2082 3214 2267 3244 concordium

1211 3257 1347 3285 perpetuo
1361 3247 1480 3277 Foedere
1493 3248 1608 3278 vinculo
1624 3248 1741 3278 caritatis
1756 3249 1826 3278 inter
1848 3248 1902 3278 sese
1922 3250 2112 3288 connectere,
2128 3261 2195 3281 cum
2215 3252 2267 3281 hu-

1212 3287 1301 3316 manis
1316 3286 1397 3315 rebus
1409 3285 1493 3315 nichil
1510 3285 1690 3323 perniciosius
1706 3284 1779 3315 bello
1793 3294 1840 3316 aut
1861 3286 1995 3317 discordia
2015 3287 2072 3317 effe
2094 3288 2175 3325 possit
2181 3311 2191 3327 ,
2211 3299 2267 3322 nec

1212 3326 1366 3362 quicquam
1379 3324 1522 3362 salubrius,
1543 3323 1603 3359 ἀνι.
1616 3331 1697 3362 prout
1706 3324 1789 3363 fiapra
1805 3326 1911 3354 Literis
1925 3325 2099 3357 ferdinandi.

1249 3404 1347 3445 QUAE
1363 3412 1502 3444 Qirnmi
1520 3412 1639 3435 omnia
1658 3404 1702 3436 ετ
1730 3412 1884 3436 SINGULA
1910 3403 2089 3436 Panium
2112 3408 2269 3444 praeinsena

1211 3443 1374 3483 Amicitiae,
1393 3443 1584 3481 Concordiae,
1604 3444 1702 3482 Ligeia,
1721 3443 1864 3480 Unionis,
1880 3440 2138 3475 Confoederationis
2154 3447 2187 3477 ἃ
2210 3447 2264 3479 Pa-

1211 3485 1252 3513 cis
1272 3482 1416 3522 Capitula,
1436 3483 1468 3512 &
1483 3492 1659 3520 quaecunque
1672 3483 1700 3511 in
1715 3483 1752 3512 eis
1764 3490 1911 3518 contenta,
1932 3482 2000 3511 cum
2014 3481 2112 3512 Nobis
2127 3484 2164 3518 ,ἃ
2177 3486 2267 3517 Sum-

1213 3523 1262 3552 me
1275 3523 1401 3561 placeant
1417 3522 1450 3552 ὃς
1463 3521 1641 3551 vehementer
1657 3528 1770 3557 accepta
1784 3519 1846 3556 sint,
1864 3526 1951 3558 eaque
1962 3517 2140 3550 indiffoiub;1i
2155 3522 2264 3555 Firma-

1210 3561 1233 3590 ri
1247 3560 1362 3590 vinculo
1384 3560 1528 3598 cupimus,
1547 3559 1644 3588 nostris
1660 3558 1821 3588 Parentibus
1836 3558 1953 3595 Literis,
1966 3557 2057 3588 Manu
2107 3561 2187 3596 opria
2201 3563 2264 3594 sub-

1211 3598 1334 3637 scriptis,
1363 3597 1516 3634 nostroque
1537 3596 1634 3635 Sigillo
1656 3596 1768 3635 Magno
1790 3595 1888 3633 Regio
1908 3597 2042 3634 munitis,
2066 3568 2266 3639 Confirmare,

1211 3637 1378 3676 Approbare
1391 3637 1424 3668 &
1440 3634 1636 3665 Corroboiare
1649 3634 1838 3671 decrevimus,
2092 3648 2095 3649 ν

1249 3675 1432 3705 Praesentibus
1447 3675 1528 3710 igitur
1543 3672 1643 3702 Literis
1657 3671 1757 3701 nostris
1770 3672 1907 3702 omnibus
1929 3672 1990 3710 via,
2012 3674 2120 3712 modo,
2144 3676 2176 3706 &
2202 3675 2262 3706 for-

1211 3713 1259 3742 ma
1272 3715 1372 3750 quibus
1388 3712 1486 3742 melius
1501 3711 1533 3740 &
1548 3710 1663 3740 validius
1676 3710 1712 3740 de
1722 3709 1791 3747 Jure
1804 3710 1948 3747 poffumus
1963 3712 2007 3741 δε.
2018 3714 2164 3749 debon-102,
2187 3722 2260 3750 prae-

1210 3752 1306 3780 inserta
1322 3751 1483 3786 Amicitiae,
1505 3747 1697 3784 Concordiae‚
1716 3748 1811 3786 Ligae,
1832 3749 1976 3788 Unionis,
2001 3748 2262 3783 Comitia-rationis

1210 3790 1243 3819 &
1257 3788 1337 3819 Pacis
1351 3788 1498 3827 Capitula,
1516 3787 1667 3824 omniaque
1681 3787 1714 3816 &
1731 3786 1834 3825 singula
1847 3788 1876 3816 in
1893 3787 1945 3818 illis
1961 3790 1993 3818 &
2011 3790 2136 3826 quolibet
2157 3799 2258 3820 eorum

1210 3836 1360 3865 cententa,
1381 3828 1454 3864 juxta
1469 3824 1507 3854 sui
1524 3824 1621 3854 seriem
1636 3825 1669 3856 δε
1681 3832 1829 3863 tenorem,
1846 3824 2023 3864 Laudamus,
2041 3827 2257 3866 Approbainus,

1208 3865 1394 3896 Ratfficamus
1409 3865 1441 3895 δε
1456 3861 1677 3899 Confirmamus,
1694 3872 1728 3892 ac
1745 3861 1816 3893 Rata
1825 3884 1835 3901 ,
1853 3862 1942 3894 Grata
1956 3864 1988 3894 &
2005 3864 2095 3893 Firma
2111 3865 2258 3904 hibemUS‚

1210 3905 1243 3934 &
1268 3904 1285 3933 fi
1307 3903 1415 3934 necesse
1435 3901 1492 3938 est,
1507 3909 1539 3930 ea
1558 3901 1657 3930 omnia
1678 3901 1712 3931 δὲ
1733 3900 1834 3941 lingula
1854 3901 1890 3932 de
1911 3901 2005 3931 Novo
2017 3900 2214 3935 concedimus
2227 3906 2261 3937 &

1208 3940 1297 3971 Confi
1360 3951 1420 3971 mus

1245 3979 1283 4010 Et
1297 3952 1404 4018 mmsigper
1417 3963 1611 4008 Promittimus
1624 3979 1657 4009 ὃ(
1667 3977 1814 4017 juramus,
1830 3977 1908 4015 super
1923 3976 2023 4008 Samira
2044 3975 2103 4009 Dei
2126 3980 2259 4025 Qatuor

1207 4016 1357 4056 Evangelia
1372 4017 1551 4054 corporaliter
1565 4017 1598 4048 &
1614 4017 1775 4047 manualiter
1790 4026 1837 4055 per
1853 4015 1921 4046 Nos
1942 4016 2014 4046 iacta
2024 4037 2035 4053 ,
2045 4016 2120 4047 bona
2143 4019 2212 4050 hide
2224 4022 2259 4052 δι’

1208 4058 1238 4085 in
1253 4056 1350 4086 Verbo
1365 4056 1475 4094 Regio,
1494 4055 1607 4085 Tenere
1621 4055 1654 4085 &
1669 4054 1831 4092 Adimplere
1844 4063 1877 4084 ac
1900 4053 2094 4085 inviolabiliter
2117 4055 2260 4089 Observa-

1207 4103 1237 4125 re
1247 4116 1256 4131 ,
1271 4103 1324 4132 pro
1341 4094 1454 4132 Nobis,
1472 4091 1597 4132 Regnis,
1613 4093 1730 4131 Terris,
1749 4093 1782 4124 &
1798 4090 1965 4123 Diuonibus
1977 4091 2097 4132 nostris,
2111 4097 2265 4165 omniafiff·

2292 3036 2308 3053 ⁶
2326 3037 2394 3066 XII.

2294 3085 2356 3112 75²·
2415 3110 2418 3111 γ
