2555 4266
812 223 924 265 ET
1013 219 1279 264 ACTA
1367 218 1846 263 PUBLICA.

46 309 126 344 Ann-
145 307 186 340 D.
233 309 315 340 Ctim
331 308 478 340 Notorius·
494 309 525 339 S<
541 309 678 341 Publicus
694 308 828 341 Inimicus
848 312 881 342 ὅτ
898 309 1021 341 Rebellis
1036 308 1132 338 noster
1147 306 1265 351 Richar-

78 349 167 387 1460.
205 349 254 378 dus
270 358 356 386 nuper
371 352 461 377 Comes
477 351 639 378 lVarrewzci
651 349 682 377 ἃ
700 349 865 388 Complices
880 350 919 379 sui
943 348 1082 387 quandam
1101 347 1268 377 Potentiam

48 391 112 417 lien.
129 390 157 416 6.
204 388 390 418 ARMATAM
401 410 410 424 ‚
428 388 455 415 in
473 389 640 424 quibusdam
659 388 691 417 N
695 389 792 418 avibus
805 389 838 419 &
853 387 929 417 Valis
943 389 1023 429 snpra
1039 384 1138 421 Mare,
1155 384 1188 413 ad
1200 382 1269 412 Ma-

201 425 226 455 la
239 435 304 463 quae
320 436 451 464 poterunt
468 425 566 455 Nobis
582 428 615 457 &
633 426 774 456 fidelibus
789 426 884 463 Ligeis
900 424 1002 454 nostris
1016 422 1212 459 inferendum,
1225 421 1268 451 fe-

201 473 319 500 cerunt,
337 464 370 494 &
387 463 467 501 supra
484 463 568 495 Mare
580 475 611 495 ea
626 466 662 494 de
676 465 753 494 causa
767 465 793 494 se
807 471 918 500 tenent,

237 503 283 532 Ac
306 502 376 533 Nos
402 503 543 541 qiartdim
571 504 755 533 ARMATAM
773 502 919 539 nostram,
936 501 964 529 in
989 498 1158 541 eorumdem
1179 507 1267 536 nuper

203 542 354 573 Comitis&
372 540 563 579 Comphcum
576 542 691 571 suorum
705 541 739 569 &
758 538 907 569 Maledie’ti
924 537 1117 574 Malitiosique
1133 536 1269 574 Proposi-

200 581 224 610 ti
239 580 279 610 sui
297 579 494 610 Relistentiam
509 581 542 610 ὅτ,
558 585 568 597 ³
585 577 805 616 Oppreffionem
815 600 825 615 ,
839 578 869 607 in
886 575 1051 614 quibusdam
1065 575 1180 615 Galeis,
1195 574 1269 606 Car-

205 619 293 657 racis,
308 620 341 650 &
358 618 435 650 Vafis
449 619 642 653 transituram,
661 616 913 659 ordinaverimus,
1071 654 1075 658 ῃ
1122 655 1127 660 .
1227 653 1232 658 ⁸

243 657 313 687 Nos
328 659 427 696 igitur,
448 666 480 687 ut
495 655 656 693 Capitanei,
678 654 809 692 Patroni,
828 652 1023 690 Mercatores,
1042 652 1145 692 Pi'oti,
1167 652 1269 683 Galio-

201 696 239 734 ti,
257 696 385 734 Nautae,
405 698 438 726 &
459 694 603 725 Marinarii
625 694 652 721 in
674 691 801 722 Carracis
822 692 856 723 &
877 691 974 722 Galeis
991 692 1150 732 praedietis,
1167 693 1216 732 qui
1235 691 1268 721 ad

200 734 429 765 Deserviendum
446 732 542 762 Nobis
560 733 588 761 in
603 730 656 760 hac
676 739 750 767 parte
773 730 892 760 Arestati
907 730 1047 768 existunt,
1064 731 1182 761 meliora
1204 730 1271 761 Ser-

200 774 269 804 vitia
284 774 382 804 Nobis
396 771 559 808 impendere
572 769 733 807 obligentur
753 769 786 799 &
807 770 985 809 animentur,
1003 771 1041 801 eis
1061 769 1192 800 Gratiam
1215 779 1270 799 no-

198 811 286 842 stram
305 812 427 849 Regiam
442 810 576 838 exhibere
588 808 731 846 volenteS,
750 808 787 838 de
804 807 906 838 Gratia
926 808 1021 839 nostra⁴
1038 807 1166 847 speciali,
1186 818 1219 839 ac
1233 807 1268 839 de

198 850 373 881 avisamento
388 847 520 878 Concilii
535 846 638 883 nostri,
658 845 880 877 Pardonavimus
891 870 899 885 ,
916 846 1106 885 Remisimus,
1125 848 1157 878 &
1182 846 1269 878 Rela-

199 889 329 920 xavimus
355 885 580 924 quibuscumque
603 884 781 923 Capitaneis,
808 885 957 924 Patronis,
979 885 1204 924 Mercatoribus,
1221 886 1270 916 Pi—

197 927 279 963 lotis,
296 925 437 965 Galiotis,
457 924 560 955 Nautis
571 947 580 962 ,
598 925 631 955 &
647 923 805 954 Marinari·s
819 934 1066 962 quarumcumque
1080 924 1268 956 Carracarutn

197 967 233 997 δε
250 964 422 1002 Galearum,
441 964 489 1001 qui
503 963 538 993 ad
553 962 769 993 deserviendum
780 962 879 993 Nobis
894 962 970 1000 supra
988 962 1089 1002 Mare,
1107 966 1136 994 in
1146 962 1267 1000 Repres-

196 1003 306 1034 fionem
322 1002 355 1033 &
371 1001 593 1041 Oppreffionem
605 999 719 1041 praefati
732 1011 821 1038 nuper
838 1005 947 1031 Comitis
959 1002 991 1032 &
1002 1001 1197 1040 Complicum
1206 1001 1270 1030 suo-

195 1045 282 1080 rum,
299 1040 405 1071 arestari
428 1040 565 1079 existunt,
590 1041 624 1070 ὃ(
644 1050 744 1070 eorum
765 1040 881 1070 cuilibet
902 1040 1084 1071 omnimodas
1103 1039 1270 1078 Transgres-

200 1080 292 1110 fiones
306 1081 338 1110 ὃ(
356 1079 489 1110 Offentas
504 1079 712 1117 quascumque,
729 1088 778 1118 per
793 1077 865 1117 ipsos
880 1079 913 1109 ὃ(
926 1088 1026 1109 eorum
1046 1079 1221 1118 quemlibet,
1240 1080 1270 1108 in

198 1118 379 1149 Oneratione
392 1118 438 1148 seu
454 1117 658 1155 Eskippatione
673 1117 831 1155 aliquarum
846 1116 1091 1148 Mercandisarum
1110 1117 1157 1148 seu
1173 1116 1271 1147 Bono-

195 1167 260 1187 rum
277 1167 459 1195 quorumque
477 1158 506 1187 in
522 1156 649 1187 Carracis
664 1157 697 1187 &
722 1155 819 1186 Galeis
834 1155 991 1195 praedistis,
1011 1157 1042 1187 ὃ(
1064 1166 1160 1188 earum
1181 1157 1272 1196 quali-

195 1196 262 1234 bet,
280 1205 380 1227 contra
393 1196 518 1226 formam
534 1195 712 1226 Statutorum
726 1193 824 1233 Regni
841 1193 932 1225 nostri
951 1195 1061 1235 Angliae
1076 1195 1121 1226 seu
1136 1196 1215 1227 aliter
1228 1194 1271 1228 fa-

195 1233 255 1264 &as
276 1234 310 1264 ὃς
331 1243 521 1273 perpetratas,
539 1244 572 1265 ac
594 1233 779 1263 omnimodas
804 1232 1022 1272 Forisfafflras,
1042 1234 1142 1265 Nobis
1160 1237 1190 1265 in
1214 1236 1270 1267 hac

193 1272 248 1303 hac
265 1281 343 1312 parte
358 1274 544 1311 pertinentes,
564 1272 597 1303 &
617 1281 704 1302 omne
719 1271 747 1301 id
763 1273 842 1309 quod
858 1271 957 1303 Nobis
970 1273 1000 1303 in
1021 1272 1077 1304 hac
1091 1283 1170 1311 parte
1185 1276 1272 1312 perti-

194 1321 262 1342 nere
278 1314 383 1349 peterit
399 1313 507 1342 ratione
523 1319 719 1350 quacumque,

230 1349 293 1388 Eo,
312 1350 392 1389 quod
416 1349 540 1386 expreffa
563 1349 673 1378 mentio
689 1349 725 1378 de
746 1347 929 1379 Nominibus
949 1346 1192 1389 Capitaneorum,
1214 1350 1268 1382 Pa-

194 1398 365 1427 tronorum,
384 1387 602 1425 Mercatorum,
622 1386 798 1425 Pilotorum,
816 1386 1019 1427 Galeatorum,
1036 1388 1218 1427 Nautarum,
1235 1391 1268 1421 ὃ(

198 1428 421 1459 Marinariorum
443 1426 667 1464 praedietorum,
685 1426 718 1456 &
735 1435 836 1455 eorum
853 1425 1019 1464 cujussibet,
1034 1428 1062 1456 in
1084 1427 1271 1460 Praesentibus

198 1467 319 1496 minime
338 1465 409 1495 fieta
423 1465 530 1504 existit,
549 1473 598 1496 aut
618 1464 711 1504 aliquo
728 1463 860 1501 Statum,
879 1464 974 1507 Actu,
994 1465 1039 1497 vel
1060 1465 1271 1507 Ordinatione,

195 1506 224 1536 in
239 1505 415 1534 contrarium
432 1503 511 1534 faffls
526 1504 572 1534 seu
583 1502 678 1541 editis,
697 1512 757 1533 non
777 1501 968 1533 obstantibus.

233 1542 268 1574 In
284 1543 364 1572 cu'us
396 1543 458 1572 &c.

249 1552 340 1613 TestJe
353 1565 438 1619 Rege
449 1579 523 1619 apud
536 1577 814 1619 Wstmonasterium,
834 1579 971 1611 vicefimo
991 1581 1068 1613 sexto
1084 1581 1141 1615 Die
1159 1582 1270 1616 Martii.

50 593 70 614 ¹⁸
89 594 145 622 XI.

48 641 115 668 449·

721 1657 776 1686 Per
789 1656 873 1696 ipficm
891 1661 990 1697 Regem
1006 1661 1062 1689 Ore
1078 1667 1165 1690 tenus.

192 1808 243 1842 De
264 1798 484 1845 Provistonibus
502 1810 559 1848 pro
581 1801 668 1832 Duce
690 1800 832 1840 Exoniae,
859 1809 963 1833 contra
1005 1803 1149 1834 Inimicos
1165 1801 1270 1848 profe-

579 1848 683 1891 Huro,
708 1846 869 1894 capiendis.

45 1946 126 1978 'Al-m,
139 1945 181 1979 D,
201 1938 286 1995 RE
297 1939 340 1978 X,
359 1939 479 1970 Dilee‘to
490 1938 557 1978 fibi,
574 1937 690 1969 Roberto
702 1936 806 1977 Sende,
823 1936 960 1969 Salutem.

73 1986 160 2024 1460,
275 2018 281 2024 x
297 1979 396 2009 Sciatis
410 1979 507 2018 quod,
1121 2018 1126 2024 ¹

45 2028 98 2053 An.
116 2025 161 2062 38-
236 2016 317 2047 Cum
334 2017 403 2048 Nos
422 2017 575 2062 quamdam
592 2015 778 2062 ARMAJAM
800 2014 995 2061 nostram,-ad
1021 2014 1270 2063 Proficiscendum

43 2067 78 2092 li.
95 2064 123 2090 6,
197 2055 276 2093 supra
291 2055 392 2094 Mare,
411 2067 464 2096 pro
479 2056 565 2086 Salva
580 2054 723 2086 Custodia
737 2054 857 2093 ejusdem
870 2078 880 2094 ,
898 2066 931 2086 ac
947 2066 976 2086 1n
999 2053 1197 2088 Refistentiarn
1212 2057 1270 2087 lni-

43 2099 103 2129 Pat.
116 2102 161 2138 353,
198 2096 344 2124 micorum
372 2096 405 2125 &
429 2095 664 2126 Adversariorum
691 2093 873 2132 nostrorum,
891 2094 959 2125 illud
981 2102 1076 2126 tenere
1097 2105 1130 2126 ac
1152 2096 1271 2127 diversas

43 2143 80 2167 H.
97 2140 126 2168 6,
198 2132 291 2164 Partes
315 2133 415 2172 Regni
435 2133 524 2165 nostri
548 2133 663 2173 Angliae
685 2132 796 2173 ingredi
823 2133 1033 2165 intendentium
1051 2156 1062 2173 ,
1087 2134 1271 2167 Ordinaveri-

66 2199 71 2204 .
90 2187 118 2206 2.
193 2183 258 2205 mus

44 2184 84 2245 ζ.
100 2226 148 2253 ²7·
233 2197 320 2250 N'0s‚
337 2211 374 2242 de
390 2211 583 2250 vietualibus,
601 2221 656 2250 pro
668 2209 819 2242 sufficienti
833 2210 1014 2242 Vitellatione
1029 2211 1190 2250 hujusmodi
1206 2211 1272 2244 Na-

49 2254 53 2257 *
195 2252 294 2291 vium,
323 2260 388 2290 quae
414 2250 514 2281 Nobis
535 2252 566 2280 in
590 2250 796 2281 Conducendo
821 2251 973 2281 Armatam
995 2252 1161 2288 praedio'tam
1181 2251 1273 2283 deser-

193 2292 290 2330 vient,
307 2289 456 2330 providere
473 2289 619 2327 volentes,
637 2288 850 2327 Affignavimus
869 2289 917 2319 Te
937 2290 971 2320 ad
991 2289 1198 2330 Frumentum,
1216 2291 1272 2322 Fa-

192 2331 301 2369 rinam,
321 2329 429 2368 Boves,
450 2327 615 2365 Matones,
635 2328 669 2358 &
685 2329 750 2360 alias
772 2327 879 2359 Carnes
896 2338 929 2359 ac
950 2328 1042 2360 Piices
1066 2330 1124 2360 tam
1143 2339 1272 2361 recentes

193 2371 285 2407 quam
299 2369 408 2406 salites,
425 2377 540 2399 necnon
562 2367 709 2397 Servitiam
719 2389 729 2404 ,
747 2365 867 2397 Celeam
878 2391 887 2405 ,
900 2367 941 2410 .&
957 2368 1127 2399 omnimoda
1150 2369 1202 2400 alia
1218 2369 1272 2400 Vi-

194 2409 316 2444 (Qualia,
332 2408 512 2444 ubicumque
526 2406 645 2436 inveniri
660 2406 802 2443 poterint,
821 2406 880 2435 tam
896 2406 967 2437 infra
985 2406 1162 2446 ubertates,
1181 2409 1271 2447 quam

193 2456 270 2478 extra
287 2445 400 2484 (Feodo
421 2445 558 2476 Ecclefiae
581 2444 729 2475 dumtaxat
751 2444 886 2481 excepto)
907 2454 959 2481 pro
979 2445 1114 2477 Denariis
1133 2446 1268 2478 cariffimi

197 2485 412 2525 consanguinei
432 2483 523 2515 nostri
545 2485 657 2512 Henrici
677 2485 762 2512 Ducis
779 2484 912 2520 Exom’ae,
931 2483 960 2512 in
981 2483 1034 2514 hac
1053 2493 1130 2523 parte
1147 2487 1272 2517 rationa-

195 2525 289 2557 biliter
306 2523 465 2562 solvendis,
482 2531 516 2553 ex
532 2521 624 2553 Causa
639 2521 776 2560 praedidffi
795 2520 994 2560 Capiendum,
1012 2523 1220 2565 Arestandutn,
1237 2526 1271 2557 &

222 2563 431 2595 rovidendum·

195 2563 222 2598 P
231 2602 270 2634 Et
281 2603 349 2634 ideo
363 2586 435 2632 Tib'i
447 2597 634 2637 Praecipimus
647 2599 729 2638 quod
743 2600 818 2630 circa
841 2598 990 2630 Praemiffiz
1008 2599 1158 2639 diligenter
1178 2603 1270 2636 inten-

196 2642 263 2678 das,
282 2641 317 2672 &
331 2651 361 2670 ea
377 2640 462 2671 facias
473 2638 507 2668 &
520 2639 662 2675 exequaris
676 2639 706 2668 in
721 2638 814 2669 forma
849 2638 979 2669 raediffa:

233 2679 348 2711 Damus
363 2688 459 2709 autern
475 2677 610 2707 univerlis
632 2678 666 2708 &
686 2677 798 2717 singulis
849 2678 1069 2718 icecomitibus,
1089 2678 1272 2720 Majoribus,

195 2717 325 2755 Ballivis,
344 2716 583 2752 Constabulariis,
601 2725 635 2746 ac
650 2715 710 2747 aliis
733 2715 906 2756 Officiariis,
925 2714 1087 2756 Ministris,
1106 2717 1270 2759 Fidelibus,

196 2759 230 2790 &
249 2758 336 2796 Ligiis
349 2756 449 2787 nostris
463 2752 704 2794 quibuscumque,
719 2756 776 2785 tam
791 2755 863 2786 infra
879 2755 1051 2793 Libertates‚
1072 2759 1157 2795 quam
1175 2768 1270 2798 extra,

195 2797 316 2826 Tenore
330 2794 534 2831 praesentium,
552 2791 670 2823 firmiter
682 2795 712 2824 in
728 2792 875 2825 Mandatis
889 2794 971 2832 quod
986 2794 1081 2834 Tibi,
1099 2796 1128 2826 in
1154 2797 1270 2829 Execu-

194 2836 275 2865 tione
291 2833 523 2870 Praemilsomm‚
545 2828 732 2864 Intendentes
751 2832 823 2872 fint,
840 2832 1021 2873 Affistentes,
1040 2835 1073 2865 &
1096 2834 1270 2868 Auxiliantes

195 2873 226 2905 in
243 2873 379 2903 omnibus
393 2871 548 2909 diligenter.

231 2911 267 2943 In
286 2912 382 2949 cuius,
399 2911 462 2941 &c-

249 2950 340 2982 Teste
356 2949 442 2987 Rege
455 2947 530 2987 apud
554 2947 816 2990 Wstmonaflerium
825 2970 836 2986 ,
851 2947 996 2980 tricefimo
1010 2949 1057 2981 die
1073 2950 1182 2983 Martii.

195 3029 252 3058 Con
261 3026 347 3058 1miles
364 3029 479 3057 Lite-ras
495 3028 575 3064 Regis
591 3028 726 3057 Patentes
744 3023 846 3055 habent
856 3023 1020 3066 fiaebscrt'pti,
1030 3026 1086 3067 fieb
1104 3031 1191 3059 Datis
1197 3028 1269 3069 fi‘b·

247 3069 358 3106 criptis,
375 3065 522 3104 videlicet,

231 3144 323 3175 Hem.
339 3141 466 3182 Bissbop,
484 3140 546 3178 &a

47 3287 67 3306 ¹
90 3290 145 3320 XI.

47 3335 106 3361 450
468 3289 497 3317 *ἕ
518 3293 567 3325 De
587 3293 767 3325 Hermanno
791 3288 990 3338 Quadebelzq.

49 3365 128 3396 Ann.
144 3366 186 3400 D.
203 3370 324 3429 REX
339 3376 491 3414 omnibus,
509 3375 543 3407 ad
558 3387 646 3416 quos,
664 3378 725 3409 &c-
745 3376 882 3414 Salutem,
901 3376 962 3409 &c-

70 3404 158 3442 1460·
294 3413 390 3446 Sciatis
403 3415 500 3455 quod,
517 3415 553 3446 de
570 3416 672 3447 Gratia
688 3416 785 3447 nostr-22
799 3415 927 3455 speciali,
945 3415 1148 3448 Conceffimus
1159 3417 1193 3448 ὃ(
1217 3416 1271 3448 Li-

49 3446 102 3470 Αη·
122 3446 167 3481 33-
202 3452 324 3492 centiam
336 3454 478 3493 dedimus,
496 3453 617 3486 Dileeto
638 3455 760 3494 Nobis,
779 3457 941 3485 Hermanno
956 3454 1144 3495 Euadffieke,
1162 3456 1194 3486 in
1216 3455 1271 3486 Ci-

45 3484 86 3510 Η·
104 3486 132 3531 ⁶5
201 3496 289 3520 v1tate
303 3489 464 3525 Trevioenfi
480 3494 510 3524 in
523 3493 677 3525 Almannia
683 3493 839 3533 Oriundo,
853 3494 934 3533 quod
948 3494 1005 3532 ipse
1017 3504 1210 3534 quaecumque
1217 3494 1272 3526 Be-

87 3522 155 3554 llud.
198 3527 300 3558 neficia
317 3529 423 3561 Curata
435 3531 479 3562 vel
496 3541 557 3562 non
571 3532 693 3571 Curata,
710 3542 744 3563 ac
759 3534 844 3564 etiam
861 3531 970 3563 Officia
990 3534 1025 3565 δε
1050 3533 1222 3564 Praebendas
1241 3535 1271 3564 in

199 3565 332 3598 Ecclefiis
348 3567 565 3601 Cathedralibus
579 3572 613 3602 δι’.
626 3571 810 3611 collegiatis,
826 3571 899 3602 infra
913 3571 1052 3611 Regnum
1069 3572 1199 3603 nostrum
1209 3573 1272 3603 An-

200 3606 265 3644 gliae
276 3630 285 3646 ,
300 3607 350 3637 sub
366 3607 445 3638 Statu
462 3605 631 3640 Decanatfis
645 3609 808 3647 existentia,
828 3611 1031 3649 cujuscumque
1046 3608 1157 3641 valoris
1171 3612 1272 3642 exnte-

199 3646 274 3682 rint,
291 3645 325 3676 de
341 3644 456 3682 Nobis,
473 3655 506 3675 ac
520 3656 702 3684 quacumque
717 3648 769 3678 alia
782 3648 924 3687 Persona,
939 3649 984 3679 seu
1000 3649 1226 3687 quibuscumque
1242 3660 1272 3681 a-

201 3684 245 3714 liis
257 3684 403 3723 Personis,
420 3685 477 3714 tam
491 3692 542 3721 per
553 3685 639 3716 Viam
654 3686 846 3724 Donationis,
864 3685 1063 3718 Conceffionis
1099 3687 1156 3718 five
1171 3688 1272 3719 Colla—

203 3725 303 3762 rionis,
319 3724 401 3762 quam
418 3733 466 3760 per
482 3722 569 3753 Viam
583 3723 830 3761 Praesentationis,
849 3723 1057 3764 Admiffionis,
1071 3710 1273 3764 institutionis,

201 3764 238 3795 &
253 3761 447 3799 Induitionis,
464 3770 498 3792 ac
507 3771 556 3799 per
570 3771 784 3800 quamcumque
799 3762 882 3792 aliam
892 3762 978 3793 Viam
994 3762 1194 3803 Canonicam,
1211 3764 1273 3796 Re-

203 3802 297 3839 cipere
311 3802 344 3832 &
359 3801 536 3838 Acceptare,
550 3807 634 3837 atque
649 3801 756 3831 realiter
769 3800 909 3838 Optinere
925 3802 960 3833 δε
975 3800 1107 3840 Habere,
1125 3803 1272 3842 hujusmo-

203 3840 290 3877 dique
305 3839 452 3869 Beneficiis
478 3838 510 3868 &
532 3837 714 3874 Praebendis,
732 3847 766 3867 ac
785 3848 887 3870 eorum
908 3839 1074 3878 Fructibus,
1090 3841 1222 3880 juribus,
1239 3844 1273 3874 &

205 3876 386 3908 Pertinentiis
401 3876 533 3908 universis
548 3876 582 3907 δί
602 3876 714 3914 singulis
732 3876 787 3905 frui
802 3876 886 3913 poffit
906 3879 948 3908 uti
971 3879 1006 3909 ὃς
1028 3880 1151 3914 gaudere
1173 3881 1275 3918 absque

205 3917 402 3954 impetitione,
417 3915 640 3955 impedimento,
658 3915 885 3953 perturbatione,
902 3915 1120 3955 molestatione,
1137 3918 1276 3955 inquieta-

206 3956 331 3990 tatione,
348 3955 393 3984 seu
410 3955 570 3994 gravamine
585 3951 694 3990 nostri,
712 3952 756 3982 vel
770 3951 928 3983 Haeredum
942 3954 1129 3992 nostrorum,
1143 3965 1189 3987 aut
1204 3958 1274 3988 alio-

205 4003 271 4024 rum
288 4001 555 4030 quorumcumque,
571 4001 626 4029 e0,
643 3990 721 4028 quod
738 3990 861 4028 expressa
887 3993 997 4022 mentio
1021 3993 1058 4023 de
1081 4003 1151 4024 vero
1169 3994 1275 4026 Valore

207 4040 320 4067 annuO,
338 4029 384 4060 seu
404 4033 506 4068 quovis
526 4033 581 4062 alio
603 4030 706 4060 Valore
731 4028 962 4070 Beneficiorum,
986 4030 1223 4073 Officiariorum,
1241 4036 1274 4065 ὃς

208 4069 472 4102 Praebenoariorum
487 4069 649 4109 hujusmodi
666 4069 694 4098 in
717 4068 895 4106 praelentibus
917 4068 996 4110 facto
1017 4079 1078 4099 non
1099 4070 1210 4109 existit,
1227 4080 1276 4102 aut

209 4110 305 4149 aliquo
313 4106 443 4146 Statuto,
460 4108 536 4140 ACtu
544 4130 555 4147 ,
571 4107 760 4140 Ordinatione
772 4129 780 4145 ,
798 4105 844 4137 seu
858 4105 1117 4146 Provinone2ante
1131 4109 1194 4142 haec
1204 4119 1278 4150 tems

2315 241 2370 280 95

1305 314 1372 341 pora
1394 303 1489 349 saf'iis,
1508 304 1605 342 editis,
1630 305 1676 336 seu
1701 307 1832 345 provisis,
1850 316 1897 351 aut
1921 308 2012 349 aliqua
2033 312 2085 346 alii
2103 314 2213 353 Causa,
2230 314 2295 353 Re,
2313 315 2357 347 vel
2371 311 2447 342 Ann.
2464 311 2508 345 D.

1304 342 1428 372 Materia
1448 353 1646 382 quacumque,
1663 354 1723 374 non
1748 345 1931 376 obstantibus.
2393 351 2480 388 1460.

1359 379 1451 410 Teste
1468 380 1551 420 Rege
1566 384 1638 420 apud
1671 382 1943 423 l½st7n07msteriu7n,
1960 385 2061 418 Tertio
2077 390 2122 422 die
2137 390 2247 430 Apriiis.
2369 394 2434 417 Hm.
2453 391 2480 419 6.

1411 458 1466 486 Per
1483 458 1576 486 Breve
1594 457 1627 486 de
1645 460 1764 489 Privato
1782 459 1875 498 sigillo
1887 483 1896 499 ,
1915 458 1953 495 ό»
1973 461 2004 490 de
2022 465 2102 493 Data
2115 468 2264 506 praedida,
2282 466 2341 504 &t

1699 583 1749 614 De
1772 582 1961 616 Protei-lione.

1345 664 1475 696 ohannes
1498 666 1530 695 de
1545 669 1619 706 Foyx
1636 665 1736 704 Miles,
1754 666 1817 697 alifas
1840 666 1932 698 dietus
1955 666 2101 706 Johannes
2117 669 2149 698 de
2167 673 2252 703 Fowx
2266 698 2274 711 ‚
2299 675 2359 706 2555
2373 677 2449 709 Am,
2465 678 2508 709 D,

1305 671 1343 735 J
1364 703 1457 734 dietus
1468 704 1615 743 Johannes
1629 708 1718 735 Comes
1736 706 1768 735 de
1791 705 1931 744 Kendale,
1952 708 1985 738 ὃς
2009 707 2153 737 Armsdn
2175 712 2294 752 Frange,
2313 715 2358 745 sen
2400 727 2411 747 1
2424 717 2486 748 ¹60,

1307 742 1534 782 quibuscumque
1548 745 1605 775 aliis
1622 744 1801 774 Nominibus
1827 745 2007 784 censeantur,
2025 747 2073 783 qui
2093 747 2120 775 in
2140 748 2284 787 Obsequio
2303 752 2361 782 Re·
2374 741 2488 793 A11T38.

1304 782 1364 820 gis,
1382 783 1411 812 in
1427 781 1574 813 Comitiva
1589 782 1722 813 cariffimi
1738 782 1951 820 Consanguinei
1970 783 2055 822 Regis
2071 786 2183 814 Henrici
2197 789 2361 820 Ducirlfxo-
2377 799 2410 822 H.
2428 796 2456 822 6,

1302 822 1356 849 niae
1395 820 1543 851 Admiralli
1569 822 1701 861 Angliae,
1718 821 1888 861 Hiberniae,
1912 823 1945 853 ὃ(
1968 824 2183 863 Αεςυίῑεηηὶαε,
2198 835 2230 855 ac
2254 827 2365 865 Capita·
2380 836 2464 860 fxazc.

1304 860 1351 888 nei
1366 842 1474 897 Maris,
1493 860 1573 897 super
1598 860 1682 891 Salva
1697 859 1853 898 Custodia,
1870 871 1902 891 ac
1926 861 2099 891 Defenfione
2117 863 2239 899 ejtl‘dem
2264 864 2368 906 Mam,
2384 871 2424 906 58,
2440 875 2473 898 H.
2483 871 2513 899 6.

1303 899 1395 927 versus
1407 897 1568 938 Inimicos,
1586 898 1736 938 Rebelles,
1753 909 1785 929 ac
1801 899 1964 930 Proditores
1982 899 2068 938 Regis
2085 910 2246 941 morantur,
2265 903 2367 936 hahent
2382 919 2416 936 m.
2438 919 2480 944 ¹7·

1304 936 1412 966 Literas
1426 932 1516 976 Regis
1531 937 1567 967 de
1582 936 1768 968 Proteffione
1791 947 1862 968 cum
1887 936 2018 969 Clausula
2039 938 2185 976 (volumus,
2207 951 2254 979 per
2277 952 2368 973 unum

1303 976 1424 1006 Annum
1441 976 1594 1014 duraturas,

1343 1012 1428 1043 Praes.
1450 1015 1511 1046 &c.

1360 1051 1450 1082 Teste
1463 1052 1547 1092 Rege
1564 1052 1638 1092 apud
1654 1052 1929 1094 Westmonasterium,
1947 1054 2121 1086 duodecimo
2137 1055 2183 1085 die
2197 1055 2309 1096 Aprilis.

1419 1130 1473 1159 Per
1490 1133 1584 1161 Breve
1599 1131 1632 1161 de
1648 1132 1768 1162 Privato
1785 1130 1877 1169 Sigillo
1885 1154 1896 1171 ,
1915 1131 1953 1167 &
1969 1132 2001 1162 de
2023 1135 2106 1162 Data
2119 1133 2254 1171 praedic‘t‘a
2264 1158 2274 1174 2
2292 1133 2353 1170 &a

1571 1257 1637 1289 'De
1658 1254 1828 1290 Rebellihus
1850 1257 2083 1306 Expugnandis.

1310 1336 1394 1393 RE
1405 1336 1435 1368 x
1446 1361 1456 1377 ,
1472 1337 1594 1371 Dilecto
1609 1340 1643 1372 ὅ(
1661 1340 1751 1374 Fiden
1776 1342 1842 1383 suo,
1858 1343 2021 1375 ealdwino
2041 1343 2158 1383 Fulford
2171 1344 2280 1384 Militi,
2296 1345 2374 1377 saiu-
2393 1354 2469 1385 Am,
2479 1354 2521 1386 D,

1387 1386 1461 1421 fem·
1504 1418 1511 1425 ἱ
2412 1393 2497 1432 1460.

1343 1414 1445 1446 Sciatis
1460 1416 1558 1458 quod,
2387 1437 2439 1460 Aa.
2461 1434 2505 1470 33,

1343 1452 1426 1484 Cum
1442 1454 1529 1493 Nos,
1547 1455 1583 1485 de
1597 1455 1771 1488 avisamento
1787 1457 2271 1499 Conciliinostri,ordinaverimus
2285 1472 2373 1502 quan·
2389 1475 2423 1498 H.
2444 1474 2471 1499 6.

1307 1491 1372 1534 dam
1394 1493 1543 1524 Armatam
1560 1494 1739 1534 Potentiam,
1759 1498 1793 1527 ad
1808 1496 2050 1530 proficiscendum
2070 1502 2148 1540 supra
2164 1501 2247 1532 Mare
2268 1502 2298 1531 in
2314 1500 2376 1532 Re·
2418 1509 2485 1538 md,

1306 1530 1460 1574 nstmtiam
1482 1532 1648 1563 Rebellium
1665 1557 1675 1573 ,
1701 1534 1904 1574 Proditorurn,
1921 1537 1954 1568 δε
1982 1538 2170 1570 inimicorum
2196 1539 2379 1580 nostrorum,

1304 1570 1414 1600 ibidem
1429 1570 1457 1600 se
1471 1573 1646 1610 tenentium,

1346 1608 1409 1647 Qui
1424 1609 1505 1640 Mala
1518 1610 1642 1642 inaudita
1658 1610 1776 1651 Nobis,
1794 1611 1917 1652 RegnO,
1933 1613 1966 1643 &
1989 1613 2114 1647 Subditis
2136 1616 2237 1647 nostris
2253 1617 2377 1656 ejusdem

1305 1648 1455 1686 nuperime
1469 1658 1681 1687 perpetrarunt,
1699 1651 1732 1681 ὃς
1747 1651 1782 1682 ad
1795 1650 1894 1688 Peiora
1909 1661 1962 1691 pro
1977 1652 2093 1684 Viribus
2105 1660 2287 1695 perpetranda
2297 1679 2307 1694 ,
2328 1657 2379 1687 nili

1306 1696 1411 1717 eorum
1425 1685 1548 1718 Malitiae
1565 1689 1598 1719 ὅ(
1614 1688 1771 1721 Proterviae
1794 1690 1912 1721 celerius
1927 1692 1960 1722 ὃ(
1983 1694 2104 1730 provide
2120 1695 2269 1733 obviatur,
2288 1696 2314 1726 se
2328 1705 2377 1735 pa·

1310 1735 1370 1755 rant
1385 1726 1418 1756 &
1436 1726 1607 1765 fortificant,

1343 1764 1390 1794 Ac
1411 1764 1500 1803 Nos,
1524 1766 1561 1797 de
1584 1764 1730 1797 Fidelitate
1748 1766 1784 1797 &
1807 1766 2078 1805 Circumspetfftione
2101 1770 2199 1801 vestris
2217 1771 2381 1809 plurimum

1305 1802 1498 1841 confidentes,
1515 1803 1551 1835 de
1565 1804 1736 1836 avisamento
1753 1805 1883 1836 Concilii
1897 1808 1984 1837 nostri
2000 1809 2146 1847 praedieti,
2166 1810 2379 1850 Affignavimus

1304 1851 1358 1872 vos
1374 1841 1408 1871 ad
1425 1841 1668 1874 proficiscendum
1682 1844 1763 1882 supra
1779 1844 1863 1875 Mare
1877 1855 1944 1876 cum
1960 1846 2074 1877 Armara
2094 1847 2224 1879 Potentia
2234 1872 2243 1888 ,

1346 1880 1393 1911 Ac
1409 1882 1510 1919 vobis,
1529 1881 1647 1912 Tenore
1670 1882 1854 1914 Praesentium
1865 1908 1877 1923 ,
1893 1885 2003 1922 plenam
2025 1887 2058 1917 &
2081 1886 2269 1920 sufficientem
2291 1887 2378 1918 Pote-

1305 1918 1408 1949 statem
1422 1921 1456 1950 &
1475 1920 1686 1952 Aueioritatem
1701 1920 1814 1952 Damus
1829 1924 1863 1953 &
1885 1923 2125 1962 Committimus,
2144 1928 2203 1956 tam
2225 1927 2260 1956 ad
2275 1936 2377 1957 omnes

1306 1958 1339 1989 &
1358 1958 1397 1988 fin
1438 1958 1481 1988 los
1494 1959 1530 1989 de
1543 1959 1661 1990 Armata
1676 1960 1826 1998 praedidta,
1845 1963 1930 2001 quam
1947 1963 2015 1993 alios
2029 1964 2155 1995 Armatae
2172 1966 2211 1995 illi
2227 1965 2378 1996 confluen-

1305 2005 1365 2034 tes,
1421 1997 1562 2028 ucendum
1574 2020 1583 2036 ,
1603 1997 1777 2037 Regendum
1787 2023 1798 2038 ,
1815 2001 1848 2031 δε
1869 2000 2097 2032 Gubernandum
2108 2025 2118 2040 ,

1345 2037 1392 2066 Ac
1412 2038 1446 2067 ad
1467 2037 1665 2076 quoscumque
1685 2036 1833 2077 Rebelles,
1848 2039 2029 2080 Proditores,
2053 2042 2086 2072 &
2109 2041 2245 2072 inimicos
2264 2041 2377 2073 nostros

1307 2073 1461 2117 praedictos
1468 2098 1478 2114 ,
1497 2076 1566 2114 viis,
1584 2076 1696 2114 modis,
1713 2076 1746 2106 ὃς
1768 2078 1868 2108 mediis
1888 2078 1990 2117 quibus
2009 2081 2087 2118 juxta
2109 2080 2203 2110 sanam
2219 2080 2377 2111 Discretio-

1307 2123 1377 2144 nem
1392 2114 1515 2144 vestram
1532 2114 1631 2145 melitis
1643 2115 1777 2146 sciveritis
1795 2115 1828 2147 δε
1842 2120 1984 2156 poteritis,
2001 2120 2060 2150 tam
2076 2120 2104 2148 in
2121 2118 2217 2157 Mari,
2233 2122 2319 2158 quam
2337 2120 2379 2150 ul-

1311 2161 1352 2182 tra
1372 2152 1476 2192 Mare,
1496 2154 1529 2184 &
1545 2154 1610 2184 alibi
1625 2153 1826 2185 Guerrandum
1837 2178 1847 2194 ,
1862 2155 2069 2195 Gravandum,
2087 2159 2120 2188 &t
2137 2158 2381 2198 Expugnindum‚

1349 2191 1368 2210 ³*
1388 2191 1519 2222 Necnon
1535 2193 1569 2223 ad
1586 2202 1688 2224 omnes
1703 2193 1765 2224 illos
1782 2193 1818 2225 de
1831 2196 1949 2226 Armata
1984 2196 2115 2234 raedieia,
2133 2199 2167 2229 &
2182 2198 2250 2228 alios
2266 2198 2300 2228 ad
2315 2207 2377 2228 eam
2395 2192 2414 2211 *⁸
2436 2193 2488 2221 ΧῙ·

1310 2238 1340 2261 ut
1354 2231 1533 2269 praemittitur
1550 2232 1746 2270 confluentes,
1765 2242 1836 2271 quos
1858 2235 1940 2264 vobis
1960 2235 1962 2237 ’
1991 2235 2139 2266 ebellantes
2154 2236 2201 2267 seu
2223 2237 2300 2269 aliter
2316 2235 2379 2267 De·
2394 2241 2432 2269 45
2440 2241 2462 2261 ¹·

1308 2270 1464 2307 linquentes
1486 2270 1663 2310 inveneritis,
1677 2272 1757 2309 juirta
1775 2281 1876 2302 eorum
1899 2272 2064 2312 Dernerita,
2079 2272 2306 2314 Castigandum,
2322 2275 2381 2307 Pu-

1307 2308 1446 2377 niengum
1456 2330 1466 2347 ,
1484 2309 1517 2340 ὅ(
1528 2308 1760 2349 Justiciandum,
1781 2320 1814 2341 ac
1826 2310 1981 2351 Castigari,
1999 2311 2116 2352 Puniri,
2134 2315 2168 2346 &
2179 2313 2323 2352 Justiciari
2335 2314 2378 2351 faff

1309 2357 1372 2378 cren
1396 2357 1460 2378 um·

1344 2385 1383 2417 Et
1400 2371 1468 2417 ider}
1483 2387 1568 2417 vobis
1584 2386 1758 2418 Mandamus
1775 2387 1857 2426 quod
1870 2389 1948 2420 circa
1961 2388 2107 2421 Praemissa
2121 2390 2270 2431 diligenter
2286 2393 2381 2424 inten-

1308 2424 1397 2465 datis,
1416 2426 1449 2457 &
1466 2435 1496 2456 ea
1513 2425 1619 2458 faciatis
1637 2426 1670 2457 &
1685 2427 1865 2465 exequamini
1880 2429 1910 2457 in
1926 2428 2020 2458 forma
2039 2430 2194 2468 praedfflia:

1345 2463 1461 2495 Damus
1483 2474 1580 2495 autem
1601 2466 1735 2496 universis
1759 2466 1793 2496 &
1818 2466 1932 2504 singulis
1955 2467 2052 2507 Ligeis
2072 2469 2106 2500 δε
2128 2469 2256 2500 Subditis
2277 2470 2380 2502 nostris

1308 2500 1435 2533 Armatae
1449 2504 1613 2543 praedistae,
1631 2505 1691 2534 tam
1703 2504 1850 2542 Magistris
1869 2506 1903 2536 δε
1924 2505 2085 2537 Marmariis
2109 2507 2246 2540 Navium
2269 2510 2303 2540 &
2320 2508 2378 2541 Va-

1309 2542 1422 2580 sorum,
1441 2544 1526 2582 quam
1540 2543 1596 2572 aliis
1633 2553 1737 2573 uorum
1758 2543 1873 2575 interest
1897 2545 1926 2574 in
1943 2546 1996 2576 hac
2012 2554 2107 2584 parte,
2124 2546 2244 2578 Tenore
2255 2546 2383 2578 Praesen-

1308 2581 1398 2619 tium,
1415 2580 1534 2612 firmiter
1549 2583 1578 2612 in
1594 2552 1740 2612 fiandans
1756 2583 1838 2620 quod
1854 2584 1938 2613 vobis
1958 2585 1988 2614 in
2012 2583 2192 2616 Executione
2213 2585 2382 2617 Praemisso-

1308 2629 1375 2649 rum
1388 2621 1554 2660 intendant,
1570 2620 1730 2660 consulant,
1745 2629 1876 2661 pateant,
1894 2623 1927 2654 &
1949 2624 2084 2655 obediant
2107 2625 2138 2655 in
2161 2625 2300 2656 omnibus
2319 2626 2380 2656 dili-

1308 2667 1417 2698 genter.

1348 2696 1383 2728 In
1402 2697 1491 2735 cujus,
1507 2697 1568 2729 &c.

1307 2774 1326 2805 l,
1361 2735 1452 2767 Teste
1468 2736 1550 2776 Rege
1564 2737 1638 2777 apud
1654 2736 1934 2779 Wstmonasterium‚
1954 2739 2090 2772 vicefimo
2113 2748 2216 2780 quarto
2232 2741 2278 2772 die
2296 2741 2381 2782 Apri·

1317 2785 1351 2806 is.

1990 2819 2046 2847 Per
2065 2817 2216 2848 Concilium.

1525 2944 1576 2976 De
1599 2940 1742 2985 Potestate
1765 2944 1966 2979 Promittendi
1990 2948 2147 2979 Gratiam.

1308 3026 1437 3096 RFss}
1451 3050 1461 3065 ,
1477 3026 1620 3058 cariffimo
1636 3025 1859 3067 Consanguineo
1880 3028 1932 3061 suo
1943 3032 2061 3062 Henrica
2082 3033 2157 3062 Duci
2173 3033 2307 3069 Exoniae,
2324 3029 2373 3061 Sa-
2392 3030 2529 3100 Αξηὲοῐ).

1342 3077 1539 3142 8εὶαῑίξἙᾶὸά
1556 3103 1626 3134 Nos
1644 3104 1692 3139 (de
1707 3104 1870 3143 Fidelitate,
1888 3106 2048 3147 Probitate,
2066 3109 2100 3141 δε
2114 3107 2231 3147 provida
2239 3106 2375 3137 Circum·
2392 3080 2453 3137 Ani·
2464 3094 2510 3146 ὅδ’.

1306 3141 1451 3180 spectione
1463 3143 1560 3174 vestris
1573 3144 1819 3182 quamplurimum
1836 3144 2024 3183 confidentes)
2037 3149 2119 3178 vobis
2138 3148 2197 3185 (cui
2207 3145 2374 3176 Custodiam
2394 3153 2428 3176 H.
2443 3151 2470 3175 6.

1307 3180 1398 3211 Maris
1412 3181 1621 3218 commifimus)
1642 3183 1754 3219 pieriam
1777 3183 1952 3215 Potestatem
1974 3186 2008 3217 &
2032 3185 2241 3216 Auctoritatem
2264 3184 2376 3214 Damus
2393 3185 2530 3224 Franc.38.

1306 3221 1341 3251 &
1355 3219 1553 3251 Concedimus
1562 3243 1571 3259 ,
1586 3221 1621 3250 ad
1639 3220 1770 3252 Gratiam
1785 3223 1913 3253 nostram
1930 3223 2154 3262 quibuscumque
2170 3222 2298 3254 Personis
2314 3224 2375 3257 [sub
2395 3230 2431 3253 Η.
2447 3229 2474 3254 6.

1309 3258 1409 3290 Gradu
1431 3259 1659 3297 Generolorum)
1679 3269 1751 3291 cum
1768 3263 1881 3298 magnis
1903 3261 2098 3292 Proditoribus
2118 3261 2220 3292 nostris
2237 3262 2296 3299 jam
2317 3262 2377 3293 exi·
2396 3274 2433 3293 m.
2449 3273 2479 3300 5.

1309 3298 1463 3336 stentibus,
1482 3300 1554 3330 &se
1568 3296 1678 3328 Gratiae
1693 3299 1796 3329 nostrae
1803 3299 1946 3331 humiliter
1962 3301 2122 3331 submittere
2134 3300 2310 3338 volentibus,
2327 3302 2378 3332 sub

1309 3335 1423 3376 Magno
1439 3338 1541 3376 Sigillo
1556 3336 1657 3367 nostro
1680 3337 1740 3367 fieri
1762 3338 2018 3375 Promittendum3
2038 3338 2261 3377 quibuscumque
2281 3338 2382 3370 Perso-

1309 3376 1367 3412 nis,
1386 3376 1564 3420 Aurfftoritate
1579 3375 1761 3407 Parliamenti
1777 3378 1915 3408 Attinffis
1925 3399 1935 3415 ,
1951 3378 2082 3414 exceptis.

1324 3492 1329 3498 ¹
1347 3413 1563 3493 1ῗὲἒέὃῇΞὲ
1567 3437 1648 3492 ‘apud
1665 3451 1920 3493 lWstmonsterium,
1939 3451 2076 3484 vicefimo
2091 3452 2216 3486 secundo
2229 3454 2275 3487 die
2291 3454 2378 3495 Apri-

1310 3491 1353 3523 hs.
1923 3530 1978 3559 Per
1994 3529 2078 3569 ipfitm
2096 3533 2202 3570 Regem.

1385 3679 1434 3711 De
1458 3673 1599 3718 Potestase
1616 3672 1796 3708 Concedendi
1812 3674 1934 3706 Literas
1955 3674 1993 3709 de
2013 3676 2108 3710 Salvo
2137 3675 2302 3713 conductu.

1315 3762 1401 3820 RE
1412 3760 1443 3792 X
1461 3760 1612 3806 omnibus,
1629 3758 1664 3789 ad
1680 3768 1768 3797 qum,
1783 3757 1845 3790 &c-
1862 3757 1996 3792 Salutem.
2394 3774 2471 3807 Arm,
2485 3773 2529 3805 D.

1431 3799 1531 3846 Sciatis
1550 3797 1629 3836 quod
1646 3796 1733 3842 Nos,
1870 3837 1875 3842 ι
1997 3839 2013 3845 ..
2081 3839 2087 3845 ¹
2126 3842 2134 3849 ,
2264 3841 2271 3848 ο
2422 3814 2513 3852 1460.

1350 3838 1409 3869 Pro
1423 3849 1459 3868 eo
1477 3837 1576 3875 quod,
1595 3836 1722 3866 Decimo
1747 3847 1828 3868 nono
1847 3836 1893 3868 dte
1913 3837 2015 3869 Martii
2038 3838 2141 3870 ultimo
2163 3848 2321 3883 praeterito,
2338 3843 2374 3876 de
2396 3854 2505 3889 A71.38·

1314 3877 1484 3910 avisamento
1508 3874 1634 3905 Concilii
1656 3874 1769 3915 nostri,
1793 3875 1976 3908 Retinuimus
2000 3877 2175 3908 cariffimum
2200 3879 2376 3922 Consangui-
2396 3896 2429 3921 H.
2445 3894 2472 3918 6.

1313 3927 1401 3947 neum
1419 3914 1547 3945 nostrum
1563 3915 1711 3943 Henricum
1726 3916 1832 3944 Ducem
1854 3917 1973 3946 Exoniae
1987 3938 1997 3952 ,
2024 3915 2057 3945 ad
2082 3916 2329 3952 proficiscendum
2346 3924 2378 3953 in
2427 3931 2491 3959 ΠΜ,

1315 3955 1437 3987 Servitio
1458 3952 1555 3982 nostro
1578 3952 1658 3990 supra
1679 3951 1764 3984 Mare
1788 3964 1840 3992 pro
1865 3963 1995 3991 tempore
2011 3953 2117 3984 Trium
2140 3956 2313 3999 Annorum,
2329 3960 2380 3991 sub

1315 3995 1397 4025 certis
1413 3991 1505 4024 modo
1520 3991 1553 4021 &
1568 3991 1680 4030 forma,
1698 3993 1727 4022 in
1747 3991 1968 4023 INDENTURIS
1979 4015 1989 4029 ,
2006 3993 2072 4022 inde
2086 3994 2158 4025 inter
2174 3997 2235 4026 Nos
2259 3999 2293 4030 &
2303 4008 2377 4037 [νι-

1308 4032 1406 4074 fatum
1422 4030 1648 4069 Confimguineum
1661 4030 1778 4071 nestrum
1793 4030 1988 4069 CONFEcTts
1997 4054 2008 4070 ,
2033 4030 2195 4071 specificans
2209 4058 2221 4074 ,
2245 4046 2329 4075 prout
2347 4041 2377 4069 in

1315 4073 1418 4104 eisdem
1438 4069 1655 4100 INDENTURIS
1674 4072 1759 4108 plene
1774 4070 1879 4108 liquet,

1352 4106 1477 4147 Praefato
1494 4107 1691 4147 Confinguineo
1707 4108 1793 4149 nostro
1816 4107 1993 4141 Potestatem
2011 4109 2046 4144 &
2069 4109 2279 4145 Auctoritatem
2304 4113 2379 4145 suffi-

2300 4155 2380 4185 cien-
