2555 4266
78 237 156 270 Ann.
168 236 201 268 D

101 286 189 316 1440.

79 321 144 346 Heu.
162 317 189 345 6.

91 1509 112 1529 ¹¹¹
131 1510 170 1538 X.

94 1550 160 1582 769-

71 1585 148 1617 Ann.
165 1585 210 1616 D.

93 1633 179 1663 1440.

71 1668 126 1691 Aa.
150 1663 192 1693 18.

73 1707 141 1729 Hen.
155 1703 184 1730 6.

70 1740 211 1769 Francus.

73 1783 110 1806 H.
126 1780 153 1806 6.
169 1789 208 1809 m.

76 1825 120 1852 ¹4·

72 2834 150 2866 Ann.
162 2832 203 2863 D.

95 2881 181 2911 1440.

74 2915 125 2939 An.
148 2912 189 2938 18.

74 2955 109 2977 H.
123 2951 151 2976 6.

105 2987 170 3015 ibid.

73 3026 165 3054 m.18.

88 3875 214 3909 Ann.D.

88 3925 199 3981 Αἵΐῖἓζ

88 3996 125 4018 H.
142 3993 170 4021 6.

86 4030 152 4058 thid.
169 4041 205 4060 m.

90 4076 134 4103 ¹4·

221 153 272 206 78

269 231 316 268 Ac
328 230 452 267 universa
464 234 496 266 δε
514 232 634 274 singula,
652 243 717 272 quae
731 245 780 273 per
797 234 911 266 eosdem
926 235 956 264 in
975 234 1109 264 omnibus
1129 234 1163 264 &
1178 233 1292 271 singulis

680 145 1470 196 CONVENTIONES,
1524 143 1913 197 LITERAE,

1272 234 1278 240 “
1326 235 1394 262 toris
1406 231 1530 270 ejusdem
1546 231 1681 271 Imperii,
1695 233 1730 263 ὃς
1747 231 1942 270 Triumphalis
1956 232 2104 263 memoriae
2115 254 2124 270 ,
2149 229 2328 269 Proge'nitorrr
2339 242 2387 264 no-
2399 232 2478 265 Ann.
2488 233 2533 266 D.'

230 275 381 307 Praemiffis
404 275 450 304 vel
471 274 566 317 aliquo
588 273 810 304 Praemiffiorum
834 273 1035 315 appune'tuari,
1058 272 1213 310 concludi,
1241 272 1286 303 seu
1316 271 1396 315 stri,
1417 271 1532 315 Angliae
1556 272 1589 301 &
1606 271 1732 301 Franciae
1754 270 1932 314 Regis·,·pro
1949 271 2067 302 firmiori
2088 270 2224 302 Ecclesoe
2249 271 2383 310 Unitzte,
2416 282 2505 313 1440.

230 313 400 345 concordari
414 313 581 351 contigerit,
600 312 742 342 Firmandi
757 334 767 349 ,
794 310 982 347 Roborandi,
999 311 1032 340 ὅ(
1049 320 1098 347 per
1117 310 1182 340 fidei
1202 312 1288 341 inter·
1325 309 1489 347 Christique
1502 308 1640 340 Fidelium
1662 309 1735 339 Pace
1746 308 1980 348 tranqu1110r1,ac
1988 309 2198 340 Subditorum*
2210 310 2318 348 Qiete
2331 321 2382 341 eo-
2398 316 2450 339 Hm
2480 313 2509 342 6.

1325 348 1458 379 rumdem
1472 347 1632 392 Imperii&
1646 347 1762 387 Regni,
1782 346 1857 383 Liga
1877 346 2014 378 Amicitia
2033 357 2068 378 ue
2090 348 2167 378 realis
2182 349 2216 379 ὅτ
2234 358 2382 388 perpetua,
2415 352 2430 366 ³
2451 349 2493 380 X.

229 353 397 392 pofitionem
412 352 446 382 ὅ(
459 350 765 389 Juramenrurn,etiam
779 349 814 379 ad
828 349 932 380 Sanc'ra
944 348 1004 379 Dei
1016 348 1166 387 Evangelia
1179 349 1287 380 inAni-

230 401 310 422 mam
325 389 451 420 nostram
466 389 677 426 Praestandum,
695 387 894 424 Affecurandi,

266 430 313 460 Ac
327 428 363 459 de
375 429 408 459 δε
423 427 502 465 super
515 427 619 458 eisdem
635 429 668 458 δε
683 425 805 464 quolibet
818 425 984 457 eorumdem
993 425 1182 456 Concedendi
1191 424 1289 463 ,Dan-

229 468 278 506 di,
303 465 454 504 Faciendi,
482 466 515 497 &
531 464 702 503 Expediendi
722 473 824 494 omnes
847 465 880 495 δε
900 464 1082 495 omnimodas
1104 464 1289 501 securitates,

230 506 402 543 Cautiones,
428 504 582 542 Promissa,
610 503 822 541 Obligationes,
839 512 872 532 ac
889 501 994 533 Literas
1008 502 1153 540 sigillatas,
1174 512 1237 539 quae
1248 510 1290 531 ta-

227 544 285 574 lem
308 551 467 583 tantamque
490 544 566 580 vim,
584 542 797 578 auctoritatem,
821 540 976 578 effec'tum,
996 540 1029 570 δε
1043 542 1175 580 vigorem
1188 540 1289 570 habere

230 583 379 621 volumus,
397 592 431 613 ac
445 582 466 612 si
481 581 566 618 Nos,
584 582 613 610 in
637 579 758 610 Persona
773 578 885 616 nostra,
903 589 935 609 ea
950 579 1123 616 faceremus,

267 620 313 651 Ac
323 621 502 660 generaliter,
522 619 618 649 omnia
632 619 664 647 &c
679 616 780 656 singula
795 617 947 654 Faciendi,
964 616 1160 655 Excercendi,
1175 617 1208 647 &
1230 615 1289 646 Ex-

228 658 362 697 pediendi
376 669 439 697 quae
454 660 484 688 in
499 655 647 688 Praemissis
661 657 693 687 &
709 658 786 686 circa
799 655 988 685 eanecessaria
995 654 1097 685 fuerint
1111 655 1156 685 seu
1165 664 1288 693 quomo—

227 697 337 728 dolibet
349 705 504 735 oportuna,
522 697 607 726 etiam
623 694 641 724 1².
657 694 761 732 majora
784 693 835 723 sint
848 702 895 724 aut
907 694 1001 724 forent
1016 693 1135 731 superius
1150 692 1286 731 expreffa-

227 737 280 774 tis,
297 737 331 767 ὃς
349 737 410 766 talia
427 745 508 773 quae,
524 734 559 764 de
575 733 615 764 sui
628 732 754 769 Natura,
775 731 946 762 Mandatum
967 732 1080 770 exigant
1093 731 1210 769 speciale
1225 754 1235 770 ,
1254 732 1288 763 δε

227 785 292 813 quae
308 774 377 805 Nos
391 775 440 811 ipsi
461 773 552 803 facere
567 771 710 809 possemus
724 771 743 800 fi
761 770 938 807 personaliter
953 770 1098 808 praesentes
1113 770 1247 808 essemus,

268 812 480 848 Promittentes,
505 812 581 841 bona
603 809 690 845 Fide,
710 810 743 840 ὅτ.
764 810 797 838 in
815 808 912 838 Verbo
930 808 1048 847 Regio,
1072 807 1140 839 Nos
1158 808 1287 845 Ratum,

228 851 372 888 Gratum,
387 860 420 880 ac
444 848 575 879 Firmum
590 871 600 886 ‚
624 848 656 878 ὅ(
678 847 781 878 Stabile
802 848 942 884 perpetuo
965 848 1111 878 habituros
1133 846 1288 885 quicquid,

227 890 257 919 in
272 888 421 920 Praemislis
437 896 484 918 aut
505 887 599 925 aliquo
617 885 850 924 Praemifforum,
869 896 917 923 per
938 886 1090 923 praediflos
1113 884 1286 915 Commissa-

227 929 302 966 rios,
321 925 560 963 Ambasfiatores,
577 926 622 955 seu
638 924 796 961 Deputatos
811 923 1082 961 nostros,Septem,
1096 924 1172 964 Sex,
1191 923 1288 961 Qiin-

226 976 299 1006 que,
317 966 516 1003 Quatuor,aut
530 965 602 994 Tres
616 972 651 994 ex
665 964 703 993 eis
719 963 854 1001 (quorum
866 962 1014 1001 praefatum
1029 965 1182 1000 Episcopum
1194 971 1287 992 unum

227 1005 284 1035 effe
307 1004 455 1040 volumus)
487 1002 738 1040 Appund'tuatum‘,
773 999 978 1038 Conventum,
1009 1000 1186 1030 Conclusum
1203 1023 1212 1037 ,
1241 1000 1286 1030 seu

231 1041 450 1073 Concordatum
463 1040 563 1080 fuerit,
581 1041 614 1072 &
629 1039 708 1079 quod
723 1040 824 1069 omnia
840 1040 873 1070 δε
886 1039 1009 1077 singula,
1027 1039 1064 1069 sic
1079 1038 1289 1076 AppunGmata,

228 1081 399 1118 Conventa,
418 1079 576 1117 Concluia,
595 1079 638 1110 seu
653 1077 852 1115 Concordata,
876 1077 977 1116 absque
998 1077 1084 1113 dolo,
1110 1078 1223 1116 ftaude,
1240 1078 1286 1108 vel

225 1119 301 1149 malo
321 1119 437 1157 ingenio
466 1128 518 1156 pro
539 1126 615 1156 parte
636 1116 745 1149 nostra,
774 1126 808 1146 ac
831 1125 965 1155 quantum
985 1115 1020 1145 ad
1046 1115 1114 1146 Nos
1136 1116 1288 1155 spectabit,

224 1167 411 1195 exequemur,
427 1157 461 1187 &
475 1157 575 1194 exequi
590 1155 744 1191 faciemus,
770 1164 803 1184 ac
825 1154 904 1194 quod
922 1154 1002 1192 super
1025 1154 1130 1184 eisdem
1147 1155 1289 1186 Dabimus

225 1195 334 1227 Literas
346 1195 451 1239 nostras
466 1194 698 1226 Confirmatorias
713 1191 830 1230 Magno
845 1192 944 1232 Sigillo
958 1192 1058 1223 nostro
1073 1193 1208 1230 sigillatas.

260 1234 556 1314 Ir'il'gililelsliekgkecapud
573 1270 697 1311 Castrum
703 1268 786 1311 fixum
802 1270 834 1300 de
848 1268 1171 1311 Wndesore,xxiv.Die
1179 1269 1290 1309 Aprilis.

785 1349 853 1388 *fer
864 1349 956 1378 Breve
971 1348 1002 1378 de
1016 1349 1136 1378 Privato
1151 1346 1250 1386 Sigillo.

474 1484 496 1508 ⁸
515 1489 564 1521 De
582 1460 755 1523 Traiiando
764 1458 855 1531 fiper
869 1483 1007 1532 Treugis.

228 1572 313 1629 RE
321 1574 369 1612 X,
387 1573 548 1606 Venerabili
568 1572 606 1603 in'
620 1570 738 1603 Christo
761 1570 851 1608 Patri,
875 1570 931 1608 Epi
943 1567 1158 1612 copo-Rtgffbnfi,
1177 1578 1228 1608 ac,
1243 1568 1289 1600 di-

305 1614 386 1646 106113
402 1615 435 1645 &
453 1612 579 1643 fidelibus
593 1611 662 1648 suis,
687 1610 797 1640 Thomae
824 1607 922 1643 Kiryel
951 1607 1041 1638 Militi
1063 1608 1289 1638 Locumtenenti

226 1652 310 1683 Villae
326 1652 428 1683 nostrae
443 1649 711 1718 Calesii,gohanni
732 1651 833 1677 Sutton
856 1646 946 1677 Militi
960 1646 1180 1689 Locumtenenti
1194 1646 1288 1676 Castri

226 1691 349 1730 ejusdem
362 1691 465 1729 Villae,
485 1689 570 1726 Magi
608 1699 644 1725 o,
663 1686 797 1725 Stephano
813 1685 938 1726 IVylton,
955 1685 988 1715 ὃ(
1008 1683 1150 1721 Magistro
1169 1684 1288 1715 Williel-

226 1741 268 1759 mo
287 1730 455 1769 Sprever,in
472 1728 596 1765 Legibus
611 1725 850 1762 Dodmribug&
865 1723 980 1753 Roberto
995 1722 1197 1763 Whityngham
1204 1723 1285 1754 The·

225 1767 346 1800 fiiurario
362 1768 446 1798 Villae
461 1766 565 1797 nostrce
580 1764 741 1803 praediciae,
760 1763 891 1794 Salutem.

259 1807 361 1838 Sciatis
375 1805 454 1844 quod
469 1805 555 1842 Nos,
573 1805 608 1834 de
627 1802 782 1840 Fidenate,
799 1799 1082 1838 Circumspeffione,
1099 1799 1132 1830 δε
1147 1798 1287 1831 Industria

220 1846 318 1877 vestris
338 1845 447 1882 plenius
468 1842 658 1880 confidentes,
686 1841 794 1879 Vobis,
818 1840 973 1877 Quinque,
993 1838 1142 1877 Quarum,
1159 1839 1284 1877 Tribus,

219 1886 253 1916 &
277 1884 399 1914 Duobus
421 1881 548 1912 vestrum
568 1880 793 1911 Committimus
827 1878 916 1908 Vices
943 1875 1069 1914 nostras,
1103 1878 1137 1909 ὃ(
1155 1877 1285 1915 plenam,

220 1923 341 1953 Tenore
357 1921 561 1958 Praesentiurn,
579 1919 690 1949 Damus
703 1917 872 1948 Potestatem
886 1926 919 1946 ac
935 1915 1102 1945 Mandatum
1118 1915 1234 1953 speciale
1248 1916 1282 1947 ad

221 1960 436 1998 Tmetandum,
461 1956 771 1995 Oommunicandum,
800 1954 1077 1993 Appuncfihiandum,
1102 1954 1134 1984 δε
1154 1953 1284 1985 Conclu-

219 2000 347 2030 dendum
368 1999 516 2036 Treugas,
543 1997 587 2027 seu
613 1996 803 2026 Abstinentias
826 1994 1001 2024 Guerrarum
1021 1991 1190 2031 Generales,
1215 2003 1284 2023 cum

220 2033 474 2069 Ambaffiatoribus
491 2034 661 2073 Adversarii
675 2033 756 2073 nostri
770 2036 950 2070 Franciae,ac
965 2031 1113 2069 speciales,
1130 2031 1286 2062 cumAm-

218 2077 409 2107 bassiatoribus
424 2075 493 2104 illius
515 2075 561 2112 qui
577 2074 611 2113 se
633 2073 699 2102 dreit
713 2075 814 2102 Ducem
836 2071 1016 2112 Burgundiae,
1032 2069 1077 2112 vel
1094 2079 1162 2099 curn
1176 2070 1235 2101 aliis
1250 2070 1284 2101 ad

219 2116 278 2146 hoc
299 2115 486 2145 sufficientem
510 2112 683 2143 Potestatem
705 2111 890 2146 bibentibus,
924 2110 942 2139 fi
961 2108 1120 2146 hujusmodi
1141 2108 1286 2147 Treugae‚

219 2153 266 2185 scu
282 2153 454 2183 Guerrarum
470 2151 656 2182 Abstinentiae
673 2150 755 2179 vobis
769 2147 1088 2185 offerantur,duraturas
1102 2157 1153 2184 pro
1162 2147 1287 2178 Duobus

219 2194 311 2224 Annis
332 2191 378 2222 vel
397 2192 492 2229 circa,
511 2192 540 2220 in
559 2191 592 2221 δε
611 2199 662 2227 pro
681 2187 774 2218 Patria
795 2186 933 2217 Picardiae
956 2186 989 2216 &
1006 2185 1207 2216 Marchearum
1229 2187 1284 2216 ibi-

219 2232 286 2262 dem

255 2254 372 2300 Et'ideo
388 2268 470 2298 vobis
488 2265 662 2297 Mandamus
678 2263 759 2304 qu'od
776 2265 852 2295 circa
866 2261 1012 2293 Praemiffa
1032 2261 1178 2306 diligenter
1192 2264 1284 2294 inten-

216 2308 304 2346 datis,
324 2318 356 2337 ac
371 2317 403 2337 ea
419 2307 522 2336 faciatis
538 2307 571 2336 ὃς
589 2304 767 2341 exequamini
783 2304 810 2332 in
824 2301 918 2332 forma
933 2301 1087 2339 praedi-sta,

255 2347 291 2377 Et
315 2346 532 2382 Promittimus,
551 2343 627 2373 bona
650 2342 736 2378 Fide,
760 2341 793 2371 ὃ(
813 2340 912 2370 Verbo
939 2339 1052 2377 Regio,
1077 2339 1144 2370 Nos
1159 2338 1283 2378 Rarum,

219 2385 361 2421 Gratum,
379 2385 412 2415 ὃς
430 2383 536 2413 Stabile
550 2382 692 2412 habituros
714 2389 809 2410 totum
826 2379 858 2409 &
874 2378 1007 2417 quicquid
1025 2388 1074 2415 per
1089 2378 1167 2415 Vos,
1187 2378 1284 2417 Quin-

219 2434 294 2462 que,
314 2423 463 2460 Qiatuor,
479 2421 569 2458 Tres,
587 2420 631 2449 vel
655 2418 738 2449 Duos
759 2417 902 2456 vestrum,
920 2416 1046 2455 Acium,
1065 2415 1206 2454 Gestum,
1227 2416 1283 2448 five

233 2462 355 2493 factum
364 2459 446 2490 fuerit
464 2459 494 2489 in
511 2457 671 2489 Praemissis.

258 2501 292 2531 In
313 2500 392 2536 cujus

293 2537 381 2568 Teste

223 2577 305 2609 Maii.

398 2499 487 2575 {fg}
497 2534 572 2574 apud
596 2537 754 2565 Manerium
761 2533 842 2573 ficum
858 2533 1074 2572 deKenyngton,
1091 2532 1216 2564 iecundo
1236 2533 1283 2564 die

793 2613 846 2641 Per
861 2613 954 2640 Breve
967 2611 999 2640 de
1013 2613 1133 2640 Privato
1149 2609 1245 2648 sigillo.

488 2751 546 2782 Pro
570 2745 783 2791 Commiffizriis
795 2743 980 2778 Hollandiae.

295 2835 349 2867 EX
367 2858 377 2874 ,
403 2845 452 2873 per
476 2835 583 2865 Literas
611 2833 667 2863 suas
691 2830 821 2861 Parentes
836 2852 846 2868 ,
886 2830 971 2869 usque
998 2829 1112 2861 Festum
1138 2828 1282 2860 Omnium

307 2875 475 2905 Sanckorurn
491 2873 626 2911 proximo
641 2871 763 2901 futurum
779 2870 938 2907 duraturas,
950 2869 1065 2906 suscepit
1078 2871 1109 2898 in
1124 2868 1286 2899 Protefflo-

225 2925 312 2950 nem,
328 2912 518 2949 Tuitionem,
535 2912 568 2942 ὃς
588 2908 810 2945 Defenfionem,
828 2917 862 2937 ac
876 2907 978 2937 salvam
992 2907 1127 2937 Gardiam
1147 2907 1203 2937 suas
1224 2907 1284 2944 spe·

226 2953 307 2984 ciales
321 2974 330 2989 ,
349 2950 509 2981 Arnaldum
525 2950 555 2978 de
568 2948 661 2978 Ghent
677 2946 822 2984 Militem,
839 2947 950 2975 Petrum
969 2946 1000 2974 de
1022 2945 1125 2984 Remffl
1143 2945 1285 2976 Decreto-

224 3001 290 3023 rum
306 2990 484 3025 Dodiorem,
502 2989 534 3018 Sc
548 2987 621 3026 Juris
633 2986 734 3016 Civilis
748 2984 919 3015 Bacalarium
929 3007 938 3021 ,
964 2985 997 3016 &
1014 2984 1162 3014 Cornelium
1177 2987 1286 3013 Baroen

224 3029 411 3061 Secretariurn
427 3027 552 3057 Comitis
566 3024 734 3062 Holandiae,
743 3022 962 3053 Commissarios
975 3021 1104 3053 Concilii
1118 3022 1285 3060 Holandiae,

223 3067 375 3104 Selandiae‚
393 3067 426 3098 ὃς
441 3064 552 3101 Frisice,
578 3066 608 3092 in
622 3063 759 3099 Regnum
773 3061 854 3091 suum
868 3061 997 3100 Angliae,
1016 3071 1085 3092 cum
1100 3060 1286 3092 Servitoribus

224 3110 259 3140 «Se
277 3106 468 3138 Familiaribus
484 3103 537 3132 suis
558 3102 642 3139 usque
656 3101 689 3131 ad
706 3100 870 3130 Numerum
886 3100 1018 3138 Triginta
1031 3099 1285 3138 Personarum,vel

225 3147 316 3183 infra,
334 3155 368 3175 ac
389 3152 460 3173 cum
481 3140 584 3178 Bonis,
605 3140 719 3176 Rebus,
737 3138 769 3169 ὅς
788 3137 925 3167 Hemeliis
939 3139 990 3167 fiiis
1005 3138 1088 3168 licitis
1104 3136 1284 3176 quibuscum-

227 3195 298 3222 que,
325 3185 385 3213 tarn
408 3190 456 3219 per
477 3180 620 3215 Terram,
666 3178 731 3207 uam
752 3186 800 3213 per
827 3175 912 3205 Mare
935 3177 968 3207 &
985 3176 1117 3214 Aquam,
1135 3175 1283 3214 equestre,

227 3224 274 3253 vei
289 3220 432 3259 pedestre,
446 3218 482 3249 de
496 3218 571 3254 Die,
589 3216 633 3246 vel
669 3226 684 3245 e
700 3215 816 3249 Noere,
835 3214 990 3251 veniendo,
1009 3214 1117 3244 ibidem
1135 3213 1286 3251 morando,

229 3261 327 3290 stando
344 3282 353 3297 ‚
379 3259 413 3290 &
432 3254 662 3298 perhendinando
678 3275 687 3291 ,
720 3253 752 3283 &
771 3251 870 3293 exinde
896 3252 929 3281 ad
954 3261 1042 3289 partes
1067 3252 1124 3282 suas
1144 3254 1286 3290 proprias,

229 3308 296 3328 cum
318 3298 418 3335 Bonis,
445 3295 544 3326 Rebus
559 3317 569 3332 ,
591 3295 625 3324 ὃς
645 3292 783 3322 Hernefiis
797 3291 848 3320 iuis
865 3290 949 3320 licitis
967 3289 1207 3328 quibuscumque,
1226 3291 1286 3321 abs-

229 3346 284 3373 que
299 3334 496 3372 impetitione,
530 3330 742 3369 Impedimento
758 3328 836 3372 ,uvel
861 3328 1074 3358 Perturbatione
1093 3338 1287 3367 quacumque,

230 3373 413 3410 revertendo,
434 3373 467 3403 ὃς
485 3370 645 3406 redeundo,
666 3367 805 3407 Marqua,
831 3365 1077 3404 Contromarqua,
1094 3366 1138 3397 seu
1155 3366 1287 3404 Repriia-

231 3411 269 3442 lia
289 3420 349 3441 non
366 3411 556 3448 obstantibus,

269 3448 387 3479 Proviso
398 3449 504 3485 semper
521 3446 599 3486 quod
615 3445 744 3484 praedicti
760 3442 922 3480 Arnaldus,
940 3444 1056 3480 Petrus,
1080 3442 1113 3472 ὃς
1131 3440 1285 3480 Cornelius,

230 3489 265 3520 &
283 3487 379 3517 secum
396 3485 589 3523 Comitantes,
607 3486 634 3515 se
651 3492 716 3522 erga
731 3482 845 3519 Regem
860 3481 892 3511 δε
912 3481 1055 3517 Populum
1072 3480 1150 3510 suum
1164 3481 1239 3511 bene
1253 3481 1287 3511 ὃς

231 3525 351 3557 honeste
365 3533 461 3562 gerant
474 3524 506 3553 &
519 3524 638 3553 habeant
647 3545 655 3560 ,
673 3523 706 3553 &
718 3522 870 3559 quicquam
883 3520 978 3556 quod,
996 3520 1025 3547 in
1034 3518 1125 3555 Regis
1139 3528 1289 3556 contemp-

232 3575 295 3595 tum
309 3563 353 3593 vel
367 3560 565 3600 praejudicium
580 3570 625 3591 aut
640 3560 741 3599 Populi
755 3558 848 3595 Regis
859 3557 986 3594 praedicri
1003 3555 1174 3594 Darnpnum
1188 3556 1287 3588 cedere

235 3603 339 3639 valeat,
357 3609 417 3631 non
431 3599 532 3628 faciant
547 3609 600 3629 nec
614 3606 781 3636 attemptent
796 3597 898 3635 quovis
912 3594 1002 3626 modo

269 3641 359 3672 Teste
370 3638 456 3676 Rege
469 3635 542 3674 apud
560 3636 830 3676 Wstmonasterium‚
847 3634 964 3665 octavo
975 3633 1023 3663 die
1038 3631 1123 3663 Maii.

760 3733 766 3737 ·
793 3719 846 3746 Per
861 3718 953 3746 Breve
966 3715 999 3745 de
1018 3716 1139 3744 Privato
1153 3712 1250 3752 Sigillo.

402 3865 496 3909 Super
514 3859 635 3896 Foedcre
648 3869 717 3891 cum
736 3860 913 3905 Imperatore
931 3859 1124 3894 Renovando.

238 3947 328 4004 RE
338 3946 392 3983 X,
406 3945 566 3977 Dileffls&
586 3944 729 3976 FidelibuS
743 3943 810 3981 suis,
828 3945 964 3981 Hertongo
980 3948 1039 3974 Van
1053 3943 1122 3975 Clux
1133 3943 1284 3984 Militi,&

316 3983 560 4021 Willielm038wan
572 3985 602 4013 in
618 3983 745 4020 Legibus
761 3981 939 4020 Licentiato,
959 3982 1092 4013 Salutem.

273 4021 354 4054 Cum
370 4032 474 4061 nuper,
492 4023 562 4052 inter
575 4021 746 4051 Romanum
766 4019 920 4057 Imperium
943 4021 976 4050 δε
996 4019 1136 4058 Regnum
1158 4021 1287 4054 nostrum

237 4062 500 4103 Angliae‚tempore
515 4058 816 4092 christianissimorum
829 4057 995 4096 Principum
1002 4060 1157 4096 Sigqmuna'i
1171 4065 1289 4100 Jmpera,

1324 385 1532 417 accuratiffim1s
1547 386 1724 424 Laboribus,
1739 385 1941 423 appunQata,
1956 395 2030 416 conc
2042 385 2101 423 usa,
2119 386 2230 425 habita,
2245 388 2278 418 ὃ(
2289 387 2382 418 firma-

1325 433 1353 456 ta
1369 424 1482 462 existat,
1499 435 1533 455 ac
1549 424 1634 462 pleno
1650 423 1784 455 consensu
1805 421 1956 454 illustrium
1972 423 2140 463 Principum
2162 425 2241 456 Sacri
2256 427 2381 464 ejusdem

1326 462 1443 501 Imperii
1455 463 1619 494 Eleetorum
1633 464 1761 494 roborata
1779 461 1898 499 Sigillis,
1925 462 2098 492 Auctoritate
2120 461 2300 495 Parliamenti
2314 465 2383 504 ejus-

1326 501 1392 531 dem
1408 502 1507 539 Regni
1520 501 1607 532 nostri
1622 502 1737 539 Angliae
1751 500 1932 537 solempniter
1948 501 2115 538 approbata,
2133 508 2164 531 ut
2177 500 2236 539 Ipsa
2245 503 2385 540 ,inviola-

1327 539 1378 570 bili
1393 539 1536 571 observata
1553 539 1724 578 Stabilimte,
1739 538 1961 569 indissolubiliter
1977 538 2146 576 perseveret,

1347 615 1350 617 ,
1363 577 1474 616 Vobis,
1493 577 1529 609 de
1563 588 1664 609 uorum
1680 577 1824 609 Fidelitate
1838 578 1870 608 &
1886 576 2025 608 Industria
2040 577 2150 615 plenam
2165 576 2295 610 fiduciam
2310 580 2386 618 opti-

1328 625 1445 654 nemus,
1472 615 1547 647 Man
1567 626 1646 647 amus
1661 639 1672 656 ,
1704 617 1830 655 quatinus
1850 625 1947 645 verum
1976 616 2097 655 ejusdem
2120 615 2221 654 Ligae,
2246 617 2385 649 Mandato

1327 653 1440 692 nostro,
1457 653 1583 693 legitime
1602 654 1839 692 Transsumptum
1852 677 1862 691 ,
1890 653 2036 685 Confratri
2059 653 2157 684 nostro
2171 678 2181 694 ,
2206 657 2388 686 Romanorum

1328 695 1393 730 Regi
1411 691 1578 730 ostendatis,
1597 694 1630 724 ὃς
1648 692 1745 731 Ε11111,
1761 694 1863 723 virtute
1877 693 2017 731 ejusdem,
2042 693 2174 724 Nomine
2193 693 2310 732 nostr0,
2333 705 2389 733 pro

1327 730 1446 768 Nobis,
1470 731 1504 761 &
1521 731 1601 761 dicio
1621 731 1731 768 Regno
1751 730 1848 762 nostro
1872 733 1975 767 rogetis
1992 733 2025 762 ὃς
2043 731 2138 762 debite
2167 733 2309 770 requiratis
2321 756 2332 770 ,
2356 740 2389 765 ut

1328 769 1437 806 Ligam
1451 769 1484 799 &
1504 768 1672 800 Amicitiam
1685 769 1849 807 praedietam
1864 768 1968 802 Ratam
1990 770 2165 809 Gratamque
2188 771 2289 802 habere
2302 771 2388 810 velit,

1327 808 1362 838 &
1380 817 1432 844 pro
1445 807 1500 844 Se,
1517 817 1551 838 ac
1566 808 1647 838 dicio
1662 807 1806 845 Imperio,
1824 807 1876 836 suis
1891 809 1991 844 vigore
2004 810 2037 840 ὃ(
2056 810 2157 840 robore
2174 809 2388 847 stabilitam,se-

1328 845 1464 888 cundum·
1475 846 1554 882 vim,
1573 845 1696 876 formam
1706 868 1716 883 ,
1734 847 1766 876 ὃς
1784 844 1923 876 effeemm
1938 847 2018 884 ipsius
2032 848 2111 886 Ligae
2123 848 2387 886 antedictae,quod-

1326 894 1382 953 gne
1394 883 1552 951 κί’-0511110111,
1569 893 1620 921 pro
1634 883 1752 922 Nobis,
1768 884 1874 915 eodem
1890 883 1997 922 Regno
2011 886 2127 924 nostro,
2146 888 2211 918 vice
2225 887 2320 918 nostra
2336 887 2390 918 de-

1349 931 1387 952 ite
1413 930 1507 952 aciatis

1365 944 1565 990 Promittiriius
1589 960 1686 997 enim,
1704 961 1736 989 in
1758 959 1994 999 Verbo,Regio,
2013 961 2082 992 Nos
2096 961 2222 1001 Rarum,
2246 963 2391 1003 Gratum,

1326 999 1475 1038 Firmum,
1494 1000 1527 1030 &
1546 998 1650 1029 Stabile
1663 997 1805 1029 habituros
1819 1007 1913 1029 totum
1927 1001 1962 1031 ὅτ.
1977 1001 2111 1039 quicquid
2119 1002 2270 1040 ,Nomine
2277 1003 2386 1041 nostro,

1327 1038 1449 1069 feceritis
1463 1038 1493 1067 in
1508 1035 1666 1067 Praerniffis.
2057 1059 2060 1063 .

1364 1075 1398 1107 Ι11
1414 1075 1510 1114 cujus,
1529 1076 1593 1106 &c.

1401 1114 1489 1146 Teste
1505 1114 1591 1153 Rege
1603 1112 1677 1153 apud
1692 1111 1956 1155 Weslmonasterium
1963 1136 1973 1152 ,
1991 1113 2147 1146 undecimo
2157 1116 2202 1147 die
2211 1117 2293 1148 Maii.

1865 1193 1920 1221 Per
1937 1190 2042 1221 Billam
2063 1192 2099 1222 ab
2114 1194 2234 1223 Privato
2253 1193 2353 1232 sigillo.

1353 1320 1402 1353 De
1421 1316 1662 1351 communicando
1686 1320 1722 1356 (ῤ’
1740 1315 1895 1350 tranando
1912 1329 1981 1350 cum
2000 1317 2219 1367 Archiepiftopo
2231 1320 2364 1356 Coloniae.

1428 1402 1459 1434 X
1480 1404 1630 1442 omnibus,
1647 1402 1681 1434 ad
1696 1413 1783 1442 quos,
1798 1403 1858 1434 ὅτε.
1876 1403 2009 1434 Salutem.

1331 1403 1418 1459 RE
1430 1441 1529 1473 Sciatis
1548 1444 1627 1480 quod
1641 1441 1726 1479 Nos,

1368 1478 1416 1510 De
1432 1481 1455 1510 F
1457 1481 1579 1512 idelitate

2432 398 2496 425 770.

2405 1411 2484 1444 Ann.
2494 1411 2536 1445 D.

2431 1460 2522 1491 1440.

1622 1479 1792 1518 Prudentia,
1813 1480 1846 1511 &
1865 1479 2136 1519 Circumspeffionis
2150 1481 2311 1522 industrii,
2332 1482 2390 1514 Di·
2403 1495 2457 1518 An.
2476 1493 2519 1521 ¹8.

1329 1515 1474 1549 1018101011]
1488 1520 1522 1550 &
1541 1519 1564 1550 F
1566 1504 1679 1550 id’elium
1693 1518 1872 1557 nostrorum,
1889 1521 2022 1557 Herrongi
2046 1524 2105 1551 Van
2128 1521 2197 1551 Clux
2220 1520 2338 1561 Militis,
2356 1523 2390 1554 &
2405 1535 2439 1558 H,
2465 1531 2496 1559 6,

1332 1556 1479 1587 Wilh'elmi
1502 1553 1587 1587 Ssswan
1605 1560 1634 1587 in
1650 1557 1776 1595 Legibus
1794 1557 1959 1597 Licentiati‚
1978 1559 2097 1595 plenarie
2113 1559 2304 1600 confidentes,
2331 1585 2336 1587 .

1369 1594 1462 1634 Ipsos,
1478 1597 1678 1634 conjundiim,
1697 1597 1731 1627 ὃ(
1747 1595 1860 1627 divisim
1871 1619 1879 1632 ,
1903 1597 1937 1626 ad
1963 1597 2179 1637 Tractandum,
2203 1597 2391 1630 Convenien-

1330 1634 1417 1670 dum,
1437 1635 1470 1665 &
1490 1635 1732 1665 Concludendum
1753 1644 1839 1673 curn,
1862 1633 2110 1667 Reverendiilimo
2131 1638 2160 1667 in
2176 1636 2295 1668 Christo
2311 1637 2392 1669 Patre

1331 1675 1365 1705 &
1388 1673 1540 1712 Domino,
1557 1674 1728 1711 Theoderico,
1756 1672 1813 1703 Dei
1837 1674 1943 1712 gratia,
1962 1676 2070 1704 Sanft'ae
2089 1675 2246 1714 Colonienfis
2269 1676 2391 1716 Ecclefiae

1332 1711 1549 1751 Archiepfiopo,
1564 1712 1642 1742 Sacri
1655 1711 1782 1742 Romani
1797 1710 1912 1748 Imperii
1932 1722 1980 1751 per
1995 1712 2101 1743 ltaliam
2117 1714 2395 1754 Archicancellario,

1330 1750 1489 1781 Westfanae
1510 1752 1542 1782 &
1566 1751 1700 1788 Angariae
1725 1749 1827 1787 Duce,
1851 1759 1896 1779 aut
1913 1760 1980 1780 cum
1998 1750 2156 1791 Deputato,
2181 1755 2225 1784 seu
2246 1753 2396 1793 Deputatis

1329 1789 1454 1827 ejusdem
1469 1789 1656 1829 sufficientem
1672 1788 1843 1819 Potestatem
1860 1787 1967 1819 adhoc
1987 1789 2124 1828 habente,
2143 1791 2186 1821 vel
2207 1791 2394 1831 habentibus,

1329 1828 1366 1857 de
1382 1829 1415 1859 ὃ(
1433 1827 1510 1865 super
1529 1827 1741 1866 quibuscunque
1761 1827 1861 1864 Ligis,
1886 1826 2048 1866 Amicitiis,
2074 1831 2176 1859 mutuis
2189 1829 2394 1862 Subventioni-

1330 1866 1398 1904 bus,
1418 1869 1490 1895 inter
1510 1869 1587 1905 Nos,
1608 1866 1730 1905 Ligeos,
1745 1866 1899 1903 subditos,
1917 1866 1950 1896 ὃς
1970 1865 2105 1897 Vassallos
2122 1868 2248 1907 nostros,
2267 1868 2394 1908 Regna,

1328 1903 1447 1942 Ter-ras,
1462 1905 1495 1936 ὃς
1515 1905 1654 1935 Dominia
1677 1904 1769 1934 nostra
1783 1913 1977 1943 quzecunque,
1995 1915 2027 1935 ex
2049 1906 2105 1936 una
2119 1916 2213 1945 parte,
2232 1909 2265 1938 &
2280 1908 2396 1939 (1ίᾶ11111-

1329 1942 1605 1974 Reverendisfimum
1622 1943 1735 1974 Patrem
1751 1942 1999 1981 Archiepiscopum‚
2015 1945 2047 1975 ὃς
2071 1944 2204 1976 Varianos
2219 1946 2297 1984 suos,
2316 1948 2392 1977 Ter-

1328 1992 1369 2011 ras
1383 1983 1416 2012 &
1435 1982 1576 2012 Dominia
1591 1983 1635 2012 sua
1650 1991 1855 2020 quaecumque,
1873 1990 1908 2011 ex
1924 1981 2025 2020 altera,
2043 1982 2078 2013 ad
2096 1983 2192 2014 Vitam
2213 1984 2339 2015 nostram
2356 1987 2391 2017 &

1331 2020 1413 2058 ipsius
1429 2020 1629 2060 Archiepiscopi
1643 2020 1772 2058 praedifri
1787 2020 1931 2057 ineundis,

1368 2059 1413 2089 Ac
1429 2060 1508 2097 super
1523 2060 1581 2090 hoc
1594 2060 1793 2098 juramentum
1808 2057 2015 2097 Praestandum,
2033 2060 2067 2090 δε
2085 2060 2238 2098 specialiter
2251 2061 2393 2092 Trafimn-

1329 2096 1417 2136 dum,
1436 2097 1658 2136 Paciscendum,
1680 2098 1712 2128 &
1732 2096 1846 2127 finaliter
1861 2096 2107 2128 Concordandum
2125 2108 2191 2129 cum
2207 2100 2311 2130 eodem
2327 2100 2392 2131 Re·

1328 2136 1530 2167 verendiffimo
1546 2139 1575 2166 in
1590 2135 1706 2167 Christo
1718 2135 1799 2166 Patre
1818 2134 2018 2175 Archiepnscopo
2041 2135 2214 2175 supradlc'lo,
2234 2138 2392 2177 DeputatO‚

1327 2173 1372 2205 seu
1386 2174 1551 2214 Deputatis,
1576 2175 1604 2205 in
1620 2185 1651 2204 ea
1666 2183 1755 2212 parte,
1774 2174 1956 2205 Sacramento
1979 2184 2025 2211 per
2040 2174 2189 2214 praefatum
2205 2176 2392 2216 Archicsifio-

1324 2221 1405 2251 pum,
1423 2215 1526 2252 alium,
1542 2214 1587 2245 vel
1602 2213 1687 2249 alios,
1705 2214 1786 2250 ipsius
1802 2213 1932 2243 Nomine
1947 2212 1981 2242 ad
2000 2213 2054 2243 boc
2073 2214 2243 2245 sufficienter
2268 2216 2300 2246 &
2317 2216 2392 2253 legi-

1329 2254 1377 2282 me
1394 2251 1572 2290 Deputatum
1589 2252 1644 2282 sive
1660 2250 1836 2289 Dcpuraros,
1853 2250 1951 2280 Nobis
1969 2250 2100 2281 faciendo
2121 2252 2153 2282 &
2173 2252 2348 2292 praestando,

1368 2289 1507 2329 Ipsiusque
1521 2290 1656 2330 Homagii
1679 2299 1712 2320 ac
1737 2290 1888 2331 fidelitatis
1909 2291 1937 2319 in
1955 2299 1986 2319 ea
2001 2299 2074 2327 parte
2090 2290 2322 2330 Sacramentum,
2342 2302 2390 2330 per

1328 2328 1437 2359 dicium
1463 2329 1709 2367 Archiepycopum,
1736 2330 1779 2358 leu
1798 2328 1901 2364 alium,
1925 2328 1969 2357 vel
1993 2329 2060 2358 alios
2082 2329 2162 2367 ipsius
2186 2330 2339 2368 Nomine,
2359 2339 2391 2362 ut

1327 2369 1527 2406 praemittitur,
1547 2368 1645 2398 Nobis
1660 2366 1822 2397 faciendum
1836 2366 1868 2396 δε
1888 2365 2093 2404 praestandum,
2112 2367 2185 2398 Vice
2208 2368 2241 2399 &
2259 2369 2392 2400 Nomine

1326 2415 1357 2436 ut
1374 2408 1571 2444 praemittitur,
1592 2405 1690 2436 Nobis
1705 2404 1868 2435 faciendum
1884 2404 1916 2434 ec
1935 2405 2121 2441 praestandum
2131 2407 2217 2443 ‚Vice
2230 2409 2264 2439 &
2280 2408 2391 2438 Nomi-

1326 2454 1362 2475 ne
1381 2444 1497 2483 nostris,
1517 2444 1750 2480 Admittendum,
1764 2443 1996 2483 Recipiendum,
2014 2444 2047 2474 δε
2065 2444 2284 2482 Acceptandum
2295 2468 2304 2479 ,
2319 2456 2392 2476 curn

1329 2484 1464 2514 omnibus
1479 2483 1618 2521 Capitulis
1632 2482 1664 2512 δε
1683 2481 1815 2512 Clausulis
1829 2481 1863 2511 ad
1884 2480 2043 2518 hujusmodi
2058 2482 2272 2514 Sacramentum
2288 2484 2391 2514 Pideli-

1328 2523 1390 2553 tatis
1405 2522 1520 2559 debitis,
1539 2523 1572 2552 &
1587 2521 1710 2551 exhiberi
1725 2520 1809 2549 solitis
1821 2521 1854 2550 Sc
1872 2520 2028 2557 consuetis,

1361 2560 1408 2591 Ac
1424 2571 1479 2598 pro
1494 2560 1645 2597 Homagio
1661 2559 1693 2589 &
1710 2558 1854 2588 fidelitate
1867 2557 2050 2599 hujusmodi,
2075 2558 2176 2589 Nobis
2199 2559 2333 2592 faciendis
2353 2562 2388 2593 &

1324 2598 1504 2637 praestandis,
1524 2607 1629 2629 certam
1646 2596 1842 2627 provisionem
1858 2599 1912 2625 live
1926 2596 2093 2626 Pensronem
2109 2608 2232 2628 annuam
2253 2601 2389 2637 pecunia-

1326 2639 1415 2673 riam,
1434 2647 1498 2675 quae
1511 2636 1594 2668 dicjtis
1607 2638 1744 2672 Hertongo
1759 2636 1791 2665 &
1808 2633 1966 2672 Wllzelmo,
1983 2635 2028 2665 seu
2044 2645 2144 2666 eorum
2158 2637 2251 2674 alteri,
2270 2639 2391 2669 rationa-

1328 2676 1390 2706 bilis
1403 2676 1434 2706 δε
1451 2685 1579 2711 congrua
1594 2674 1755 2710 videbitur,
1771 2672 1870 2711 dicto,
1890 2672 2139 2704 Reverendiffimo
2153 2675 2184 2704 in
2202 2675 2319 2706 Christo
2334 2675 2392 2707 Pa-

1328 2715 1363 2744 tri
1381 2713 1525 2753 Colonienfi
1536 2712 1754 2751 Archxpistopo,
1771 2711 1800 2741 in
1815 2712 1913 2742 locum
1932 2712 1964 2742 &
1983 2711 2049 2752 loco
2075 2713 2181 2752 Feudi,
2199 2715 2282 2746 certis
2306 2715 2390 2745 hoco

1327 2753 1361 2784 &
1377 2752 1542 2790 Terminis,
1561 2762 1609 2790 per
1625 2752 1694 2790 iplos
1707 2749 2102 2787 Herma-gum&Wilsielmum
2118 2751 2150 2781 N
2155 2753 2270 2790 uncios,
2288 2752 2388 2784 Com-

1327 2790 1482 2830 missarios,
1513 2792 1546 2822 &
1564 2791 1721 2827 Deputatos
1736 2788 1847 2819 nostros
1863 2788 2043 2827 hujusmodi,
2059 2790 2105 2820 seu
2130 2800 2229 2821 eorum
2250 2791 2389 2830 alterum,

1326 2828 1496 2868 limitandis,
1521 2839 1575 2868 pro
1599 2828 1712 2865 Nobis,
1747 2829 1779 2859 &
1798 2827 1930 2857 Nomine
1954 2828 2066 2866 nostro,
2091 2828 2328 2859 Constituendum
2350 2830 2386 2860 ὃς

1328 2867 1554 2898 Concede-ndum
1564 2890 1574 2906 ,
1592 2866 1707 2897 durante
1724 2866 1793 2896 Vita
1806 2865 1918 2903 nostra,
1935 2866 1968 2897 ὅ(
1983 2866 2064 2904 ipfius
2078 2866 2312 2898 Reverendiffimi
2328 2866 2386 2899 Pa-

1327 2907 1394 2944 tris,
1413 2906 1570 2945 Colonienfis
1577 2905 1796 2944 Archiepzscopi,
1814 2904 1994 2943 solvendam,

1365 2944 1491 2976 Necnon
1505 2945 1584 2983 super
1598 2943 1820 2984 quibuscumque
1835 2943 1988 2981 Articulis,
2006 2951 2267 2983 quantumcumque
2279 2943 2387 2982 specia-

1327 2984 1414 3021 libus,
1433 2985 1481 3022 qui
1499 2984 1602 3022 LigaS,
1622 2983 1785 3021 Amicitias,
1805 2990 1898 3012 mutua
1913 2981 2116 3012 Subventiones
2129 2982 2162 3012 &
2176 2982 2304 3020 Auxilia,
2317 2982 2386 3013 Ho-

1327 3024 1416 3059 magii
1435 3024 1468 3054 &
1487 3022 1638 3053 Fidelitatis
1661 3021 1897 3058 Sacramentum,
1923 3020 1955 3050 δε
1971 3019 2165 3050 provisionem
2193 3021 2250 3051 five
2268 3020 2385 3052 Penfio-

1326 3071 1393 3093 nem
1403 3061 1802 3099 ‚supradiciamssoncernere
1819 3066 1950 3097 poterunt
1965 3059 2064 3100 quovis
2079 3057 2185 3096 modo,
2200 3068 2270 3089 cum
2284 3069 2385 3090 eorum

1326 3099 1537 3138 Incidentibus,
1556 3095 2046 3138 EmergentibuS,DependentibuS,
2064 3097 2097 3127 &
2115 3095 2280 3135 Connexis,

1362 3139 1408 3168 Ac
1444 3149 1486 3169 uae
1501 3138 1538 3168 sic
1550 3138 1698 3175 Traeiata,
1717 3136 1883 3173 Conventa,
1907 3135 1941 3166 δι
1959 3133 2141 3165 Concordata
2163 3135 2284 3174 fuerint,
2312 3146 2384 3167 cum

1326 3177 1407 3207 omni
1443 3177 1575 3207 ecurit'ate
1589 3175 1699 3212 debita,
1719 3173 1859 3213 requisita,
1883 3174 1916 3206 δε
1941 3171 2060 3203 honesta
2083 3173 2113 3203 in
2131 3173 2189 3204 hoc
2209 3173 2299 3213 Casu,
2317 3175 2384 3206 No-

1325 3215 1404 3246 mine
1419 3215 1534 3251 nostro,
1554 3213 1758 3250 Firmandum,

1364 3257 1379 3271 *
1396 3252 1643 3289 Confimilemque
1656 3251 1839 3281 Securitatem
1852 3259 1867 3280 a
1876 3248 1956 3280 dicto
1962 3248 2208 3280 Reverendiffimo
2215 3250 2297 3282 Patre
2311 3251 2385 3282 Colo-

1328 3295 1388 3322 nien
1401 3302 1423 3320 15
1438 3290 1560 3330 Ecclefiae
1577 3288 1777 3328 Archiepiftopo
1787 3311 1796 3324 ,
1812 3288 2016 3331 Procuratore,
2034 3288 2090 3318 five
2105 3288 2248 3342 Nuncio,
2263 3289 2308 3320 seu
2322 3290 2383 3322 De-

1349 3330 1425 3360 utatis
1439 3329 1510 3360 dieti
1526 3327 1765 3360 Reverendiffimi
1779 3326 1886 3364 Patris,
1903 3325 2101 3366 Archieptscopi
2109 3347 2119 3362 ,
2145 3336 2198 3364 pro
2212 3327 2330 3368 hobis,
2349 3331 2384 3362 ὃς

1327 3340 1464 3398 i'xlomine
1480 3368 1599 3405 nostro,
1616 3365 1790 3402 Petendum,
1809 3364 2023 3401 stipulandum,
2041 3364 2074 3394 &
2094 3363 2324 3406 Recipiendum‚

1362 3404 1401 3435 Et
1414 3405 1580 3442 generaliter
1593 3405 1692 3435 omnia
1712 3403 1764 3434 alin
1782 3403 1816 3433 δε
1835 3402 1939 3440 singula
1947 3401 2138 3440 Faciendum,
2157 3403 2384 3445 Gerendum,&

1328 3442 1543 3481 Exercendum,
1560 3452 1625 3481 quae
1638 3443 1668 3472 in
1681 3440 1831 3472 Praerniffis
1845 3441 1891 3470 vel
1902 3441 1978 3470 circa
1994 3450 2028 3471 ea
2047 3440 2094 3471 seu
2110 3442 2204 3480 aliquo
2220 3443 2386 3476 Praemiffo-

1328 3491 1392 3512 rum
1412 3481 1560 3512 necessaria
1578 3481 1679 3511 fuerint
1689 3480 1734 3510 seu
1742 3478 1963 3518 quomodolibet
1974 3487 2129 3518 oportuna,
2146 3482 2180 3512 &
2191 3491 2255 3519 quae
2271 3484 2386 3522 qualitas

1329 3521 1362 3551 &
1376 3528 1472 3550 natura
1485 3518 1645 3556 hujufinodi
1662 3517 1788 3555 Negotii
1809 3518 1924 3556 exigunt
1943 3517 1977 3547 &
1995 3527 2008 3547 1
2044 3518 2153 3556 uirunt,
2171 3521 2204 3552 &
2223 3531 2287 3559 quae
2302 3521 2382 3552 Nos-

1329 3558 1437 3596 metipsi
1447 3557 1538 3588 Facere
1552 3557 1693 3595 possemus
1707 3557 1726 3587 si
1733 3555 1908 3594 personaliter
1921 3556 2011 3586 intere
2037 3559 2250 3595 emus,etiamfi
2262 3559 2323 3591 talia
2335 3560 2383 3590 fo-

1328 3604 1390 3628 rent
1407 3606 1469 3634 quae
1485 3595 1659 3626 Mandatum
1674 3596 1783 3634 exigent
1798 3593 2003 3632 quantumlibet
2013 3594 2148 3635 speciale,

1367 3634 1494 3665 Nostros
1506 3634 1648 3673 legitimos
1665 3634 1699 3665 ὅ(
1716 3632 1890 3664 indubitatos
1907 3631 2122 3673 Procuratores,
2147 3634 2382 3675 Commiffarios,

1328 3670 1506 3710 Deputatos,
1521 3674 1555 3704 δε
1574 3671 1713 3703 Nuncios
1725 3671 1853 3709 speciales
1871 3670 2021 3710 Fecimus,
2045 3671 2228 3711 Crenvimus,
2247 3674 2282 3704 &
2299 3672 2378 3705 Con·

1327 3709 1482 3749 stituimus,
1499 3710 1644 3749 Facimus,
1662 3709 1817 3746 creamus,
1837 3711 1871 3741 δε
1888 3708 2097 3742 Censtituimus
2110 3721 2160 3749 per
2171 3710 2337 3751 praestatae,

1369 3749 1586 3787 Promittentes,
1605 3748 1682 3779 bona
1695 3748 1766 3778 Fide
1788 3749 1821 3780 &
1844 3749 1874 3778 in
1905 3747 2003 3778 Verbo
2021 3748 2141 3787 Regio,
2165 3748 2234 3779 Nos
2255 3748 2326 3781 Rata
2347 3753 2382 3784 &

1328 3788 1417 3819 Grata
1431 3789 1570 3825 perpetuo
1582 3787 1726 3818 habituros
1738 3794 1832 3817 totum
1847 3788 1881 3818 ὃς
1895 3786 2010 3824 quiquid
2032 3797 2082 3825 per
2101 3786 2196 3817 ἀίᾶος
2214 3789 2382 3826 Hertongum

1327 3828 1362 3857 ὃ(
1382 3826 1576 3864 Willielmum,
1599 3825 1817 3863 Procuratores,
1843 3824 2019 3863 Deputatos,
2048 3825 2084 3855 &
2101 3824 2235 3855 Nuncios
2254 3826 2382 3868 nostros,

1325 3866 1371 3896 seu
1386 3874 1486 3897 eorum
1503 3864 1619 3895 alterum
1627 3886 1638 3902 ‚
1652 3864 1681 3893 in
1695 3863 1750 3894 hac
1763 3872 1839 3902 parte
1861 3864 1959 3894 acrum
1994 3862 2124 3902 gestum,
2139 3862 2185 3893 seu
2196 3873 2382 3901 procuratum

1325 3903 1409 3973 futirnit
1427 3904 1458 3933 in
1479 3901 1647 3972 mescmiffis'
1664 3903 1698 3934 ὃς
1713 3901 1828 3939 finguh's
1841 3901 1905 3933 Prae
1940 3903 1945 3907 '
1969 3910 2060 3931 orum.

1414 3952 1450 3972 cu
1462 3952 1492 3971 us
1560 3950 1589 3971 c.

1324 4018 1353 4052 d.
1384 3951 1486 4051 Mseike
1498 3964 1581 4019 ’Rege
1598 3979 1672 4018 apud
1685 3978 1809 4020 Castrum
1816 3977 1899 4019 situm
1913 3977 1946 4008 de
1968 3975 2145 4017 Wnkfire,
2162 3976 2278 4010 decimo
2298 3991 2380 4014 nono

1345 4029 1371 4053 re
1422 4027 1467 4052 au.
1607 4028 1611 4029 ⁷

2073 4055 2126 4084 Per
2137 4053 2220 4094 Μαι
2237 4059 2342 4095 Regem.

2315 4097 2375 4129 Pro

2427 1568 2493 1597 lbid.

2406 1616 2442 1638 m.
2470 1616 2514 1643 ¹5.

2414 3259 2490 3289 *X-

2427 3309 2494 3336 771·
