2555 4266
199 154 278 193 118

631 140 1444 190 CONVENTIONES,

1500 136 1892 187 LITERAE,

45 236 125 268 Ann.
141 234 184 266 D.
199 238 382 275 Provinciae,
398 244 446 267 aut
460 234 525 266 alibi
539 235 570 265 in
583 233 713 265 Personis
725 234 760 265 &
774 233 879 273 Rebus
893 233 1086 272 Anglieorum
1107 230 1274 271 quomodo-
1308 227 1414 259 tudinis
1428 226 1565 264 longaeve
1579 225 1613 257 &
1628 224 1778 263 prospere,
1795 233 1880 263 prout
1892 235 1945 256 eor
1956 225 2038 257 fiium
2061 226 2152 267 regale
2173 224 2325 264 defiderat,
2341 219 2377 257 ad

67 276 152 311 1482.

44 316 160 349 Σάι-..1,-

62 1805 78 1822 ⁰
97 1805 168 1832 XII.

67 1851 129 1878 ¹50·

198 277 267 307 libet
283 276 454 307 Executioni
466 272 640 305 demandari.

238 315 366 352 ITEM,
385 313 594 350 Convenmm,
612 310 851 348 Concordatum,
871 310 904 341 ὃ(
926 307 1106 341 Conclusum
1125 307 1167 339 est
1190 307 1271 346 quod

200 354 358 391 Oratores,
376 351 590 386 Commiflarii,
608 351 642 381 &
657 349 860 381 Procuratores
873 349 953 379 diffie
974 350 1127 378 Provincia
1147 347 1180 377 de
1203 349 1272 377 Gui-

193 392 310 432 pufioa,
328 394 397 421 citra
413 389 530 421 Festum
548 389 717 421 Nativitatis
739 388 867 419 Domini
886 388 1023 425 proximo
1039 387 1184 423 futurum,
1202 395 1270 423 pto-

199 432 340 461 curabunt
363 430 397 461 δε
419 429 594 467 optinebunt
614 428 714 458 omnia
737 427 771 457 &
788 427 893 466 singula
917 425 1080 462 Piaemisn,
1098 435 1147 463 per
1165 424 1271 454 Literas

199 468 452 499 Sereniffimorum
465 468 635 504 Principum
649 469 825 496 Dominarum
838 467 916 502 Regis
938 463 977 499 ὠ
996 467 1104 502 Reginae
1115 503 1120 506 ⁵
1130 462 1271 502 castelle,

201 506 262 541 &a
287 516 321 537 ac
344 507 433 537 dietae
453 509 606 537 Provinciae
627 505 660 535 de
683 505 831 544 Guipuscoa
854 504 1034 541 Approbari‚
1053 500 1272 543 Ratifioeri,-&

200 544 394 583 Confirmari,
413 555 446 576 ac
458 545 527 584 ipsas
543 544 665 581 Literas,
681 553 784 573 eorum
798 543 821 573 ix
893 544 913 572 is
930 542 1030 581 Sigillis
1042 539 1184 579 sigillatas,
1201 546 1273 568 citra

199 583 320 615 Festum
346 584 518 623 praediecum
572 582 607 612 ad
628 581 849 613 Illustriffimum
874 583 1020 610 Dominum
1041 581 1137 616 Regem
1158 575 1273 613 Angliae

200 623 407 661 transmittent,
424 623 458 654 &
481 623 506 653 ei
531 604 707 659 fiberabunt3
727 621 831 659 quibus
852 618 1012 650 transmiffis
1027 617 1197 648 &liberatis
1210 617 1271 644 Do-

202 665 289 691 minus
303 665 365 692 Rex
380 660 493 699 Angliae
504 660 562 691 suas
577 660 684 691 Literas
697 659 865 690 conformes
879 658 913 688 &
925 655 1105 700 consimiles,
1120 664 1175 699 pro
1187 654 1271 685 Parte

202 701 265 737 sua,
284 700 342 731 fine
359 701 490 731 dilatione
505 701 551 730 seu
565 698 730 729 difficultate
743 697 854 735 aliqua,
873 696 951 726 dabit
966 696 999 726 &
1013 694 1151 724 liberabit.

243 741 316 769 ΘΜ
327 743 418 769 omnia
433 737 471 774 ό·
481 737 591 778 singula
603 737 696 768 dictos
707 740 838 766 Dominus
850 734 951 774 nostros
961 744 995 764 ac
1010 742 1112 763 omnes
1129 732 1162 762 &
1177 730 1271 774 fingu-

202 768 344 808 Ῑοῖᾟίέῐι
364 781 517 808 Provinciae
536 777 646 807 [ncolas
669 776 703 805 &
719 774 925 816 Inhabitatores
936 795 945 810 ,
963 780 1099 810 quatenus
1112 770 1184 809 ipsos
1197 768 1273 805 ipso-

202 825 308 848 rumve
327 817 450 855 aliquem
470 823 665 850 concernunt,
689 812 773 850 plene
795 813 829 843 &
850 810 969 841 fideliter
989 809 1203 844 observaturos,
1217 807 1272 850 *fa-

203 855 319 894 ἂιποε,
332 857 366 888 &
382 855 596 894 perimpleturos
606 875 616 890 ,
633 853 668 882 &
687 853 716 880 in
732 852 909 881 contrarium
923 859 983 879 non
998 857 1134 879 venturos
1149 844 1273 875 Pollice-

203 903 270 925 mur
284 895 465 932 Spondemus
485 894 518 924 &
541 891 740 922 Promittimus
760 889 830 919 Nos
853 888 1041 928 Sebastianus,
1083 885 1220 929 oharrriex,
1238 885 1272 915 &

203 936 349 1002 &Martinus
363 933 516 969 Oratores,
534 927 747 964 Commiffan'i,
765 927 981 964 Procuratorffl,
1000 926 1033 956 &
1092 933 1171 955 uncu
1193 931 1273 954 ante-

234 972 283 1003 ἑὶί.

205 1071 378 1115 Sequuntur
411 1068 535 1100 Tenores
570 1065 748 1097 Literarum
782 1057 1037 1104 Sereniffimorum
1068 1059 1274 1092 Dominarum

255 1117 356 1164 Regis
378 1118 411 1149 &
431 1114 565 1161 Reginae
585 1109 730 1146 Castellae
744 1123 799 1153 ,ac
814 1109 994 1144 Provinciae
1015 1106 1272 1154 deGuipuscoa,

245 1176 301 1212 per
317 1178 366 1198 me
387 1162 596 1198 Sebastianum
617 1159 656 1194 de
677 1158 830 1193 Olacabal
853 1157 1059 1199 anteditlum,
1085 1155 1122 1189 de
1148 1157 1275 1203 vulgari

214 1228 217 1231 ¹
251 1212 345 1258 nostro
363 1214 514 1260 lspauz‘co,
540 1214 571 1242 in
590 1212 739 1242 Latinum
746 1207 881 1253 fideliter
897 1206 1150 1251 Trasglhtarum,
1167 1218 1275 1238 necnon

249 1266 348 1297 ‘senor
375 1265 551 1295 Literarum
579 1256 757 1301 Seremffimi
779 1259 907 1291 Domini
933 1254 1037 1302 Regis
1062 1253 1211 1301 Anghae,
1237 1258 1274 1294 &-

246 1313 322 1360 fimt
340 1311 434 1352 tales,

248 1406 545 1437 SERENISSIME
566 1402 670 1441 Rex,
684 1400 780 1432 noster
793 1398 932 1431 cariffime
945 1399 980 1431 δε
994 1394 1278 1430 amantiffimeCon-

207 1446 374 1482 sanguinee,
393 1446 453 1473 Rex
468 1440 591 1481 Castellae
609 1440 648 1477 &
666 1445 846 1479 Aragommi,
863 1436 1068 1483 legionem&
1084 1435 1197 1474 Sicilie,
1217 1435 1277 1472 &a

206 1485 334 1516 Salutem
358 1481 595 1520 quamplurimam
621 1480 704 1511 vobis
726 1480 884 1516 mittimus,
901 1478 972 1508 ficut
994 1487 1021 1508 ei
1043 1486 1130 1515 quern
1155 1476 1281 1506 multum

209 1532 334 1554 amamus
350 1522 384 1552 δε
398 1521 572 1559 preciamus,
591 1519 625 1550 &
643 1528 696 1558 pro
716 1528 776 1557 quo
799 1517 935 1548 vellemus
959 1524 1066 1547 tantam
1089 1515 1282 1552 Felicitatem,

209 1561 364 1593 Honorem
375 1583 384 1598 ‚
403 1560 436 1590 &
449 1558 577 1589 Salutem
594 1567 728 1595 quantam
742 1565 797 1595 pro
811 1555 969 1586 Nobismet
983 1554 1044 1593 ipso
1061 1553 1258 1584 defideramus.

249 1601 542 1632 Sanemssima
561 1595 663 1634 Rex,

247 1639 399 1669 Novimus
417 1646 433 1666 a
451 1635 702 1666 Gubernatoribus
717 1636 871 1664 Provinciae
885 1635 1046 1671 Guipuzcoae
1088 1641 1157 1663 cum
1179 1639 1282 1669 quanta

211 1676 407 1710 Benivolentia
426 1684 476 1706 eos
496 1674 619 1705 transtatis
643 1675 677 1705 &
699 1672 864 1704 nauavistis
879 1694 889 1710 ‚
917 1672 1005 1709 recipi
1061 1681 1082 1702 o
1106 1680 1160 1710 pro
1182 1671 1221 1700 eis
1249 1669 1282 1700 δι’.

213 1717 316 1748 Rebus
330 1715 398 1753 suis,
415 1714 450 1745 &
463 1712 624 1743 mandando
641 1712 783 1752 provideri
799 1712 837 1741 eis
852 1710 887 1741 de
903 1709 1079 1741 victualibus
1093 1711 1128 1742 &
1142 1709 1200 1740 aliis
1221 1707 1284 1738 Re-

211 1757 265 1788 bus
278 1754 382 1786 eisdem
395 1751 568 1790 necessariis,
586 1761 655 1781 cum
671 1751 837 1781 eodemmet
850 1758 950 1780 amore
957 1748 1229 1787 cupimus,quando
1237 1757 1286 1777 ca-

211 1795 255 1826 sus
268 1793 410 1828 evenerit,
429 1791 546 1822 tranare
561 1800 602 1821 res
614 1788 735 1829 vestras,
750 1799 805 1827 pro
820 1787 965 1819 reddendo
980 1788 999 1806 ⁸
1013 1786 1142 1818 debiturn
1170 1787 1284 1818 Amici-

214 1835 263 1866 tiae
275 1834 310 1864 ὅ(
325 1829 589 1862 Confoederationis
598 1853 608 1867 ,
624 1839 690 1867 quae
704 1830 777 1859 inter
790 1827 852 1858 Vos
864 1828 897 1858 &
917 1826 987 1857 Nos
1000 1825 1075 1857 stant
1088 1826 1208 1864 fituatae,
1228 1835 1282 1864 pro

213 1882 274 1910 quo
288 1871 382 1902 sumus
393 1869 480 1907 parati
493 1868 619 1906 semper,
638 1868 672 1899 &
685 1866 932 1906 quandocumque
944 1865 979 1895 ad
1000 1864 1070 1896 Nos
1094 1866 1264 1896 recurrerint
1273 1888 1284 1904 ,

214 1912 249 1944 δε
262 1909 343 1949 quod
362 1910 391 1939 in
407 1907 543 1939 omnibus
557 1906 678 1937 servetur
693 1906 829 1937 Amicitia
842 1915 907 1944 quae
925 1904 967 1935 est
978 1905 1050 1935 inter
1069 1903 1130 1934 Vos
1151 1905 1185 1937 &
1206 1903 1286 1943 Nos,

213 1960 265 1989 per
281 1948 453 1986 Domenjon
474 1945 644 1984 Gonmlez,
660 1945 795 1976 Nomine
817 1943 965 1983 praedic'tae
983 1943 1166 1982 Provinciae,
1185 1942 1287 1973 Nobis

214 1988 403 2028 supplicatum
419 1986 509 2015 exntit
521 1984 622 2015 demus
641 1984 802 2015 Licentiam
819 1983 963 2020 praediffis
975 1982 1013 2012 de
1031 1981 1109 2013 dicta
1130 1981 1287 2013 Provincia

215 2029 251 2057 ad
265 2025 423 2057 situaudum
439 2025 472 2055 &
486 2022 696 2061 capitulandum
711 2032 801 2054 certas
815 2022 876 2053 Res
892 2030 1100 2053 concernentes
1120 2020 1234 2052 Bonum
1254 2021 1288 2052 &

215 2065 385 2098 Proficuum
410 2062 570 2093 vestroruin
588 2062 777 2092 Subditorum
797 2062 830 2092 ὅ(
849 2060 1012 2091 nostrorum
1027 2083 1038 2099 ‚
1067 2061 1102 2092 &
1120 2059 1156 2091 ad
1174 2059 1290 2090 conser-

215 2106 364 2136 vationem
383 2102 463 2132 Pacis
481 2103 514 2133 &
532 2101 694 2137 Amicitiae,
713 2101 801 2131 taliter
818 2099 897 2138 quod
915 2099 1086 2130 Tmfflntes
1104 2100 1188 2130 unius
1202 2099 1236 2130 &
1250 2098 1290 2129 al-

215 2145 301 2174 terius
320 2142 408 2173 Partis
425 2141 511 2171 secun‘
530 2139 633 2177 possint
651 2140 815 2177 ambulare,
833 2139 867 2170 &
887 2137 1089 2169 Malefaetores
1107 2137 1290 2177 castigentur,

216 2183 251 2213 ὃ(
271 2180 459 2212 Damnificati
477 2178 618 2217 sarssfiam,
635 2188 688 2216 pro
707 2179 811 2217 quibus
827 2177 897 2208 Nos
915 2178 950 2208 &
968 2175 1146 2208 Sereniffima
1164 2176 1288 2216 Regina,

217 2220 312 2252 nostra
324 2218 460 2250 carissima
475 2219 508 2249 δε
524 2217 711 2248 amantiffima
728 2216 832 2254 Uxor,
852 2217 1028 2254 providimus
1044 2217 1073 2246 in
1089 2225 1164 2247 certa
1177 2215 1287 2255 forma,

216 2259 375 2291 secundum
391 2256 473 2296 quod
489 2267 537 2294 per
552 2256 689 2287 Latorem
703 2255 888 2286 Praesentium
904 2256 989 2286 vobis
1001 2255 1122 2286 dicetur.

254 2297 381 2330 Proinde
395 2306 448 2327 vos
463 2304 595 2334 rogamus
608 2295 707 2334 quod,
723 2304 792 2325 cum
809 2294 908 2325 tndem
927 2294 1095 2325 Affeffione
1119 2295 1153 2326 δε
1174 2292 1289 2324 Volun-

216 2345 273 2368 tate
288 2359 298 2375 ,
319 2345 388 2367 cum
411 2345 465 2374 qua
485 2334 631 2372 hucusque
649 2333 755 2365 fecistis
777 2344 831 2372 pro
856 2332 942 2364 dietis
957 2333 994 2363 de
1017 2332 1094 2364 dicta
1117 2332 1290 2372 Provincia,

218 2386 290 2407 cum
304 2376 464 2406 eademi-net
480 2382 533 2403 vos
548 2373 671 2403 habeatis
684 2373 836 2411 deinceps,
854 2371 986 2402 habendo
1001 2381 1050 2402 eos
1067 2372 1129 2402 tam
1153 2373 1182 2402 in
1205 2373 1290 2410 pani-

218 2414 307 2446 culari
330 2415 417 2452 quam
439 2414 468 2443 in
483 2412 607 2448 generali
626 2411 779 2450 specialiter
793 2410 1063 2449 recommendatos,
1077 2410 1146 2441 ficut
1164 2411 1199 2442 &
1220 2410 1290 2442 Nos

219 2453 358 2484 faciemus
369 2461 437 2489 erga
452 2450 587 2480 Subditos
602 2450 710 2482 veihos
726 2452 760 2482 &
778 2449 840 2481 Res
858 2449 963 2480 vestras
987 2449 1219 2489 quandocunque
1243 2460 1291 2480 ca-

220 2491 265 2522 sus
279 2492 423 2528 evenerit,
441 2498 508 2519 nam
523 2488 663 2520 Voluntas
678 2489 773 2519 nostia
784 2489 826 2519 est
841 2488 922 2527 quod
935 2499 985 2527 ea,
1006 2499 1070 2527 quae
1085 2499 1134 2527 per
1156 2498 1221 2527 eos,
1237 2489 1290 2519 ser-

221 2539 290 2560 vato
305 2529 430 2560 Servitio
443 2527 541 2558 nostro
551 2550 560 2565 ,
578 2537 661 2559 erunt
674 2528 769 2558 situata
782 2528 816 2559 &
831 2527 994 2566 capitulata,
1012 2529 1088 2558 circa
1104 2527 1211 2558 diffitam
1235 2527 1291 2559 Pa-

222 2578 307 2605 cem,
333 2569 370 2598 ab
392 2568 429 2598 eis
445 2566 589 2597 serventur
615 2568 649 2598 &
672 2566 894 2604 adimpleantur,
911 2566 1071 2597 secundum
1093 2566 1174 2605 quod
1198 2568 1291 2597 verbis

221 2607 311 2638 locuti
328 2607 421 2636 sumus
435 2615 503 2635 curn
518 2603 646 2634 Arnoldo
659 2604 775 2643 Tnffill
788 2605 939 2642 Alumpno
952 2606 998 2635 seu
1015 2605 1158 2636 Servitore
1180 2605 1291 2645 vestro,

223 2646 258 2677 &
274 2645 354 2676 latius
368 2644 403 2674 de
418 2643 573 2674 voluntate
592 2643 689 2674 nostra
707 2643 767 2673 Vos
784 2643 952 2674 informabit
978 2643 1065 2674 Lator
1086 2643 1291 2682 Praesentium,

221 2693 311 2723 quem
333 2692 387 2721 pro
410 2691 447 2712 eo
467 2682 620 2719 mittimus,
639 2683 673 2712 &
696 2683 875 2712 oneravimus
902 2682 1000 2720 quod,
1018 2691 1053 2712 ex
1079 2691 1156 2719 parte
1177 2683 1293 2721 nostra,

224 2724 358 2761 loquatur
372 2722 476 2759 vobis,
495 2719 645 2759 Rogamus
663 2719 723 2750 Vos
742 2720 822 2758 quod
837 2719 930 2750 eidem
949 2719 1017 2749 fides
1030 2719 1202 2750 adhibeatur.

264 2759 426 2798 Serenifflme
438 2762 500 2789 Rex
509 2781 518 2797 ‚
531 2758 626 2789 noster
639 2758 790 2789 Cariffime
808 2759 841 2789 &
856 2758 1058 2790 Amantiffime
1066 2758 1295 2798 Consanguinee,

226 2799 330 2831 saneta
344 2799 469 2830 Trinitas
482 2797 514 2829 sit
529 2797 620 2829 vestra
636 2799 772 2830 continua
788 2797 948 2830 Protectio.

264 2883 333 2915 Dat.
351 2881 532 2913 Barchinonae
551 2882 669 2913 decimo
692 2882 770 2914 sexto
794 2882 989 2923 Septembris,
1008 2883 1097 2914 Anno
1122 2882 1299 2922 Mfflefimo,

229 2921 537 2963 Quadringentesimo,
554 2921 745 2960 octogesimo
758 2923 864 2961 primo.

963 3007 999 3041 E.
1025 3006 1141 3041 REX.

271 3094 408 3136 Ceffiffime
421 3105 452 3124 ac
466 3096 488 3124 C
488 3091 612 3132 lariffime
625 3106 657 3123 ac
671 3094 851 3133 Potentiffime
866 3096 1006 3134 Princeps,
1025 3097 1104 3132 Rex,
1122 3094 1162 3130 ὠ·
1175 3099 1302 3135 Domine,

232 3134 352 3164 humiles
367 3134 521 3165 Servitores
541 3129 720 3163 Celsinidinis
732 3140 850 3171 veitrae‚
869 3136 1059 3164 Procuratom
1072 3133 1111 3168 ό·
1132 3135 1302 3165 Gubernato-

233 3183 274 3203 rex
291 3172 383 3203 nobisis
399 3171 437 3207 ώ-
452 3170 544 3209 legalis
559 3173 709 3201 Provinciae
722 3174 900 3211 Guipuzxoae,
919 3175 967 3210 qui
981 3172 1087 3204 stamus
1104 3173 1253 3204 coadunati
1272 3176 1301 3204 in

233 3212 354 3250 Juncsta,
374 3213 402 3241 in
428 3211 496 3241 loco
520 3209 628 3240 assueto
647 3210 684 3240 de
705 3209 873 3249 Ussarraga,
888 3221 958 3241 cum
978 3211 1137 3241 humillima
1156 3222 1189 3242 ac
1207 3212 1302 3243 debita

237 3251 427 3287 Reverentia,
453 3248 557 3292 vestras
578 3248 681 3287 Regias
702 3248 807 3280 Manus
829 3250 1006 3287 osculamur,
1030 3259 1064 3280 ac
1086 3249 1189 3280 vestrae
1211 3250 1303 3282 Celsae

238 3287 442 3318 Dominationi
456 3287 526 3318 Nos
540 3287 778 3317 commendamus
787 3311 796 3325 ,

278 3326 336 3356 Cui
350 3328 416 3357 scire
432 3326 539 3363 placeat
556 3326 638 3363 quod
652 3326 686 3355 ad
702 3324 909 3356 Celsitudinem
927 3325 1049 3356 vestram
1062 3326 1201 3357 mittimus
1223 3328 1306 3357 seba-

232 3362 355 3403 stianum
369 3364 400 3393 de
415 3363 549 3394 Olacabal
561 3364 731 3395 Bacalarium
751 3364 953 3395 Praesidentem
969 3363 1099 3394 nostrum
1110 3388 1119 3400 ,
1138 3366 1171 3395 δὲ
1194 3366 1307 3403 Johan·

239 3414 299 3432 nem
313 3403 343 3431 de
361 3405 486 3441 Ayuner,
506 3404 539 3434 δε
555 3406 712 3433 ΆῙινῖὲηιυη
726 3404 803 3432 Petri
823 3403 856 3432 de
877 3402 1062 3442 Percastegni,
1087 3402 1126 3438 ὄσ·
1145 3403 1306 3441 Johannem

242 3444 364 3470 Antonii
378 3442 410 3469 de
424 3443 632 3480 Guihzaeegmus,
651 3442 759 3472 Fratres
772 3441 903 3479 nostrOS,
922 3452 974 3479 pro
988 3442 1125 3479 aliquibus
1139 3443 1222 3473 rebus
1233 3452 1307 3472 con-

242 3479 410 3509 decentibus
424 3479 544 3510 Servitio
559 3480 634 3518 Dei,
653 3481 685 3511 δε
706 3479 794 3519 Regis
808 3482 841 3511 δε
857 3479 993 3518 Reginae,
1012 3479 1178 3510 nostrorum
1200 3480 1307 3511 Domi-

242 3526 366 3561 norum,
383 3526 416 3547 ac
429 3516 608 3562 Celiitudinis
625 3518 725 3550 vestrae
735 3542 745 3556 ‚
761 3520 794 3562 ὅ(
810 3517 1029 3549 Conservatioui
1045 3520 1173 3556 priorum
1199 3519 1307 3550 Intelli-

241 3565 420 3601 gentiarum,
435 3556 467 3585 δί
485 3556 585 3591 Quieti
600 3558 632 3587 δε
649 3558 791 3587 amicabili
807 3556 1011 3588 contractioni
1033 3558 1067 3588 δί
1091 3556 1307 3588 Conversationi

243 3594 468 3638 mter-Subditos
486 3593 662 3626 Celsitudinis
675 3596 796 3634 vestrae,
815 3598 848 3627 δε
860 3597 933 3626 inter
950 3595 1119 3626 Habitant&
1131 3596 1208 3626 istius
1223 3597 1309 3627 dic'tae

243 3632 424 3677 Provinciae,
442 3633 618 3675 praecedente
632 3634 779 3673 Licentia,
797 3644 850 3673 pro
866 3635 924 3666 hoc
938 3635 972 3667 &
984 3634 1040 3666 aliis
1055 3635 1159 3673 Nobis,
1175 3645 1226 3673 per
1239 3633 1310 3666 Cel-

246 3671 379 3702 situdines
392 3671 450 3701 suas
462 3669 561 3700 Nobis
574 3672 715 3703 concessa.

287 3709 325 3739 Et
346 3709 444 3748 quod,
468 3709 646 3747 Potentiffime
668 3713 801 3750 Domine,
827 3713 902 3742 circa
921 3711 986 3742 haec
1006 3712 1040 3743 &
1062 3710 1133 3748 alia,
1159 3711 1311 3742 habuimus

250 3745 391 3778 Prafficas
403 3747 507 3791 vestras
522 3756 591 3777 cum
606 3750 746 3790 Berpardo
761 3750 794 3779 de
810 3749 839 3779 Ia
859 3750 956 3790 Forfi,
975 3752 1010 3782 ὅ(
1031 3749 1162 3780 Amaldo
1185 3749 1312 3789 Dwfflll,

252 3785 285 3815 δί
299 3787 380 3823 quod
397 3795 496 3817 omnia
508 3785 571 3815 haec
585 3785 618 3815 &
633 3785 687 3828 aha
700 3788 827 3825 praediciti
844 3789 933 3819 nostri
946 3789 980 3819 N
983 3789 1061 3820 uncii
1075 3786 1242 3818 Celfitudini
1263 3799 1313 3819 ve-

253 3822 318 3852 strae
339 3825 534 3862 esplanabunt‚
554 3833 613 3853 non
634 3823 753 3854 facimus
774 3827 860 3857 verba
882 3828 997 3865 latiora,
1011 3827 1088 3859 salvo
1110 3827 1189 3865 quod
1212 3826 1315 3866 Regali

253 3861 353 3891 vestrae
373 3862 524 3905 Magestati
536 3861 721 3899 supplicamus
737 3863 841 3893 eisdem
868 3865 970 3896 Fidem
993 3865 1118 3896 adhiberi
1135 3866 1261 3904 placeat,
1280 3867 1315 3897 &

256 3899 1010 3978 &cessassem
1020 3905 1317 3974 mesu

258 3971 400 4009 supremis
415 3975 571 4015 Placitum,
588 3977 621 4007 <Sc
638 3975 738 4007 Nobis
749 3978 900 4007 maximam
917 3952 1095 4012 Mergedetg.

297 4012 456 4050 Seren-ffime
471 4026 502 4043 ac
516 4014 696 4053 Potentiffime
708 4018 848 4054 Princeps,
865 4018 942 4056 Rex,
961 4018 999 4052 &-
1018 4022 1152 4057 Domiue,
1172 4019 1320 4057 Omnipo—

261 4055 323 4080 tens
338 4050 484 4083 consen‘et
497 4052 531 4085 &
543 4052 656 4085 arrestat
670 4053 765 4086 Vitam
780 4054 814 4086 &
829 4054 941 4087 Statum
956 4056 1099 4096 Regalein
1112 4057 1215 4091 vestrae
1231 4057 1321 4091 Cem-

1310 266 1449 297 Sanaeffum
1462 265 1618 296 Servitium
1636 263 1729 294 suum.

2411 263 2499 301 1482.
2529 268 2555 296 vl

1347 305 1387 336 Et
1399 303 1495 335 nostra
1509 302 1746 341 Congregatione
1757 300 1794 331 de
1800 298 1949 339 Uffarraga
1960 303 2025 340 xxiij
2038 303 2193 342 Οᾶοἱπίς,
2202 303 2281 335 Anni
2294 303 2376 340 lxxxi.
2386 302 2453 330 Ebu.
2470 311 2499 337 4,
2516 319 2520 322 >
2552 341 2555 348 Ι

1309 352 1341 374 ut
1361 342 1548 374 Praesentibus
1571 341 1655 372 Fides
1673 340 1855 377 adhibeatur,
1869 339 1978 369 easdem
1997 343 2103 371 muniri
2123 343 2319 373 mandavimus
2341 342 2376 372 &

1308 380 1549 460 ἓῗῖτὲιῗυὲἓιέο
1569 379 1686 418 nostro,
1701 389 1735 410 ac
1746 377 1958 415 Subscnptione
1975 377 2067 409 nostri
2080 379 2167 411 fidelis
2180 381 2291 413 Scribae
2305 390 2378 420 piae-

1984 491 2238 534 DoMEnJon.

1350 575 1490 613 Dompnus
1509 573 1685 612 Femandus,
1702 573 1735 604 &
1758 575 1885 611 Dompna
1905 569 2013 611 Ifizbel,
2043 569 2100 602 Dei
2122 571 2233 611 gratia,
2255 575 2314 604 Rex
2336 574 2378 611 ό·

1311 613 1415 649 Regina
1435 612 1576 652 Castellae,
1597 615 1724 650 Legionis
1734 634 1744 649 ,
1771 613 1938 649 Aragoniae,
1961 609 2074 647 Sicilie,
2097 609 2201 648 Tbleti,
2228 610 2377 653 Valentia,

1310 650 1456 690 Gallicae,
1473 651 1506 681 de
1522 650 1690 687 Mallorcas,
1708 649 1832 687 Siviliae,
1846 650 1880 680 de
1895 649 2034 687 Cerdena,
2054 649 2086 678 de
2105 648 2248 688 Cardena,
2265 650 2298 679 de
2312 655 2377 681 Cor-

1310 689 1443 766 {aas
1455 687 1789 759 &naseins-‘a
1799 686 2381 766 38555752525035553522*33

1311 767 1346 797 &
1359 766 1393 796 de
1405 766 1533 805 Melina,
1548 766 1648 797 Duces
1665 766 1697 795 de
1709 769 1822 795 Atenas
1834 766 1867 797 &
1882 765 1915 795 de
1930 767 2105 804 Neapatria,
2120 764 2254 797 Comites
2267 765 2300 795 de
2314 767 2383 796 Ros-

1307 803 1382 842 stelen
1395 806 1430 836 &
1443 805 1476 834 de
1491 806 1626 835 Cerdania
1636 828 1646 843 ,
1666 804 1850 835 Marchionoe
1864 804 1896 834 de
1909 804 2041 845 Orestayn
2053 805 2088 835 &
2101 804 2134 834 de
2145 806 2281 842 Gociano,
2298 805 2383 836 vobis

1309 842 1426 881 Junstae
1441 845 1475 875 &
1488 843 1727 874 Procuratoribus
1739 842 1949 874 scutiferorum
1975 844 2009 875 &
2029 842 2169 873 nobilium
2191 842 2329 874 Viuamm
2347 845 2383 876 &

1313 881 1469 926 Locorum
1485 881 1586 913 vestrae
1600 881 1701 912 nobilis
1715 883 1750 914 ὅ(
1765 881 1854 913 fidelis
1876 883 2030 912 Provincia
2042 882 2192 922 σύρει-[ἔοι
2207 882 2333 913 Salutem
2349 884 2384 915 δε

1364 930 1442 951 nam.

1312 929 1451 990 graSciatis
1465 959 1547 998 quod
1561 958 1685 990 vidimus
1696 957 1822 990 vestram
1834 957 2008 990 Petitionem
2018 982 2028 998 ,
2045 969 2131 998 quam
2147 969 2216 990 cum
2230 959 2386 998 Domenjon

1314 998 1453 1028 Goncalez
1467 999 1500 1028 de
1514 999 1631 1037 Audia,
1650 996 1784 1028 nostrum
1797 995 1926 1027 Scribam
1940 996 2053 1028 fidelem
2066 998 2150 1036 ipslus
2161 999 2247 1030 dictae
2259 998 2385 1029 Provin-

1313 1038 1387 1076 ciac,
1406 1039 1440 1070 &
1460 1036 1622 1068 Bachalario
1642 1038 1725 1066 Petro
1746 1035 1779 1065 de
1797 1037 1940 1074 Vama,
1966 1035 2001 1066 &
2023 1032 2159 1075 Johanne
2183 1037 2327 1067 Michaelis
2351 1038 2383 1067 de

1315 1079 1436 1116 Cacayo,
1454 1077 1487 1108 &
1504 1079 1577 1106 Ocoa
1591 1076 1624 1106 de
1639 1077 1773 1112 Vergora,
1789 1073 1890 1104 Nobis
1905 1073 2034 1114 misistis,
2051 1074 2194 1115 sigillatam
2204 1086 2274 1107 cum
2287 1076 2385 1108 vestro

1315 1114 1414 1154 Sigillo
1424 1138 1434 1154 ,
1452 1116 1486 1147 ὅ(
1500 1114 1637 1155 signatam
1651 1113 1688 1144 de
1701 1116 1815 1143 Martia
1829 1116 1924 1152 Lopez.

1354 1155 1373 1173 ⁴
1391 1153 1448 1185 Per
1463 1164 1549 1192 quam
1567 1153 1669 1184 Nobis
1685 1152 1814 1183 retulistis
1827 1136 1932 1190 quod,
1943 1151 2071 1183 Ratione
2085 1152 2119 1184 &
2137 1151 2232 1183 Causa
2248 1152 2384 1186 Affenssis
2394 1145 2414 1165 ⁸
2434 1146 2501 1176 ΧΠ·

1316 1192 1417 1231 Pacis,
1435 1202 1522 1230 quam
1541 1194 1602 1223 Rex
1622 1194 1758 1222 Hernicus
1778 1190 1875 1221 Frater
1891 1190 1987 1221 noster
2000 1214 2010 1230 ,
2038 1193 2086 1235 qui
2101 1191 2235 1222 Sandam
2247 1191 2383 1225 Gloriam
2397 1195 2458 1222 ¹5¹-

1316 1231 1472 1270 poss‘idfflt,
1492 1232 1560 1262 fecit
1574 1240 1644 1262 cum
1656 1232 1725 1268 Rege
1744 1229 1859 1267 Angliae
1873 1252 1883 1266 ‚
1904 1229 2004 1261 nost-ro
2019 1228 2174 1261 Canffimo
2190 1230 2223 1261 &
2241 1229 2385 1264 Amantis-

1317 1270 1390 1301 fimo
1404 1270 1628 1309 Consanguineo
1646 1292 1656 1307 ,
1681 1269 1772 1299 dicitis
1791 1268 1872 1306 quod
1885 1268 1992 1300 fecistis
2006 1279 2075 1300 cum
2089 1268 2170 1299 dicto
2185 1271 2255 1306 Rege
2271 1270 2385 1309 Angliae

1318 1318 1431 1340 certum
1453 1308 1604 1340 Assensum
1619 1307 1700 1339 Pacis
1715 1329 1725 1346 ,
1739 1306 1775 1338 ad
1788 1306 1847 1338 hoc
1862 1304 1941 1346 quod
1958 1307 2130 1339 Tractantes
2143 1308 2286 1346 utriusque
2298 1308 2389 1342 Partis

1318 1347 1425 1386 poffint
1445 1349 1590 1379 ambulare
1611 1347 1645 1379 δὲ
1667 1346 1816 1377 ambulent
1831 1346 1938 1385 securi,
1956 1348 1990 1378 &
2004 1345 2086 1385 quod
2101 1346 2254 1385 Dampna,
2272 1357 2337 1385 quae
2351 1358 2388 1379 ex

1319 1397 1375 1417 una
1393 1386 1477 1417 Parte
1493 1385 1570 1417 alteri
1585 1409 1595 1425 ,
1620 1387 1654 1418 ὃς
1671 1394 1706 1416 ex
1717 1385 1800 1416 altera
1816 1385 1894 1415 alteri
1907 1385 2020 1417 fuissent
2033 1385 2125 1423 faeta,
2140 1385 2230 1416 effent
2243 1385 2389 1418 Satisi‘aCta

1323 1427 1356 1457 δε
1372 1425 1488 1464 Soluta,
1506 1427 1540 1457 ὃς
1564 1425 1645 1464 qu'od
1666 1433 1744 1455 nunc
1763 1423 1801 1454 de
1817 1433 1898 1455 novo
1916 1425 2023 1455 velletis
2037 1426 2129 1456 facere
2143 1424 2269 1455 eundem
2282 1424 2387 1457 Affeu-

1321 1465 1385 1495 sum
1401 1488 1411 1503 ,
1434 1465 1468 1496 δί
1492 1474 1546 1503 pro
1569 1472 1606 1495 eo
1623 1463 1725 1495 Nobis
1746 1462 1857 1493 misistis
1874 1463 2030 1501 supplicare
2052 1462 2134 1502 quod
2148 1463 2272 1501 placeret
2284 1463 2386 1495 Nobis

1321 1503 1388 1534 dare
1404 1503 1532 1534 nostram
1546 1503 1708 1534 Licentiam
1722 1501 1757 1532 ad
1771 1502 1954 1541 hoc,quod,
1970 1502 2078 1533 servato
2089 1503 2120 1531 in
2133 1502 2269 1533 omnibus
2282 1502 2387 1533 nostro

1322 1542 1446 1574 Servitio
1459 1565 1469 1580 ,
1494 1542 1602 1582 poffitis
1620 1541 1713 1572 facere
1726 1539 1851 1572 vestram
1865 1540 2133 1572 Contradhtionem
2153 1541 2188 1571 &
2200 1539 2390 1578 capitulatio-

1323 1590 1393 1611 nem
1414 1590 1483 1612 cum
1502 1581 1583 1612 diCto
1602 1583 1672 1618 Rege
1696 1579 1811 1617 Angliae
1823 1604 1834 1618 ,
1851 1579 1897 1610 vel
1912 1589 1981 1610 cum
1997 1579 2246 1610 Ambaxiatoribus
2257 1578 2326 1618 suis,
2342 1580 2388 1611 so-

1324 1619 1482 1651 lummodo
1503 1620 1538 1651 ad
1554 1620 1613 1651 hoc
1636 1619 1717 1657 quod
1731 1619 1901 1650 Tradiantes
1914 1620 1997 1649 unius
2008 1619 2043 1650 &
2055 1618 2166 1649 alterius
2180 1618 2269 1649 Partis
2281 1618 2389 1656 poffint

1324 1659 1469 1689 ambulare
1489 1659 1523 1690 &
1547 1658 1696 1690 ambulent
1716 1656 1824 1696 securi,
1848 1658 1882 1688 &
1898 1656 2106 1696 Dampnificati
2126 1658 2176 1696 qui
2186 1657 2301 1688 flierunt
2313 1658 2390 1689 satis-

1325 1697 1393 1728 fiant
1408 1720 1419 1736 ,
1439 1699 1473 1729 &
1497 1697 1605 1736 poffitis
1625 1697 1719 1728 facere
1734 1695 1814 1733 super
1825 1695 1977 1726 Praemiffis
1992 1696 2126 1735 qualesvis
2138 1696 2339 1734 obligationes
2351 1697 2388 1728 δε

1325 1735 1499 1767 Οοῐιῑηιᾶυε
1513 1737 1546 1768 &
1565 1736 1724 1774 Scripturas
1739 1744 1805 1772 quae
1817 1743 1890 1773 opus
1904 1734 2027 1773 fuerint,
2043 1736 2152 1767 servato
2165 1740 2197 1766 ut
2215 1734 2389 1773 pmdietum

1325 1774 1368 1806 est
1381 1776 1411 1805 in
1425 1776 1560 1806 omnibus
1574 1774 1698 1805 servitio
1711 1772 1818 1804 nostro.

1360 1813 1399 1845 Et
1412 1814 1497 1854 Nos,
1516 1813 1576 1845 viso
1591 1813 1672 1852 qu'od
1688 1812 1784 1843 vestra
1796 1811 1974 1850 Supplioetio
1985 1811 2028 1843 est
2037 1811 2113 1851 justa
2130 1811 2164 1843 &
2177 1810 2283 1843 decens
2293 1811 2390 1843 Servi-

1322 1854 1364 1884 tio
1377 1852 1494 1894 nostro,
1513 1853 1547 1883 &
1561 1851 1645 1883 Bono
1660 1852 1781 1883 comuni
1794 1851 1880 1881 die&
1894 1851 2073 1889 Provinciae,
2089 1850 2242 1882 habuimus
2255 1850 2323 1880 illud
2338 1859 2393 1889 pro

1325 1892 1425 1930 bone,
1443 1892 1477 1924 δε
1497 1890 1703 1923 Mandavimus
1721 1889 1787 1920 date
1809 1891 1843 1921 &
1862 1889 1994 1920 dedimus
2012 1890 2087 1921 banc
2107 1887 2235 1919 nostram
2255 1888 2374 1920 Cartam

1326 1940 1376 1969 per
1399 1940 1486 1970 quarn
1508 1930 1607 1961 damus
1627 1930 1712 1961 vobis
1736 1928 1896 1960 Licemiam
1916 1930 1950 1960 δε
1972 1928 2147 1959 Faculmtern
2167 1928 2202 1972 ².d
2215 1928 2291 1965 hoc,
2309 1912 2394 1966 quod

1325 1979 1404 2001 nunc
1419 1970 1454 2001 &
1472 1969 1652 2008 inposterum
1665 1992 1674 2007 ,
1700 1967 1839 2007 quamdiu
1857 1966 1953 1998 nostra
1968 1967 2098 1998 voluntas
2111 1966 2196 1998 fitent
2206 1989 2216 2004 ‚
2231 1966 2337 2005 poffitis
2349 1977 2394 1997 as-

1327 2008 1428 2040 sentire
1447 2010 1482 2041 &
1498 2007 1648 2047 capitulare
1662 2016 1734 2038 curn
1753 2006 1832 2037 diuo
1851 2008 1921 2044 Rege
1941 2005 2072 2044 Angliae,
2089 2005 2138 2037 vel
2150 2014 2220 2036 cum
2235 2005 2393 2037 Ambaxia-

1326 2048 1436 2078 toribus
1450 2048 1518 2085 suis,
1535 2047 1668 2086 qualesvis
1680 2045 1932 2077 &mactationes
1946 2047 1981 2077 &
1995 2044 2145 2083 Capitula,
2163 2054 2233 2076 cum
2249 2044 2394 2084 qualibus-

1330 2087 1372 2118 vis
1385 2086 1620 2126 obligationibus
1632 2085 1665 2116 &
1680 2084 1850 2122 Scripturis,
1867 2094 1932 2123 quae
1947 2092 2022 2123 opus
2033 2084 2152 2122 fuerint,

1365 2125 1414 2155 Ad
1426 2125 1483 2156 hoc
1497 2125 1579 2164 quod
1592 2124 1662 2156 dieti
1676 2123 1847 2155 Tractantes
1860 2124 1895 2155 δε
1907 2124 1969 2154 aliae
1983 2123 2117 2155 Personae
2131 2122 2214 2153 unius
2228 2121 2264 2154 ad
2276 2122 2393 2154 alteram

1330 2163 1448 2195 Partem
1469 2165 1503 2196 δε
1525 2164 1635 2195 alterius
1650 2163 1685 2194 ad
1701 2162 1819 2194 alteram
1874 2161 1938 2194 ffint
1954 2162 2099 2193 ambulare
2111 2162 2144 2193 &
2157 2161 2305 2192 ambulent
2318 2161 2399 2192 secu*

1330 2205 1371 2242 ri,
1390 2205 1423 2235 δε
1441 2202 1521 2241 quod
1533 2202 1612 2234 Dam
1656 2203 1660 2207 ⁴
1684 2203 1739 2233 cati
1754 2202 1825 2232 utriu
1838 2211 1895 2239 que
1913 2201 2002 2233 Partis
2018 2201 2070 2231 fint
2083 2200 2222 2231 Satisfaffl
2234 2199 2270 2230 de
2281 2199 2398 2239 Damp-

1329 2244 1392 2281 nis,
1407 2252 1470 2280 quae
1483 2251 1519 2286 es
1533 2252 1588 2273 una
1628 2249 1685 2272 ane
1697 2241 1773 2272 alteri
1785 2241 1819 2272 &
1833 2241 1943 2271 alterius
1955 2239 2151 2285 alteri-fixerint
2166 2239 2247 2270 illata.

1329 2283 1469 2364 &31²¹ssssss
1489 2276 2399 2362 iiffi‘sssssssmeffissffissfiosspffissffffifflffifiss

1329 2358 1584 2429 (ιμᾳωάιιῗῂιὲοίὶη
1607 2357 1745 2390 Volunms
1765 2357 1866 2395 fuerit,
1883 2355 1993 2389 servato
2007 2357 2117 2396 semper
2133 2366 2164 2386 m
2179 2356 2317 2387 omnibus
2333 2355 2400 2387 Ser·

1329 2407 1402 2430 Vltio
1415 2407 1456 2428 no
1518 2422 1525 2428 .

1369 2436 1498 2467 Rursum
1514 2436 1648 2468 volumm
1661 2435 1762 2475 quod,
1777 2435 2021 2475 quandocumque
2033 2433 2126 2466 Vobis
2145 2430 2317 2465 Mandatum
2341 2433 2400 2464 mi·

1329 2476 1444 2507 serimus
1456 2475 1537 2515 quod
1553 2477 1667 2506 ulterius
1685 2485 1747 2505 non
1764 2475 1881 2506 utamini
1896 2474 1974 2505 dina
1991 2473 2229 2505 Contranatione
2243 2473 2277 2503 &
2293 2471 2398 2502 Affen-

1332 2515 1379 2552 su,
1397 2524 1483 2553 quam
1504 2525 1574 2545 cum
1591 2514 1674 2545 dicto
1691 2517 1759 2551 Rege
1773 2513 1886 2550 Angliae
1901 2513 2021 2544 feceritis
2033 2513 2082 2543 vel
2096 2521 2165 2542 cum
2183 2511 2397 2542 Ambaxiatori-

1333 2555 1385 2584 bus
1399 2554 1473 2597 suis,
1486 2553 1568 2596 quod
1585 2553 1623 2584 fic
1639 2553 1752 2583 servetis
1769 2553 1803 2584 &
1817 2553 1927 2591 ponatis
1943 2553 1972 2582 in
1987 2560 2076 2589 opere
2090 2550 2161 2582 sicut
2175 2550 2259 2582 vobis
2273 2549 2398 2581 Manda—

1335 2602 1397 2623 tum
1415 2596 1581 2622 muenmus.

1371 2630 1428 2661 Sed
1441 2655 1451 2668 ,
1476 2639 1507 2661 ut
1528 2631 1615 2660 digus
1634 2632 1695 2659 Rex
1717 2630 1751 2661 δε
1772 2629 1885 2659 ἀίξὶυω
1906 2628 2046 2668 Regnum
2062 2627 2178 2665 Angliae
2191 2637 2251 2659 non
2265 2629 2407 2667 patiantur

1336 2669 1466 2706 Dolum,
1476 2668 1619 2700 Volumus
1633 2670 1668 2700 ὅ(
1683 2667 1726 2698 est
1742 2667 1869 2699 Intentio
1882 2668 1978 2698 nostra
1992 2667 2075 2706 quod
2089 2676 2123 2698 ex
2136 2667 2212 2706 Die,
2221 2669 2278 2706 qui
2292 2667 2406 2698 dietum

1337 2708 1521 2746 Praeceptum
1535 2707 1667 2738 nostrum
1681 2708 1766 2737 vobis
1779 2706 1864 2737 fuerit
1877 2706 2074 2744 notificatum,
2091 2705 2179 2744 usque
2192 2707 2228 2737 ad
2241 2706 2297 2737 Sex
2318 2705 2410 2736 Men-

1338 2747 1378 2777 ses
1393 2748 1489 2784 primo
1505 2746 1664 2784 sequentes,
1686 2745 1793 2783 possitis
1807 2747 1848 2776 uti
1863 2745 1939 2776 dicta
1958 2745 2195 2776 Conuaecatione
2211 2746 2244 2776 &
2259 2744 2408 2783 Capitula⁶

1338 2786 1419 2816 tione
1433 2795 1520 2823 quam
1534 2786 1572 2816 sic
1587 2785 1710 2816 feceritis
1720 2807 1730 2823 ,
1748 2794 1807 2814 non
1823 2783 1955 2815 obstante
1967 2784 2049 2815 dieto
2067 2783 2166 2814 nostro
2181 2783 2350 2822 Praecepto,
2367 2792 2406 2814 eo

1337 2824 1419 2862 quod
1432 2846 1442 2862 ,
1464 2824 1581 2855 durante
1603 2823 1684 2854 dieto
1703 2831 1836 2860 tempore
1857 2823 2005 2853 <initorum
2025 2822 2081 2853 Sex
2103 2821 2271 2860 Mensium,
2298 2820 2407 2860 poffitis

1339 2862 1487 2893 notificare
1511 2862 1582 2892 dido
1601 2865 1666 2900 Regi
1681 2861 1714 2892 δε
1734 2861 1841 2901 Regno
1860 2861 1992 2901 Angliae,
2009 2862 2044 2893 &
2059 2862 2196 2892 omnibus
2212 2861 2302 2891 Locis
2316 2859 2405 2890 dicae

1339 2901 1523 2940 Provinciae,
1541 2901 1658 2939 qualiter
1676 2900 1801 2930 misimus
1814 2901 1895 2931 vobis
1909 2901 2041 2931 mandare
2057 2899 2138 2938 quod
2150 2900 2267 2930 ulterius
2280 2908 2341 2928 non
2350 2897 2406 2928 ser-

1340 2942 1411 2970 veris
1433 2939 1544 2971 dietum
1567 2938 1809 2978 Capitulationetn
1825 2940 1859 2971 &
1874 2939 2043 2978 Affeusum,
2060 2946 2149 2977 quem
2164 2946 2234 2967 cum
2247 2936 2319 2966 dic-1¹0
2333 2938 2405 2974 Rege

1342 2980 1375 3011 δε
1393 2979 1501 3016 Regno
1517 2979 1633 3017 Angliae
1650 2977 1771 3017 fecistis,

1377 3017 1466 3056 Super
1484 3019 1585 3054 quibus
1603 3016 1799 3048 mandavimus
1815 3016 1879 3048 dare
1895 3017 1969 3047 hanc
1983 3015 2100 3046 Cartam
2117 3012 2264 3052 nostram,
2289 3012 2406 3045 Nomi-

1341 3058 1423 3088 nibus
1439 3055 1540 3087 nostris
1554 3057 1716 3088 roboratam
1725 3078 1735 3094 ‚
1753 3055 1787 3087 δε
1798 3055 1898 3094 Sigillo
1912 3053 2011 3085 nostro
2025 3052 2179 3091 sigillatam.

1379 3133 1449 3165 Dat.
1465 3134 1495 3162 in
1517 3131 1627 3163 Nobili
1643 3132 1770 3164 Civitate
1790 3131 1971 3162 Barchinonae
1984 3154 1995 3170 ,
2022 3129 2125 3161 Tertia
2136 3130 2197 3161 Die
2214 3128 2323 3160 Mensis
2334 3128 2407 3167 Sep-

1342 3173 1478 3209 tembris,
1496 3170 1586 3200 Anno
1601 3180 1617 3199 a
1630 3170 1792 3202 Nativitate
1809 3171 1931 3201 Domini
1951 3167 2043 3200 nostri
2062 3168 2129 3208 Jesu
2151 3167 2263 3200 Christi
2286 3167 2409 3199 Millesi-

1343 3221 1413 3249 mo,
1435 3209 1740 3248 Quadringentesimo,
1760 3209 1969 3248 Ostuagefimo
1979 3209 2086 3246 primo.

2088 3282 2178 3315 Eoo
2204 3285 2300 3316 Rex.

2089 3323 2178 3354 Eoo
2205 3323 2391 3355 Knemis.

1382 3403 1449 3440 Ego
1471 3399 1606 3441 Affonfias
1623 3401 1655 3432 de
1676 3401 1791 3439 Avila,
1817 3401 1985 3433 Secretarius
2000 3400 2093 3439 Regis
2106 3401 2141 3432 &
2157 3400 2281 3442 Reginae
2298 3400 2409 3434 Domi-

1348 3451 1455 3472 norum
1472 3441 1657 3477 nostrorum,
1675 3441 1732 3471 feci
1748 3449 1810 3470 eam
1828 3441 1912 3471 scribi
1926 3439 2067 3471 Mandato
2081 3439 2143 3470 suo.

1385 3479 1590 3514 Concordata,
1606 3478 1749 3508 Rodericus
1762 3478 1899 3516 Docior,
1918 3478 2019 3509 Hmel.
2039 3478 2167 3509 Βοᾶοτ.

1384 3517 1561 3557 Regias-ita,
1579 3517 1697 3548 1)οᾶοτ
1714 3517 1838 3547 Didacus
1850 3520 1982 3558 Vazqiaez
1999 3516 2199 3549 Cancellan'm.

1384 3594 1422 3626 Et
1436 3605 1473 3625 eo
1489 3593 1570 3632 quod
1584 3592 1819 3625 Concefferimus
1836 3604 1913 3626 certa
1927 3594 2057 3633 Capitula
2069 3596 2099 3626 in
2114 3601 2206 3627 unum
2226 3602 2295 3627 cum
2313 3588 2411 3632 Magi*

1350 3633 1410 3664 stro
1432 3632 1577 3662 Bernardo
1597 3633 1629 3662 de
1649 3632 1678 3662 la
1698 3633 1782 3673 Forssa
1804 3634 1838 3665 &
1860 3634 1992 3664 Arnaldo
2013 3633 2146 3674 Truffell,
2162 3631 2410 3665 Ambaxiaroribus

1349 3672 1421 3703 diffi
1444 3671 1570 3701 Domini
1591 3674 1668 3710 Regis
1688 3672 1802 3710 Angli-e
1815 3694 1825 3710 ,
1848 3673 1881 3704 &
1896 3673 1936 3703 illi
1948 3673 2135 3711 Nobiscum,
2153 3672 2188 3704 ad
2206 3670 2409 3703 conservatio-

1351 3720 1419 3741 nem
1438 3710 1552 3748 Qiietis
1574 3711 1608 3741 &
1627 3710 1782 3741 amimbilis
1805 3711 2047 3743 Contrafiztionis
2067 3712 2152 3743 unius
2166 3712 2200 3742 &
2213 3708 2323 3741 alterius
2339 3706 2409 3737 Par-

1349 3751 1400 3786 tiS,
1419 3748 1486 3791 ideo
1502 3747 1701 3780 Concedimus
1714 3751 1747 3781 &
1762 3748 1945 3781 Confitemur
1959 3750 2040 3789 quod
2057 3750 2207 3785 Facim,
2223 3745 2409 3785 Ordinamus,

1352 3786 1562 3818 Censtituimus
1577 3810 1587 3826 ,
1612 3788 1646 3818 &
1665 3787 1827 3819 Stabilimus
1851 3789 1963 3819 nostros
1987 3788 2155 3819 sufficientes
2183 3787 2217 3817 &
2237 3784 2411 3816 abundantes

1352 3825 1554 3856 Procuratores
1567 3849 1577 3863 ,
1601 3826 1634 3856 &
1652 3829 1739 3857 totius
1754 3827 1841 3858 diei-ae
1858 3827 2023 3858 Provinciae
2032 3849 2042 3864 ‚
2059 3828 2094 3858 &
2108 3824 2247 3855 Villarum
2262 3823 2296 3854 &
2311 3823 2412 3854 Loco-

1354 3874 1419 3894 mm
1433 3865 1466 3895 &
1482 3863 1682 3894 Habitantium
1695 3866 1783 3904 illius,
1799 3865 1987 3904 Sebastianum
2001 3865 2034 3894 de
2052 3860 2188 3893 Olacabal
2202 3860 2392 3893 Bachalan‘um
2401 3883 2414 3901 ,

1355 3904 1389 3933 &
1434 3900 1564 3932 ohannem
1585 3903 1620 3932 de
1633 3906 1747 3943 Ayunes
1796 3905 1830 3936 &
1852 3907 2010 3934 Martinam
2023 3904 2102 3932 Petri
2114 3900 2150 3931 de
2166 3899 2342 3940 Percastegni
2377 3902 2414 3932 &

1355 3940 1398 3980 Jo
1418 3952 1517 3971 aunem
1530 3943 1653 3985 Antonii
1665 3942 1703 3972 de
1715 3927 1841 3987 Gtiithzt
1902 3945 1928 3980 ',
1945 3950 2045 3985 omnm
2067 3941 2097 3969 in
2116 3948 2226 3984 unum,
2244 3940 2278 3970 &
2293 3925 2416 3977 queinlie

1357 3983 1407 4010 bet
1419 3988 1521 4023 eorum
1535 3989 1565 4008 in
1576 3979 1715 4023 solidum,
1734 3981 1824 4012 taliter
1838 3980 1920 4019 quod
1931 3979 2023 4009 dietus
2033 3976 2205 4016 Sebastianus
2231 3978 2264 4007 de
2281 3975 2419 4008 Olacabal

1357 4017 1968 4095 Baicfflliialfficmqfigdmplrlboffiobis&Nomme'
1973 4044 2081 4085 'nostro
2094 4053 2423 4123 poffiutPraeseanffi
