2555 4266
16 278 100 306 1509.

0 313 104 343 ξὺπ.7.

16 2866 100 2895 x111.

0 2913 49 2941 45·

148 147 227 186 268

150 268 354 298 Obedientiam
369 266 493 297 nostram
511 276 562 303 pro
574 265 709 303 aliquibus
724 263 923 301 Mercandisis,
942 261 1147 292 Mercimoniis
1162 267 1211 296 per

148 308 223 336 viam
239 305 376 336 Escambii
391 314 437 336 aut
451 305 527 334 aliter
544 304 704 335 Solutarum
715 303 782 337 llive
794 302 1007 332 deliberatarum
1032 309 1132 330 contra
1152 298 1212 327 for·-

149 353 231 374 mam
244 345 385 382 cujusdam
401 343 493 374 Aestus
516 344 545 372 in
566 341 753 372 Parliamento
775 339 874 371 nostro
893 339 967 377 apud
984 335 1213 369 Westmonaste-

148 383 224 413 rium
241 383 329 413 Anno
343 382 436 421 Regni
449 381 536 411 nostri
560 381 672 418 Quarto
692 388 772 409 tento
793 379 859 409 inde
873 379 959 416 editi,
976 387 1023 408 aut
1038 385 1137 420 contra
1154 376 1213 406 for-

149 431 230 452 mam
243 422 402 459 aliquorum
416 420 533 450 aliorum
555 420 729 450 Statutorum
750 417 808 447 sive
829 417 1031 456 cujuscumque
1049 416 1157 460 alterius
1173 413 1213 443 A·

147 459 212 490 &fis
230 459 285 489 live
297 459 494 489 ordinationis
509 458 574 488 inde
582 466 646 487 ante
663 458 725 486 haec
732 464 862 494 tempora
876 455 943 486 editi
959 453 1005 486 seu
1015 455 1117 494 provisi
1127 462 1212 496 ,nect

148 508 209 528 non
234 498 449 534 Forisfasturas,
469 496 630 533 Rupturas,
649 495 842 532 Contemptus
865 495 900 526 ὅτ
917 494 1091 524 violationes
1112 492 1214 522 Statuti

149 536 220 566 illius
235 546 282 566 aut
297 544 547 573 quorumcumque
563 535 742 565 Statutorum
756 533 811 562 live
822 533 1046 563 Ordinationum
1071 539 1134 560 ante
1147 529 1211 559 haec

150 583 279 612 tempora
296 575 439 604 editorum
455 574 511 604 sive
526 574 721 610 provisorum,
738 581 771 602 ac
786 571 958 602 omnimoda
974 570 1053 613 Bona
1066 570 1099 600 &
1115 567 1213 599 Catal-

148 612 175 642 la
190 623 223 643 ac
243 612 434 643 Denariorum
457 612 589 642 Summas
610 611 710 641 Nobis
729 611 926 640 occasionibus
943 608 1084 647 praedictis
1105 606 1151 637 seu
1166 616 1212 637 ea-

147 661 210 681 rum
226 651 315 689 aliqua
334 651 488 681 forisfaetas
508 651 592 679 cidem
614 649 737 687 Episcopo
762 648 874 678 Damus
894 648 928 678 ὅ(
944 646 1142 677 Concedimus
1161 654 1212 689 per

147 689 301 720 Praesentes
316 711 326 727 ,
344 689 484 720 Habenda
509 689 593 719 eidem
614 688 738 727 Episcopo
757 696 791 717 ex
812 686 906 716 Dono
927 685 1027 715 nostro
1044 684 1148 722 absque
1163 683 1212 714 ali—

147 738 208 765 quo
221 727 374 765 Compoto
393 727 459 758 inde
480 726 579 758 Nobis
599 725 745 757 reddendo
768 724 811 754 seu
831 723 983 762 solvendo,
1000 733 1035 754 ac
1058 732 1159 752 omnes
1177 723 1210 753 &

146 767 266 803 singulas
280 767 471 797 Denariorum
487 766 618 796 Summas
632 765 739 794 Debita
753 763 787 793 &
803 761 956 793 Demanda
974 772 1039 801 quae
1054 761 1154 805 Nobis
1169 770 1213 804 ra-

145 805 225 835 tione
239 805 394 843 aliquarum
408 804 657 843 Recognitionum
672 802 729 832 sive
741 800 856 838 alicujus
869 801 1090 837 Recognitionis
1112 799 1211 830 Nobis

147 843 200 873 soli
215 843 260 873 vel
275 843 373 874 Nobis
389 844 565 881 conjunctim
581 851 648 871 cum
667 840 724 871 aliis
740 839 865 870 Personis
884 839 929 869 vel
951 839 1002 870 alia
1024 839 1144 869 Persona
1163 837 1210 868 vel

146 882 232 912 alicui
249 882 381 913 Personae
396 881 443 912 seu
457 881 593 918 aliquibus
609 880 667 909 aliis
689 878 816 908 Personis
830 878 865 908 ad
884 877 983 908 Usum
999 877 1128 908 nostrum
1144 885 1209 907 ante

145 920 313 958 praesentem
331 920 421 951 Diem
437 929 484 958 per
496 917 644 957 praefiztum
662 916 818 956 Episcopum
831 915 876 946 vel
891 926 941 954 per
952 917 1076 954 aliquem
1094 915 1207 946 Praede-

144 958 291 989 cessorum
304 959 416 990 suorum
431 968 480 995 per
496 958 533 987 Se
551 957 694 996 separatim
709 955 754 985 vel
781 955 963 993 conjunCtim
984 964 1053 985 cum
1067 954 1126 985 aliis
1140 954 1208 984 Per·

143 996 219 1027 sonis
234 998 278 1027 vel
300 998 351 1028 alia
367 995 489 1027 Persona
510 1005 562 1035 pro
585 995 683 1034 Seipso
702 994 748 1025 vel
769 1003 823 1031 pro
842 994 931 1036 aliqua
951 993 1003 1023 alia
1026 993 1145 1024 Persona
1165 993 1209 1023 vel

141 1035 279 1073 aliquibus
293 1037 348 1066 aliis
364 1035 491 1065 Personis
506 1035 644 1064 factarum
664 1033 866 1069 pertinentium
885 1035 941 1062 live
956 1031 1140 1068 spectantium
1160 1031 1207 1062 seu

140 1073 237 1113 aliquo
253 1074 343 1104 modo
358 1074 538 1112 pertinebunt
551 1081 598 1103 aut
617 1071 802 1110 speetabunt,
812 1070 857 1101 vel
873 1072 1011 1111 pertinere
1025 1078 1073 1101 aut
1088 1070 1209 1110 spectare

182 1121 278 1143 terint:

137 1121 238 1182 ΡΟΑ<;
265 1151 349 1181 etiarn
373 1149 613 1181 Paanomnus
631 1172 641 1188 ,
665 1148 898 1180 Remi-rrimus
923 1149 964 1186 3&
993 1147 1207 1179 RELAXAMtrs

139 1189 224 1219 eidem
243 1189 366 1229 Epifiopo
379 1190 546 1219 omnimoda
568 1188 759 1227 impetitiones
773 1190 806 1220 &
823 1188 923 1226 injusta
944 1186 1136 1218 Clamationes
1151 1187 1206 1218 sive

137 1226 241 1258 Clama
255 1230 289 1259 &
304 1238 365 1258 non
380 1227 482 1258 Clama
497 1227 553 1258 five
567 1236 626 1257 non
643 1225 850 1264 Clamationes,
867 1226 1096 1264 Prosecutiones,
1113 1225 1207 1256 Usui·-

134 1267 279 1305 pationes‚
299 1266 475 1303 Abufiones,
495 1265 604 1296 Abusus
620 1265 653 1295 &
669 1274 729 1295 non
750 1264 827 1295 Usus
841 1274 1087 1303 quarumcumque
1106 1264 1206 1295 Liber-

135 1313 243 1342 tatum,
256 1304 508 1343 Jurisdidtionum,
526 1303 766 1334 Retornationum
779 1302 1154 1342 Brevium,Praeceptorum
1170 1303 1203 1334 &

136 1343 347 1375 Mandatorum
364 1343 531 1374 nostrorum
547 1342 795 1374 &Executionum
809 1344 978 1374 eorumdem
991 1352 1025 1373 ac
1036 1341 1115 1372 Visus
1127 1343 1204 1374 fran-

136 1383 251 1422 ciplegii
266 1383 295 1413 in
310 1382 407 1413 Terris
420 1384 454 1414 &
467 1382 568 1413 Feodis
587 1380 664 1420 ipfius
685 1380 806 1450 Epifiolpi
827 1381 861 1411 &
884 1390 1130 1420 quarumcumque
1153 1380 1204 1411 Li-

136 1421 278 1451 bertatum
295 1422 340 1451 seu
351 1420 581 1460 Jurisditstionurn
593 1419 754 1459 justiciariis
795 1421 851 1450 acis
865 1419 1030 1458 Justiciariis
1048 1419 1083 1451 ad
1101 1419 1206 1450 Goalos

135 1457 341 1490 Deliberandas
355 1461 389 1491 &
406 1458 632 1490 Coronatoribus
655 1458 758 1497 absque
773 1458 1046 1499 WaranoesRegio,
1061 1469 1095 1490 ac
1108 1459 1206 1489 omni-

138 1499 239 1529 modas
255 1498 470 1536 Forisfaeturas,
488 1498 589 1536 Fines,
609 1497 731 1532 Poenas,
751 1498 784 1528 ἃ
799 1497 970 1528 omnimoda
982 1497 1082 1528 Exitus
1092 1496 1205 1529 &Pro-

135 1535 212 1568 ficua
227 1547 277 1575 per
291 1537 401 1568 eundem
418 1536 571 1574 Episcopum
585 1537 690 1567 ratione
706 1535 918 1566 Praemiffomm
933 1536 978 1566 seu
1001 1545 1103 1566 eorum
1117 1537 1207 1567 alicu-

133 1575 178 1644 JBs
193 1585 348 1645 psraecepta,
366 1576 400 1607 &
419 1586 451 1607 ea
466 1576 550 1606 eidem
564 1574 690 1613 Ediscopo
710 1573 836 1605 Damus
856 1576 890 1607 &
907 1574 1137 1606 CONCEDIMUS
1153 1584 1203 1614 per

165 1625 202 1646 rae
215 1624 302 1646 entes.

172 1654 218 1685 Ac
245 1654 328 1684 etiam
354 1652 647 1690 Pannonivnius,
673 1651 870 1683 Rammium
897 1653 932 1685 &
958 1651 1206 1684 Ratixivnws

137 1691 225 1723 eidem
247 1690 369 1731 Episcopo
387 1691 569 1722 omnimodas
595 1690 813 1729 prostrationes,
833 1691 1044 1730 Abruptiones,
1062 1692 1117 1723 five
1137 1692 1205 1723 Per-

135 1731 283 1762 missiones
294 1730 426 1761 Cadendi
441 1731 476 1760 ali
498 1740 593 1760 uarum
610 1729 779 1761 Domorum
789 1751 799 1766 ‚
813 1739 845 1760 ac
860 1731 946 1760 etiam
961 1731 1144 1761 omnimodas
1157 1731 1205 1761 In—

138 1770 275 1800 clausuras
301 1769 457 1807 aliquarum
471 1739 627 1799 'ff'errarum
650 1768 841 1806 Arrabilium,
857 1768 890 1799 ὃς
914 1769 1024 1799 easdem
1047 1770 1148 1800 Terras
1170 1770 1205 1800 ad

138 1807 286 1839 Pasturam
304 1807 454 1838 mittendas
477 1807 658 1845 occupandas
679 1807 736 1837 sive
756 1806 929 1846 appruandas
952 1817 1051 1839 contra
1074 1808 1202 1839 formam

133 1847 279 1884 cujusdam
291 1845 381 1877 Arius
397 1846 452 1876 sive
463 1846 564 1877 Statuti
578 1847 606 1876 in
616 1845 805 1877 parliamento
814 1845 913 1876 nostro
926 1854 1006 1878 tento
1018 1848 1094 1885 apud
1104 1847 1205 1877 &Vest-

131 1885 338 1916 monasterium
354 1885 444 1915 Anno
460 1884 554 1923 Regni
571 1884 658 1915 nostri
672 1883 806 1926 Secu-ndo
823 1885 852 1914 in
870 1884 1030 1922 hujusmodi
1051 1885 1126 1916 Casu
1143 1886 1203 1916 edi-

133 1925 200 1955 ti&
215 1924 336 1962 provisi,
353 1933 386 1954 ac
401 1925 498 1953 omnia
515 1924 612 1954 Exitus
627 1924 659 1954 ὃς
674 1923 808 1954 Prohcua
825 1922 861 1953 de
877 1922 1025 1955 Domibus
1048 1925 1082 1955 &
1104 1924 1204 1955 Terris

132 1962 186 1993 illis
199 1973 249 2001 per
262 1962 345 2001 ipsicm
361 1962 516 2001 Epist-opum
529 1971 659 2000 percepta
674 1960 774 1992 Nobis
789 1961 882 2000 aliquo
897 1962 987 1993 modo
1005 1962 1157 2001 spectantia
1173 1963 1206 1994 si-

134 2011 170 2031 ve
185 2002 315 2032 debentia
329 2002 411 2031 eidem
427 2002 552 2040 Episcopo
572 2001 697 2032 Dasius
717 2001 750 2032 ὃς
770 1999 995 2033 CoNcEDtMUS
1014 2011 1064 2041 per
1080 2002 1204 2033 Praesen-

135 2046 187 2071 te&

168 2079 214 2110 Ac
238 2080 325 2111 etiam
350 2078 638 2118 Piinnonaviixius,
662 2079 858 2110 Remisrixius
884 2079 917 2111 &
943 2077 1207 2120 RELAxAvmus,

130 2127 164 2149 ac
175 2128 221 2156 per
229 2117 379 2150 Praesentes
399 2118 652 2155 PARDONAixins‚
666 2118 1154 2150 ΚΕΜΙττιΜυςὸεΒΕιΑΧΑΜυς
1170 2123 1209 2149 ei-

131 2156 191 2187 dem
206 2157 333 2196 Episcopo
348 2158 528 2188 omnimodas
552 2158 705 2195 Unione3‚
730 2156 962 2196 Ann'exationes,
988 2158 1207 2197 Appropriatio-

131 2204 183 2226 nes
205 2197 238 2227 δε
259 2195 509 2227 Consolidationes
529 2205 781 2235 quorumcumque
804 2195 1017 2234 Hospitalium,
1044 2196 1206 2227 Beneficio-

132 2243 215 2272 rum,
241 2233 452 2273 Ecclesiarum,
477 2235 679 2273 Capellarum,
698 2233 898 2265 Cantariarum
921 2245 969 2272 per
994 2233 1076 2273 ipficm
1100 2235 1208 2275 Episto-

129 2280 197 2311 pum
213 2281 259 2303 aut
275 2273 392 2312 alicujus
406 2274 648 2304 Praedecefforum
664 2273 780 2304 suorum
795 2283 860 2304 ante
876 2273 940 2304 haec
962 2282 1092 2313 tempora
1109 2276 1205 2305 unito-

131 2320 214 2350 rum,
239 2312 396 2350 factorum,
424 2313 699 2351 Appropriarorum‚
724 2312 910 2342 anne-storum
935 2312 992 2343 five
1013 2312 1204 2344 consolidato—

131 2359 216 2387 rum,
243 2351 275 2381 ὅ(
297 2350 406 2382 easdem
430 2351 585 2392 Uniones,
612 2352 847 2388 Annexationes,
872 2351 1125 2390 Appropriationes
1149 2352 1206 2383 five

129 2387 377 2420 consolidationes
390 2390 423 2420 &
434 2400 529 2421 earum
546 2391 700 2429 quamlibet
719 2388 1000 2429 ΟοΝι-ικΜΑΜυς,
1020 2389 1205 2421 ΚΑΤῙΡΙΕΑ-

130 2435 200 2458 Mus
221 2427 254 2458 ὃ(
272 2428 502 2459 APPRoBAMth
522 2439 570 2466 per
590 2429 750 2459 praesentes.

166 2466 212 2496 Ac
231 2465 340 2505 insuper
356 2467 645 2507 Pannonavmus,
661 2467 876 2505 REMistmus,
891 2467 1156 2506 RELaxavlmth,
1172 2477 1206 2500 ac

126 2510 178 2542 per
204 2504 354 2536 Praesentes
377 2505 619 2538 PARDONAMUS
635 2529 644 2545 ,
672 2506 906 2537 REMiTTnius
931 2508 964 2537 &
993 2506 1203 2538 Rammius

130 2543 215 2572 eidem
230 2541 355 2582 Epifiopo
375 2554 476 2575 omnes
497 2546 530 2576 &
555 2545 671 2583 fingulas
697 2544 855 2582 Captiones
880 2546 914 2576 &
938 2545 1133 2584 Receptiones
1158 2547 1207 2577 ali-

131 2591 253 2618 quarum
279 2583 435 2614 Literarum
458 2585 713 2621 procuratoriarum
748 2584 782 2614 &
804 2583 964 2615 Literarurn
990 2584 1204 2616 Attornatarum

131 2620 171 2662 fiv
197 2629 298 2663 ‘earum
312 2622 426 2658 alicujus
441 2631 473 2652 ac
489 2622 647 2660 Captiones
660 2622 696 2652 ad
706 2621 727 2652 F
730 2622 831 2652 irmam
846 2624 879 2654 &
895 2622 1087 2662 quascumque
1104 2623 1205 2653 Admi-

129 2630 308 2731 stationes
324 2668 372 2695 per
390 2659 569 2690 indenturam
591 2661 635 2692 vel
651 2661 729 2691 aliter
749 2660 795 2691 seu
813 2661 869 2691 alio
894 2661 984 2691 modo
1005 2661 1041 2691 de
1063 2661 1204 2699 aliquibus

159 2695 261 2726 erfonis
281 2697 456 2735 Alienigcnis
469 2698 629 2735 aliquorum
655 2698 863 2728 Beneficiorum
885 2700 957 2730 infra
982 2696 1030 2730 Re
1071 2710 1119 2730 um
1141 2700 1205 2731 An-

132 2734 215 2773 gliae,
236 2744 350 2765 necnon
363 2744 464 2765 omnes
478 2737 511 2766 ὅ(
529 2736 710 2765 omnimodas
726 2735 904 2767 Portationes
919 2737 1010 2772 Auri,
1055 2740 1144 2775 rgenti
1159 2738 1203 2769 seu

134 2773 244 2804 alterius
258 2774 402 2804 Thezauri
418 2775 451 2804 &
465 2772 720 2804 commoditatum
737 2774 770 2804 &
788 2784 890 2804 eorum
909 2774 1059 2812 cujussibet
1081 2775 1136 2805 sive
1152 2786 1202 2807 eo·

135 2822 199 2842 rum
212 2813 324 2850 alicujus
337 2822 413 2843 exrra
426 2812 561 2852 Regnum
580 2812 710 2850 Angliae,
727 2821 775 2849 per
794 2812 900 2842 Literas
912 2812 1052 2844 Escambii
1063 2812 1199 2845 Mercari-

137 2850 204 2882 disas
217 2851 272 2882 sive
289 2852 382 2889 aliquo
400 2857 413 2868 ³*
429 2851 484 2881 alio
500 2851 594 2881 modo
608 2860 793 2888 quocumque
808 2851 841 2880 ad
860 2851 1026 2882 Proficuum
1040 2852 1199 2890 aliquorum

138 2889 370 2928 Alienigenarum
385 2889 420 2920 de
434 2898 481 2920 aut
498 2899 550 2930 pro
564 2889 722 2927 hujusmodi
742 2888 885 2919 Beneficiis
901 2899 947 2920 aut
964 2900 1016 2927 pro
1034 2891 1128 2920 Firma
1147 2892 1203 2920 sive

137 2928 389 2960 Administratione
403 2928 569 2959 eorumdem
587 2928 641 2958 sive
657 2938 757 2958 eorum
773 2927 888 2967 alicujus
901 2937 999 2960 contra
1012 2929 1137 2959 formam
1150 2929 1202 2960 ali-

134 2976 258 3007 quorum
272 2966 448 2997 Statutorum
466 2966 533 2996 inde
548 2976 637 3004 nuper
652 2967 811 2997 editorum:

172 3005 210 3036 Et
228 3005 337 3042 insuper
357 3005 651 3042 PARDONAvmm,
676 3004 872 3035 Remmius
893 3004 927 3035 &
955 3004 1200 3037 Retixivmus

131 3044 217 3074 eidem
237 3043 364 3083 Epifiopo
377 3044 561 3074 omnimodas
582 3043 769 3081 intrusiones,
786 3042 1050 3082 Transgressiones,
1069 3043 1201 3075 Intratio-

130 3092 181 3113 nes
195 3082 228 3112 &
242 3082 378 3121 Ingreffus
393 3092 441 3120 per
456 3082 492 3113 Se
507 3083 551 3112 vel
570 3092 619 3120 per
631 3081 851 3112 Praedeceffores
868 3082 929 3112 suos
942 3083 970 3112 in
988 3084 1087 3113 omnia
1101 3083 1197 3114 &sin-

135 3120 200 3159 gula
217 3120 366 3158 Maneria,
381 3121 503 3158 Terras,
522 3120 702 3151 Tenenienta
721 3120 764 3150 seu
784 3119 970 3151 Poffeffiones
990 3122 1024 3152 &
1041 3121 1201 3152 Haeredita-

134 3167 232 3189 menta
245 3168 437 3197 quaecumque
453 3168 704 3197 quorumcumque
715 3158 890 3189 Tenentium
905 3158 1070 3189 nostrorum
1084 3168 1131 3190 aut
1139 3159 1201 3191 Te-

135 3198 266 3228 nentium
282 3197 503 3236 Progenirorum
518 3197 564 3229 seu
580 3195 820 3228 Praedecefforum
841 3196 1023 3235 nostrorum,
1040 3206 1086 3228 aut
1110 3197 1201 3237 cujus-

136 3245 259 3274 cumque
271 3236 414 3266 Tenentis
433 3235 522 3265 nostri
539 3237 595 3267 sive
613 3236 751 3266 Tenentis
775 3234 812 3265 Pr
852 3237 994 3266 enitorum
1018 3235 1201 3274 nostrorum,

137 3282 186 3304 aut
201 3275 406 3311 cujuscumque
419 3273 576 3305 Haeredum
591 3274 704 3312 alicujus
716 3283 806 3311 nuper
854 3275 963 3304 enentis
976 3273 1067 3304 nostri
1085 3276 1127 3305 vel
1152 3274 1202 3305 ali-

136 3321 261 3380 gerorum
275 3322 364 3351 nuper
379 3312 558 3343 Tenentium
575 3312 737 3343 nostrorum
751 3312 808 3342 sive
823 3312 1048 3348 Progenitorum
1067 3312 1112 3343 seu
1129 3312 1202 3343 Prae-

160 3351 318 3381 ecefforum
335 3350 512 3389 nostrorum,
531 3353 560 3382 in
575 3350 715 3381 Custodia
727 3350 822 3380 nostra
841 3350 984 3381 existentia
1006 3359 1053 3382 aut
1075 3351 1109 3381 ad
1131 3351 1202 3382 Nos

135 3389 303 3426 pertinentia
315 3390 370 3419 sive
383 3389 552 3428 spectantia,
569 3389 773 3427 cujuscumque
791 3388 958 3427 Dignitatis‚
975 3388 1122 3426 Honoris,
1137 3389 1201 3420 Sta-

137 3425 187 3458 tfis
200 3435 247 3457 aut
260 3427 443 3458 Conditionis
457 3428 542 3458 iidem
559 3427 704 3458 Tenentes
718 3427 804 3457 nostri
817 3435 864 3458 aut
875 3427 1021 3458 Tenentes
1032 3427 1201 3466 Progenito-

137 3475 204 3495 rum
220 3465 382 3495 nostrorum
398 3465 533 3497 Haeredes
547 3465 592 3497 seu
607 3466 708 3496 i-laeres
724 3466 837 3503 alicujus
851 3475 938 3505 nuper
953 3466 1096 3496 Tenentes
1111 3467 1201 3497 nostri

139 3512 188 3534 aut
200 3504 340 3534 Tenentis
363 3503 581 3542 Progenitorum
602 3504 770 3535 nostrorum
787 3513 833 3534 aut
853 3503 1013 3543 aliquorum
1035 3514 1124 3541 nuper
1141 3504 1204 3536 Te·

140 3542 268 3573 nentium
282 3542 445 3573 nostrorum
461 3543 516 3572 sive
525 3542 747 3581 Progenitorum
758 3543 923 3573 nostrorum
931 3542 1035 3574 fuerint
1047 3543 1092 3573 vel
1101 3543 1183 3573 fuerit
1192 3565 1202 3582 ,

140 3589 176 3611 ac
190 3580 302 3611 &Varda
316 3581 348 3611 ὃ(
364 3579 512 3618 Maritagia
533 3591 647 3612 necnon
670 3580 866 3611 Forisfaeturas
887 3581 921 3612 &
943 3580 1060 3612 Valores
1083 3580 1200 3612 Marita-

141 3619 256 3658 giorum
269 3619 435 3649 eorumdern
450 3620 627 3649 Tenentium
643 3620 675 3650 Sc
698 3629 802 3649 eorum
823 3619 988 3658 cujussibet,
1002 3629 1036 3650 ac
1058 3629 1147 3649 omne
1171 3619 1199 3651 id

166 3658 221 3687 uod
236 3657 270 3687 ad
284 3657 352 3687 Nos
364 3658 483 3695 pertinet
498 3658 543 3687 seu
555 3657 654 3688 Nobis
669 3659 805 3694 pertinere
818 3657 956 3689 debuiffet
969 3658 1076 3689 ratione
1091 3657 1200 3688 Custo-

140 3667 198 3725 31ae
214 3695 435 3734 W'ardagiorutn
451 3696 484 3725 &
499 3695 718 3732 Maritagiorum
733 3696 867 3733 illorum,
884 3705 917 3726 ac
933 3695 1131 3734 Perceptionec
1141 3696 1202 3726 Re-

145 3734 290 3772 ceptiones
306 3734 338 3764 ὃ(
354 3733 541 3764 Detentiones
556 3734 728 3770 singulorum
744 3734 880 3765 Exituum
901 3735 934 3765 &
950 3734 1118 3765 Proficuum
1136 3743 1203 3764 om-

144 3771 228 3801 nium
245 3772 277 3801 δε
293 3772 464 3810 singulorum
479 3771 690 3802 Praeniiisorum
704 3781 753 3809 per
763 3770 846 3811 ipficm
860 3772 1015 3841 Epiffopum
1031 3773 1138 3803 habitas
1159 3783 1203 3804 re-

143 3817 237 3845 ceptas
259 3809 313 3840 sive
334 3811 476 3847 detentas,
494 3820 527 3840 ac
547 3811 644 3840 omnia
664 3812 761 3841 eadem
784 3811 895 3849 Exitus,
941 3811 1068 3849 edditus,
1084 3810 1204 3841 Reven-

145 3846 236 3877 tiones
249 3848 281 3878 ὃς
296 3847 424 3879 Proficua
436 3848 519 3878 eidem
533 3848 658 3888 Episcopo
677 3858 726 3888 per
747 3848 899 3880 Praesentes
917 3848 1042 3882 DAMUS
1060 3849 1095 3881 ὅ(
1112 3848 1213 3880 CoN-'

120 3892 554 3958 &CEfristquJeSr'PARDONAmus
572 3925 655 3955 eidem
669 3925 795 3965 Eprfiopo
813 3926 909 3956 omnia
927 3925 1094 3965 Compota,
1112 3924 1205 3956 Debi-

145 3967 189 3996 ta,
209 3959 334 4003 Praestita
349 3964 381 3994 &
398 3964 541 4001 Arreragia
563 3963 780 4001 Compotorum
802 3974 835 3994 ac
857 3964 1046 3997 Denariorum
1070 3964 1205 3995 Summas

148 3997 249 4031 Nobis
262 4007 308 4029 aut
324 3999 555 4039 Progenitoribus
567 4001 669 4034 nostris
685 4012 734 4041 per
749 4001 842 4042 ipsum
857 4002 1011 4050 Epiftopum
1032 4003 1068 4034 de
1088 4011 1135 4034 aut
1153 4012 1206 4042 pro

613 125 1406 182 CONVENTIONES,
1462 126 1850 176 LITERAE,

0 231 72 264 Ann.
87 230 128 261 D.
148 229 195 260 vel
208 229 346 268 aliquibus
360 227 487 259 Personis
496 226 640 258 Extraneis
653 226 741 257 Natae
753 225 798 255 seu
817 224 902 256 Natis
916 232 992 256 extra
1008 222 1149 261 Regnum
1164 220 1209 251 seu
1246 212 1401 258 Praetjniffis
1416 213 1464 245 seu
1477 213 1576 253 aliquo
1582 213 1798 259 Praemiffomm
1813 213 1908 246 debita
1922 213 1976 258 five
1986 208 2168 256 pertinentia,
2181 225 2214 248 20
2227 216 2310 248 etiam
2328 213 2404 245 ΑΜ
2418 213 2459 246 D*

1247 252 1418 284 omnimoda
1440 253 1567 291 Raptus,
1587 253 1800 290 Abdutfftiones,
1819 251 2006 284 Detentiones
2026 254 2060 284 &
2083 254 2311 287 Concelamenta
2357 262 2444 293 1509.

1249 301 1499 330 quorumcumque
1513 291 1671 322 Haeredum
1685 291 1742 322 sive
1755 290 1978 330 Wardagiorum
1987 290 2086 321 Nobis
2102 295 2313 334 pertinentium,
2329 296 2393 321 ΗΜ-
2407 302 2435 328 7·

1249 332 1283 361 δε
1299 329 1520 367 Maritagiorum
1543 340 1796 367 quorumcumque
1816 329 1995 361 Tenentium
2011 328 2176 362 nostrorum
2195 342 2242 364 aut
2260 343 2312 364 cu-

1243 368 1415 407 juscumque
1432 368 1570 399 Tenentis
1584 368 1674 398 nostri
1690 369 1735 399 vel
1748 368 1970 408 progenitorum
1991 368 2154 400 nostrorum
2173 372 2220 402 vel
2237 371 2313 402 Hae-

1249 408 1348 438 redum
1361 408 1407 437 seu
1422 406 1556 437 Haeredis
1573 416 1826 446 quorumcumque
1841 417 1930 445 nuper
1948 405 2129 438 Tenentium
2146 408 2312 441 nostrorum

1248 447 1293 476 seu
1309 444 1512 484 cujuscumque
1526 455 1563 476 nu
1601 455 1613 475 r
1635 446 1772 476 Tenentis
1791 444 1879 475 nostri
1907 445 1950 476 vel
1965 445 2186 484 Progenitorum
2201 448 2314 479 nostro-

1248 495 1331 522 rum,
1348 484 1550 523 cujuscumque
1563 455 1717 522 ffignitatis
1729 483 1774 515 seu
1789 483 1975 515 Conditionis
1985 483 2071 514 iidem
2087 494 2177 523 nuper
2193 484 2313 516 Tenen-

1249 531 1290 553 tes
1310 521 1400 552 nostri
1423 522 1469 552 vel
1490 532 1580 560 nuper
1599 523 1747 553 Tenentes
1767 522 1989 561 Progenitorum
2010 521 2193 561 nostrorum,
2210 523 2315 556 Haeres

1248 570 1296 591 aut
1311 560 1446 591 Haeredes
1467 561 1638 591 eorumdem
1662 562 1766 591 fuerint
1785 562 1829 592 vel
1845 561 1945 599 fuerit,
1963 571 2013 600 per
2035 561 2137 591 diHum
2158 560 2315 602 Episcopum

1249 608 1314 629 ante
1329 598 1434 629 Datam
1448 598 1634 630 Praesentium
1644 601 1743 638 quovis
1759 599 1851 630 modo
1864 600 1957 630 habita
1973 600 2029 630 sive
2050 609 2204 640 percepta,
2227 601 2314 631 eidem

1248 636 1372 676 Episcopo
1391 636 1518 668 Damus
1542 639 1576 669 &
1593 637 1817 668 Concamrvius
1835 648 1885 676 per
1908 638 2061 669 Praesentes
2082 638 2137 669 abs
2151 649 2187 670 ue
2218 639 2315 678 aliquo

1247 676 1402 713 compoto
1417 676 1463 706 seu
1480 676 1577 714 aliquo
1600 676 1669 707 Alio
1692 677 1814 714 proinde
1835 677 1935 708 Nobis
1960 677 2006 708 seu
2028 676 2122 709 Succe
2146 678 2242 709 oribus
2258 689 2313 710 no-

1249 713 1309 745 stris
1324 713 1490 752 reddendo,
1506 715 1644 746 solvendo
1661 717 1706 745 vel
1723 714 1874 746 faciendo:

1284 752 1330 784 Ac
1350 752 1432 784 etiam
1458 752 1730 784 PARoonavtixius
1741 777 1751 792 ,
1777 753 1970 784 REiiisnvius
1997 753 2031 785 ὃ(
2062 753 2310 787 ΒειΑΧΑνΙΜυς

1240 791 1361 831 praefato
1376 791 1502 830 Epifiopo
1516 793 1698 823 omnimodas
1717 792 1914 832 Donationes,
1932 793 2126 824 Alienationes
2141 795 2175 826 &
2191 794 2310 833 Perqui-

1247 829 1360 860 sitiones
1374 839 1422 869 per
1435 830 1518 869 ipfiaem
1532 831 1686 870 Epistopum
1701 840 1747 861 aut
1767 841 1816 870 per
1836 831 1958 869 aliquem
1980 830 2224 864 Praedecefforum
2245 834 2311 864 suo»⁴

1246 877 1311 898 rum
1329 868 1372 899 vel
1389 878 1439 904 per
1452 869 1574 907 aliquam
1590 870 1672 900 aliam
1687 869 1841 901 Personam
1856 870 1911 900 sive
1925 870 2027 908 aliquas
2049 870 2113 901 alias
2128 871 2263 903 Personas
2274 873 2310 903 ad

1245 905 1341 938 Usum
1356 906 1435 946 ipfius
1445 908 1610 947 Episcopi&
1621 908 1823 939 Succeisorum
1840 908 1953 938 suorum
1970 909 2026 938 iive
2040 908 2076 939 ad
2091 908 2186 939 Usum
2201 911 2308 949 aliquo-

1231 954 1308 986 ¹rum
1322 945 1569 977 Praedecefforum
1584 946 1661 986 ipfius
1677 947 1799 986 Episcopi
1812 946 2055 978 &Succefforum
2071 947 2310 981 suorumdeTer-

1245 985 1299 1023 ris,
1325 985 1530 1024 Tenementis,
1556 987 1590 1017 &
1609 985 1833 1016 Poffeisionibus
1854 985 2083 1024 quibuscumque
2106 986 2142 1016 de
2163 986 2264 1018 Nobis
2280 989 2312 1018 in

1246 1022 1349 1061 Capite
1362 1022 1408 1053 vel
1423 1024 1501 1054 aliter
1520 1026 1620 1063 tentis,
1638 1025 1694 1055 sive
1707 1025 1744 1055 de
1765 1025 1903 1062 aliquibus
1922 1024 1979 1055 aliis
2001 1023 2128 1054 Personis
2149 1025 2194 1055 vel
2211 1025 2247 1057 de
2261 1026 2309 1058 ali-

1245 1071 1302 1101 qua
1315 1062 1365 1092 alia
1381 1061 1503 1093 Persona
1519 1065 1620 1101 tentis,
1639 1062 1768 1094 Licentia
1781 1063 1877 1093 nostra
1894 1063 1960 1093 inde
1975 1072 2035 1092 non
2050 1062 2185 1094 obtenta:

1283 1099 1321 1131 Et
1346 1100 1461 1131 ulterius
1483 1101 1520 1131 de
1538 1102 1661 1132 uberiori
1688 1101 1788 1132 Gratia
1812 1101 1908 1132 nostra
1935 1101 2210 1133 PARDONAVIMUS
2247 1101 2313 1133 Re-

1243 1144 1404 1174 Mlsnvms,
1422 1139 1455 1169 &
1474 1139 1719 1171 RELAXAVIMUS
1734 1138 1855 1179 praefato
1875 1139 2000 1179 Epifiopo
2019 1141 2190 1172 omnimoda
2210 1125 2312 1172 Prodi-

1243 1178 1349 1216 tiones,
1365 1177 1504 1218 Murdra,
1521 1177 1632 1218 Raptus
1647 1181 1680 1211 &
1695 1179 1893 1210 Abductionoe
1911 1178 2068 1210 Mulierum
2078 1201 2088 1218 ,
2107 1179 2310 1220 Rebelliones,

1243 1214 1479 1254 Insurrefflones,
1499 1217 1642 1255 Felonias,
1662 1217 1912 1262 Conspirationes,
1929 1216 2154 1257 Cambipartias,
2173 1216 2312 1250 Manate-

1243 1256 1366 1293 nentias,
1386 1254 1654 1287 confoederationes
1664 1279 1674 1295 ,
1692 1256 1809 1295 Riotas,
1826 1255 1951 1294 Routas,
1967 1255 2178 1288 Conventicula
2191 1257 2287 1288 illicita
2297 1280 2310 1296 ,

1241 1291 1434 1325 Imbraciarias
1450 1295 1603 1333 indebitas,
1619 1295 1784 1326 Verborum
1804 1294 1990 1333 prolationes,
2007 1294 2216 1334 Cognitionae,
2234 1295 2315 1328 Pius

1238 1332 1363 1364 ditiones
1376 1335 1409 1365 δε
1428 1333 1490 1364 alias
1507 1332 1766 1372 Transgreffiones,
1785 1332 1930 1372 offensas,
1953 1333 2184 1373 Necgligentias,
2203 1334 2308 1365 Extor-

1244 1371 1353 1410 tiones,
1378 1371 1533 1410 Falsitates,
1561 1371 1779 1410 Mespriiiones,
1796 1372 1983 1412 Ignorantias,
1999 1371 2210 1411 Contemptus,
2228 1373 2312 1404 Con-

1243 1410 1417 1451 celamenta‚
1439 1410 1642 1442 ForisfaCturas
1657 1412 1691 1443 ὃς
1707 1411 1898 1451 Deceptiones
1911 1420 1960 1449 per
1974 1410 2058 1451 ipficm
2075 1411 2230 1452 Episcopum
2245 1421 2311 1444 ante

1240 1448 1404 1488 praesentem
1419 1449 1510 1480 Diem
1523 1450 1781 1490 qualitercumque,
1798 1450 2052 1490 quotienscumque
2067 1451 2100 1482 &
2111 1451 2312 1488 quandocum-

1265 1498 1299 1517 ue
1317 1488 1388 1519 faita
1403 1489 1459 1518 live
1476 1498 1646 1527 perpetrata,
1664 1499 1778 1520 necnon
1794 1498 1896 1519 omnes
1911 1488 2136 1520 &omnimodas
2152 1490 2176 1520 F
2177 1489 2312 1528 mauras,

1258 1565 1261 1566 ⁷
1273 1536 1381 1564 apturas
1395 1527 1427 1557 &
1444 1526 1624 1558 Vio!ati0nes-
1635 1537 1888 1567 quorumcumque
1898 1527 2073 1559 Statutorum
2087 1538 2136 1567 per
2148 1527 2231 1567 ipsum
2243 1529 2313 1566 Epi⁴

1234 1566 1341 1604 scopum
1355 1575 1420 1596 ante
1442 1566 1606 1604 praesentem
1630 1566 1720 1597 Diem
1736 1568 1979 1606 qualitercumque
1997 1566 2084 1597 factas
2102 1566 2159 1598 sive
2173 1575 2313 1605 perpetra-

1243 1612 1299 1643 tas,
1315 1606 1349 1637 &
1362 1604 1480 1635 Sectam
1496 1604 1578 1635 Pacis
1593 1605 1697 1636 nostrae
1715 1615 1779 1644 quae
1803 1606 1837 1635 ad
1858 1605 1928 1636 Nos
1943 1604 2037 1636 versus
2058 1603 2142 1644 ipficm
2154 1605 2311 1645 Eptfiopum

1242 1645 1361 1680 pertine:
1375 1644 1525 1674 occasione
1545 1643 1762 1675 Praemifforum
1778 1645 1834 1675 sive
1847 1644 1962 1683 alicujus
1974 1646 2142 1675 eorumdem
2163 1655 2196 1676 ac
2211 1646 2311 1675 omni-

1244 1683 1332 1714 moda
1342 1682 1474 1721 Judicia,
1493 1681 1598 1713 Poenas
1611 1682 1732 1722 Mortis,
1747 1684 1781 1714 ὃ(
1796 1682 1984 1713 Executiones
1999 1681 2093 1713 versus
2105 1681 2190 1722 ipsi'cm
2202 1685 2256 1722 Epi
2270 1694 2311 1713 co-

1236 1729 1303 1759 pum
1316 1721 1421 1752 reddita
1434 1720 1490 1752 sive
1505 1721 1689 1759 adjudicanda
1702 1721 1901 1752 occasionibus
1916 1721 2057 1759 praediffis
2079 1721 2124 1751 seu
2140 1729 2240 1752 eorum
2258 1722 2310 1753 ali-

1242 1760 1314 1798 qua,
1331 1771 1364 1792 ac
1379 1760 1467 1792 eciam
1485 1759 1644 1799 Utlagarias
1659 1759 1677 1790 si
1695 1769 1759 1799 quae
1783 1761 1813 1790 in
1833 1759 1917 1800 ipficm
1934 1759 2089 1797 Episcopum
2105 1759 2158 1790 hiis
2178 1760 2307 1791 occasio-

1242 1800 1326 1830 nibus
1340 1799 1386 1830 seu
1401 1808 1503 1829 eorum
1518 1800 1609 1838 aliqua
1624 1800 1728 1830 fuerint
1744 1801 1929 1838 promulgatae
1942 1799 1976 1830 &
1994 1797 2183 1829 Executiones
2192 1807 2309 1830 eorum-

1241 1838 1309 1868 dem
1325 1861 1335 1876 ,
1357 1848 1390 1868 ac
1410 1838 1497 1868 etiam
1522 1848 1624 1869 omnes
1646 1838 1709 1870 alias
1732 1838 1894 1874 Utlagarias
1914 1836 2006 1867 versus
2025 1836 2138 1866 eundem
2155 1838 2310 1877 Episcopum

1242 1878 1302 1908 tam
1318 1877 1351 1908 ad
1368 1877 1482 1908 Setiam
1498 1877 1621 1908 nostram
1643 1878 1731 1916 quam
1752 1876 1786 1908 ad
1809 1876 1927 1907 Seritam
1945 1875 2106 1914 aliquorum
2129 1877 2176 1908 vel
2195 1877 2310 1916 alicujus

1241 1916 1350 1947 alterius
1368 1915 1577 1955 promulgatas,
1595 1926 1628 1946 ac
1643 1917 1728 1947 etiam
1749 1916 1846 1945 omnia
1869 1914 1964 1944 debite
1986 1914 2190 1953 Executiones‚
2208 1914 2314 1946 Poenas

1242 1954 1276 1986 &
1292 1954 1461 1986 Demandas
1474 1964 1538 1992 quae
1552 1956 1660 1985 ratione
1674 1952 1891 1985 Praemifforum
1905 1962 1950 1983 aut
1964 1953 2079 1990 alicujus
2093 1963 2194 1984 eorum
2209 1953 2310 1984 Nobis

1242 1994 1379 2033 attingere
1394 1991 1411 2008 ⁹
1429 1993 1535 2032 poffint
1549 1993 1644 2033 aliquo
1667 1993 1758 2024 modo
1781 2002 1844 2023 ante
1865 1991 1972 2023 Datam
1991 1990 2193 2030 Praesentiurn,
2212 1992 2246 2023 ὅτ,
2262 1991 2310 2023 fir-

1243 2042 1320 2063 mam
1338 2032 1445 2064 Pacem
1462 2031 1588 2063 nostram
1605 2033 1641 2063 Ei
1661 2033 1728 2062 inde
1743 2030 1960 2068 Concedimus;
1981 2031 2017 2061 ita
2039 2039 2135 2061 tamen
2156 2031 2238 2069 quod
2255 2031 2308 2063 stet

1242 2072 1323 2102 redte
1336 2072 1365 2102 in
1379 2071 1468 2102 Curia
1482 2071 1575 2102 nostra
1592 2071 1610 2101 si
1628 2073 1689 2112 quis
1705 2071 1795 2102 versus
1811 2079 1877 2101 eum
1897 2068 1974 2108 loqui
1988 2069 2110 2101 voluerit
2125 2069 2161 2100 de
2177 2069 2309 2102 Praemis-

1242 2109 1276 2141 fis
1290 2109 1336 2142 vel
1359 2110 1453 2150 aliquo
1468 2110 1702 2142 Praemifforum:

1280 2149 1327 2180 Ac
1346 2151 1432 2180 etiam
1450 2148 1749 2187 Pannonavrmus,
1766 2147 1980 2186 REMIsIMUs,
2005 2148 2038 2179 δε
2061 2147 2308 2181 RELAXAviiiws

1241 2189 1326 2218 eidem
1343 2189 1465 2227 Episcopo
1480 2189 1578 2218 omnia
1595 2190 1627 2220 ὃ(
1640 2188 1809 2219 omnimoda
1831 2188 2076 2226 Amerciamenta,
2096 2188 2198 2227 Fines,
2218 2188 2309 2219 Foris·

1242 2227 1378 2266 facturas,
1398 2227 1497 2257 Exitus
1509 2228 1541 2258 ὃς
1557 2227 1704 2266 Proficua,
1722 2226 1893 2258 intrusiones
1916 2228 1944 2256 in
1957 2226 2060 2257 Terras
2076 2226 2110 2258 δε
2124 2226 2309 2258 Tenementa

1242 2266 1356 2304 nostra,
1376 2267 1421 2297 seu
1441 2267 1470 2296 in
1492 2266 1595 2296 Terras
1611 2268 1644 2299 ὃς
1656 2267 1838 2297 Tenementa
1855 2265 1918 2303 sua,
1937 2273 1968 2295 ut
1983 2265 2011 2294 in
2028 2264 2097 2303 Jure
2119 2263 2309 2304 Episcopatus

1242 2304 1301 2343 sui,
1318 2305 1419 2344 absque
1432 2304 1525 2336 debita
1541 2304 1725 2336 Liberatione
1739 2304 1909 2335 eorumdem
1931 2303 2043 2342 habits,
2062 2304 2117 2334 una
2132 2310 2202 2334 curn
2216 2304 2309 2335 Exiti-

1242 2344 1294 2374 bus
1305 2344 1473 2375 eorumdem
1484 2367 1494 2382 ,
1511 2353 1545 2373 ac
1559 2345 1659 2375 omnia
1671 2345 1704 2376 ὃ(
1717 2342 1887 2374 omnimoda
1900 2341 2006 2373 Debita
2016 2364 2027 2380 ,
2045 2341 2211 2382 Compota,
2230 2342 2308 2374 Prae-

1241 2382 1319 2421 stira,
1336 2383 1480 2422 Arreragia
1496 2381 1668 2419 Firmarum,
1688 2381 1904 2420 Compotorum
1915 2404 1924 2418 ,
1949 2382 2156 2419 Securitatum,
2180 2381 2308 2412 Promis·

1244 2421 1349 2460 siones,
1374 2421 1537 2461 BarganiaS,
1562 2421 1781 2452 Conventiones
1800 2422 1834 2453 &
1855 2419 2054 2451 Denariorum
2073 2419 2205 2451 Summas
2228 2421 2310 2460 quai-

1242 2470 1368 2499 cumque
1389 2461 1491 2492 Nobis
1512 2469 1560 2499 per
1580 2460 1663 2499 ipfiam
1691 2459 1846 2499 Epifiopum
1867 2458 2112 2497 qualitercumque
2134 2458 2231 2490 debita
2248 2461 2307 2491 five

1242 2500 1424 2538 pertinentia,
1448 2500 1482 2531 ὅτ.
1497 2509 1586 2529 omne
1603 2500 1630 2529 id
1648 2501 1724 2538 quod
1741 2499 1774 2529 ad
1797 2497 1865 2528 Nos
1880 2497 1971 2528 versus
1991 2497 2076 2537 ipsimi
2095 2497 2251 2538 Epifiopum
2267 2498 2307 2531 de

1242 2539 1275 2569 ὃ(
1292 2548 1345 2576 pro
1363 2539 1499 2569 omnibus
1511 2539 1544 2568 δε
1560 2538 1672 2576 singulis
1687 2536 1841 2567 Praemissis
1853 2536 1897 2566 vel
1913 2546 2014 2567 eorum
2033 2537 2126 2575 aliquo
2145 2547 2174 2566 in
2189 2538 2244 2567 hiis
2256 2536 2307 2568 Li-

1240 2578 1305 2608 teris
1318 2576 1482 2607 Patentibus
1499 2576 1599 2607 nostris
1613 2576 1776 2615 specificatis
1789 2576 1909 2615 pertinet
1924 2575 1972 2606 seu
1985 2576 2125 2612 pertinere
2138 2577 2243 2614 poterit
2257 2585 2307 2608 aut

1241 2616 1328 2646 debet
1349 2616 1407 2647 ullo
1427 2615 1537 2653 modo,
1554 2625 1670 2646 necnon
1693 2614 1864 2645 omnimoda
1886 2613 2040 2650 Adtiones,
2061 2613 2216 2652 Querelas,
2235 2615 2310 2646 Pro—

1241 2655 1347 2692 ceffus,
1367 2654 1611 2693 Redemptiones,
1629 2654 1741 2692 Se&as,
1761 2653 1992 2690 prosecutiones,
2008 2652 2283 2691 condempnatione

1242 2694 1430 2724 Executiones
1449 2694 1482 2724 &
1499 2693 1649 2723 Demanda
1684 2702 1855 2730 uaecumque
1867 2701 1931 2731 quae
1946 2692 1990 2721 vel
2008 2701 2076 2733 quas
2089 2690 2161 2721 Nos
2174 2690 2247 2723 solus
2259 2703 2294 2723 ve

1242 2732 1309 2763 Nos
1324 2731 1504 2770 conjunetim
1518 2740 1588 2762 cum
1602 2732 1659 2761 aliis
1697 2732 1800 2762 erfonis
1819 2730 1862 2760 vel
1883 2730 1934 2760 alia
1951 2730 2074 2761 Persona
2090 2739 2190 2760 coram
2206 2729 2311 2761 Nobis

1242 2772 1276 2801 &
1289 2769 1418 2801 Consilio
1435 2770 1534 2800 nostro
1549 2770 1594 2799 vel
1611 2770 1718 2798 Coram
1737 2768 1839 2799 Nobis
1850 2770 1880 2798 in
1898 2768 2075 2798 Cancellaria
2087 2768 2184 2797 nostra
2198 2768 2307 2806 autJu·

1241 2808 1368 2838 sticiariis
1382 2808 1483 2838 nostris
1497 2809 1534 2838 de
1549 2815 1610 2836 uno
1626 2806 1672 2837 vel
1689 2806 1724 2837 de
1737 2806 1792 2836 alio
1807 2805 1903 2836 Banco
1925 2805 1972 2835 seu
1986 2813 2088 2835 coram
2102 2804 2257 2838 Batonibus
2270 2808 2308 2839 de

1241 2847 1391 2877 Scaccario
1407 2846 1506 2876 nostro
1519 2853 1565 2876 aut
1585 2854 1687 2875 coram
1702 2844 1931 2882 quibuscumque
1950 2843 2010 2874 aliis
2024 2842 2176 2882 Judicibus
2195 2844 2241 2875 vel
2252 2846 2307 2886 Ju-

1240 2885 1364 2915 sticiariis
1384 2885 1487 2915 nostris
1512 2885 1542 2914 in
1558 2893 1739 2923 quacumque
1760 2882 1847 2913 Curia
1865 2881 1961 2912 nostra
1980 2877 2150 2925 habuimus,
2167 2884 2306 2922 exigimus

1240 2924 1284 2955 vel
1300 2923 1502 2961 vendicamus,
1519 2930 1566 2954 aut
1581 2922 1700 2960 habere,
1718 2923 1828 2960 exigere
1844 2921 1888 2952 vel
1905 2919 2055 2952 vendicare
2075 2921 2229 2960 poterimus
2243 2924 2304 2955 ullo

1242 2962 1331 2993 modo
1344 2962 1436 2992 versus
1451 2962 1536 3001 ipsum
1559 2961 1731 3000 Episcopum,
1748 2959 1887 2991 I-laeredes
1919 2959 2095 2990 Executores
2112 2961 2157 2990 seu
2175 2960 2308 3002 Affigna-⁵

1240 3010 1284 3032 tos
1296 3000 1356 3031 suos
1372 3010 1424 3038 pro
1440 2999 1591 3031 Praemiffis
1603 3000 1647 3030 vel
1661 3000 1755 3039 aliquo
1764 2983 1994 3036 Praemissbrum,
2012 2997 2058 3028 seu
2071 3008 2126 3036 pro
2141 2997 2232 3037 aliqua
2251 3001 2304 3033 alia

1239 3038 1344 3076 Causa,
1363 3038 1500 3078 Materia,
1517 3038 1566 3070 Re
1579 3037 1626 3068 seu
1649 3037 1811 3069 Occasione
1834 3045 2015 3075 quacumque
2036 3037 2066 3067 in
2078 3036 2240 3075 praediHum
2259 3041 2302 3070 Ε..

1232 3077 1365 3118 pifiopum
1380 3077 1530 3108 occasione
1544 3077 1707 3115 aliquorum
1723 3075 1938 3107 Praemiffornm
1952 3075 1998 3106 seu
2013 3085 2113 3106 eorum
2125 3074 2241 3113 alicujus
2253 3086 2302 3109 aut

1237 3127 1271 3148 ex
1283 3117 1372 3156 aliqua
1394 3117 1444 3147 alia
1461 3114 1551 3147 Causa
1572 3125 1755 3155 quacumque
1777 3114 1976 3153 promulgatas,
1993 3113 2027 3144 &
2050 3113 2075 3143 F
2076 3115 2178 3144 irmam
2194 3115 2303 3148 Pacem

1237 3155 1364 3186 nostram
1381 3154 1417 3185 Ei
1433 3154 1497 3185 inde
1511 3154 1727 3192 Concedimus,
1746 3163 1780 3183 ac
1802 3153 1900 3184 omnia
1920 3152 1954 3183 &
1976 3151 2078 3190 singula
2094 3151 2173 3183 Bona
2189 3154 2223 3184 δε
2241 3153 2302 3186 Ca-

1237 3195 1299 3226 talla
1313 3192 1390 3233 ipsius
1399 3194 1519 3232 Episcopi
1534 3194 1642 3224 ratione
1659 3191 1878 3222 Praemifforum
1899 3189 1946 3221 seu
1970 3199 2070 3220 eorum
2088 3190 2202 3229 alicujus
2219 3193 2303 3225 foris-

1237 3232 1310 3264 fatsta
1323 3233 1415 3263 debita
1432 3234 1489 3262 live
1502 3231 1668 3269 pertinentia
1683 3231 1767 3260 eidem
1782 3228 1906 3269 Epifiopo
1923 3227 2035 3259 Damus
2050 3229 2084 3260 &
2102 3227 2302 3263 concedimus

1235 3282 1284 3312 per
1300 3271 1453 3303 Praesentes
1468 3269 1608 3302 Habenda
1623 3269 1707 3299 eidem
1719 3270 1843 3306 Episcopo
1856 3267 1892 3298 de
1906 3266 2000 3297 Dono
2013 3266 2232 3311 nostro-absque
2252 3270 2303 3302 ali-

1237 3320 1298 3349 quo
1313 3310 1377 3340 inde
1391 3307 1527 3339 solvendo
1541 3309 1639 3339 Nobis
1655 3308 1701 3338 seu
1715 3306 1862 3338 reddendo
1878 3306 1935 3336 sine
1949 3304 2101 3345 Compoto
2115 3306 2181 3338 inde
2194 3308 2303 3339 facien.

1238 3352 1296 3386 do,
1315 3358 1351 3380 eo
1367 3347 1450 3386 quod
1464 3348 1587 3385 expressa
1600 3347 1712 3377 mentio
1727 3346 1762 3376 de
1775 3347 1845 3376 vero
1862 3344 1964 3376 Valore
1978 3343 2086 3374 Annuo
2099 3353 2145 3387 aut
2158 3345 2194 3376 de
2207 3346 2301 3377 Certi-—

1238 3388 1336 3419 tudine
1351 3385 1568 3418 Praemifforum
1592 3386 1620 3415 in
1637 3385 1822 3415 Praesentibus
1836 3384 1957 3414 minime
1978 3381 2051 3412 faita
2066 3382 2175 3421 existit,
2192 3393 2239 3415 aut
2251 3385 2302 3416 ali-

1237 3436 1297 3465 quo
1317 3426 1446 3462 Statuto,
1463 3424 1558 3461 Astu,
1580 3423 1788 3460 Ordinatione,
1804 3421 2035 3463 Provisioneseu
2058 3419 2251 3454 Restrifflone
2268 3425 2300 3454 iu

1238 3465 1409 3496 contrarium
1428 3462 1493 3492 inde
1506 3462 1602 3499 facto,
1618 3461 1714 3498 edito,
1729 3461 1843 3500 proviso
1855 3460 1910 3490 sive
1923 3459 2069 3495 ordinato,
2088 3466 2136 3489 aut
2150 3459 2301 3500 aliquaalia

1238 3502 1287 3535 Re
1302 3502 1396 3533 Causa
1410 3501 1454 3532 vel
1470 3498 1594 3531 Materia
1611 3508 1793 3539 quacumque
1807 3499 1838 3528 in
1854 3497 1948 3536 aliquo
1965 3505 2027 3527 non
2042 3495 2227 3530 obstantibus.

1294 3578 1329 3612 Iri
1347 3580 1444 3618 cuius,
1459 3578 1521 3610 ὅτε.

1292 3655 1384 3702 Teste
1403 3654 1487 3694 Rege
1505 3653 1579 3693 apud
1595 3651 1871 3692 Wllmonasscrium,
1895 3650 2014 3682 decimo
2035 3648 2156 3689 septimo
2178 3650 2225 3683 die
2249 3650 2302 3683 Fe„

1238 3699 1351 3731 bm²¹¹¹·
1892 3750 1946 3778 Per
1961 3745 2046 3786 ipsimi
2064 3750 2170 3785 Regem.

2265 4033 2311 4065 De.

2323 1978 2342 1997 ⁸
2352 1974 2437 2009 xm.

2323 2021 2387 2054 24⁶·
