2555 4266
724 206 832 250 ET
919 209 1179 251 ACTA
1263 181 1734 254 PUBLICA.

10 303 41 326 n.
55 292 98 324 D.
110 294 174 328 liter
187 300 354 335 procuretur
364 293 619 331 stuipermittatur,
634 293 754 333 Treugis
769 294 931 326 dumniibus
945 295 1111 332 supradietis.

5 339 72 374 449.
152 334 280 372 ITEM,
297 334 370 363 inter
385 331 454 362 Nos
475 332 508 362 &
532 332 682 372 praedi&os
704 332 939 371 Ambaffiatores,
959 333 1177 364 Concordatum

2234 232 2284 275 17

1211 294 1333 337 ducere,
1354 304 1413 324 non
1428 294 1523 326 licebit
1547 295 1733 328 Illustriffimo
1749 301 1881 329 Scotorum
1904 303 1967 340 Regi
1984 312 2028 335 aut
2051 305 2135 336 alicui
2159 306 2281 337 Subdito
2303 305 2434 337 Anthi).

1219 336 1278 362 live
1293 332 1386 370 Ligeo
1402 333 1451 363 suo
1466 344 1510 364 eas
1526 335 1570 364 vel
1594 344 1625 365 ea
1641 336 1685 366 seu
1702 336 1827 374 aliquam
1851 338 1966 369 Partem
1984 345 2153 375 eorumdem
2177 354 2282 384 emere,
2323 354 2410 384 1449,

10 374 65 402 ι.6.

11 2566 64 2595 xi.

0 2616 39 2643 i·9·

115 374 150 405 δε
173 370 349 403 Conclusum
373 369 415 400 est
438 370 536 410 quod,
554 371 590 409 fi,
608 371 770 402 durantibus
794 371 917 410 Treugis
937 372 980 401 seu
1003 371 1177 401 Guerrarum

114 411 298 442 Abstinentii's
311 408 470 448 praedietis,
485 411 630 450 contingat
647 410 756 448 aliquos
777 409 912 440 Subditos
930 413 984 440 live
1011 409 1115 448 Ligeos
1134 409 1178 438 di-

116 450 158 480 &i
171 447 403 479 Excellentiffimi
417 447 557 486 Principis
579 447 691 485 Angliae
710 447 750 483 ὠ·
765 451 888 477 Francia
905 450 982 483 Regis
999 457 1050 486 per
1075 446 1158 477 Mare
1167 469 1177 484 ‚

114 485 430 556 ffifflffilssssii’
447 486 605 555 ‘3350322
613 487 681 554 ’rii
703 484 892 554 ”fiissassss‘ffesffi
904 485 1177 560 fflffiff‘c'ffiifscslif

115 573 174 602 que
195 563 368 594 conditionis
384 547 527 594 Hdmines
541 564 571 593 vi
590 534 778 600 ‘sg'emp'estatis
795 571 842 591 aut
862 546 1045 599 ffenmrum,
1063 562 1108 591 seu
1127 561 1178 592 alia

112 600 206 645 justa,
224 602 397 646 rationabili,
421 602 455 633 &
474 601 647 648 necessaria,
670 608 841 639 urgenteque
867 597 977 643 Causa,
996 600 1030 642 ad
1055 599 1111 630 hoc
1130 610 1179 630 eos

117 640 575 710 iffsssieifleessffisa<iuaiii
588 639 650 714 iiii
660 637 988 719 ‘ifffffssefssssziiziiai‘
997 638 1181 720 {garsias

117 717 214 754 aliquo
234 717 321 748 Portu
336 740 345 755 ,
367 718 421 748 five
439 717 494 746 alio
520 716 604 746 Loco
622 724 793 758 quocunque
819 714 915 758 Regni
935 714 1061 753 Scotiae,
1089 718 1132 747 vel
1151 717 1182 745 iri

117 755 215 793 aliquo
232 756 299 786 loco
312 757 385 794 juxta
403 755 479 798 idem
496 754 631 791 Regnum
647 752 839 797 Naufragium
862 762 917 791 pati
938 752 1113 798 (dummodo
1135 754 1185 784 ali-

117 791 1182 870 isszbifiis‘i’ssalffiffiisssszffaissszssrtsssaffiaziiiniz¹¹iffl‚¹¹33

117 872 203 902 alicui
216 871 262 902 vel
277 871 412 910 aliquibus
425 869 609 900 Subditorum
625 869 670 899 seu
690 868 843 907 Ligeorum
857 868 970 900 suorum
981 893 990 907 ,
1008 879 1057 908 per
1074 870 1115 907 se,
1136 871 1181 900 vel

116 910 202 948 alios,
221 909 309 947 ipsos,
327 909 365 939 fic
382 908 535 948 Appuisos‚
553 907 598 938 seu
614 906 806 945 Naufragium
818 906 925 946 passos,
941 917 1042 939 eorum
1065 909 1182 947 Naves,

117 947 211 986 Bona,
231 946 434 983 Mercandisas,
453 945 510 977 sive
525 945 584 977 Res
594 946 657 976 alias
670 947 880 984 quascumque,
897 947 926 976 in
942 947 1101 984 hujusmodi
1115 947 1148 978 N
1152 959 1182 978 a-

119 988 200 1017 vibus
212 985 348 1023 adducta,
363 984 493 1024 Capere,
511 984 640 1023 Rapere,
659 985 703 1015 vel
722 985 759 1014 ab
774 985 897 1022 eisdem,
916 985 952 1016 sic
968 986 1115 1023 Appuliis,
1133 996 1181 1017 aut

118 1024 311 1063 Naufragium
325 1023 420 1063 pastis,
438 1024 482 1054 vel
497 1024 590 1063 passo,
608 1024 715 1054 auferre
729 1025 830 1062 quovis
845 1024 935 1054 modo
946 1047 954 1061 ,
970 1024 1015 1054 vel
1028 1026 1112 1054 etiam
1132 1025 1180 1055 de-

119 1065 224 1100 tinere,
242 1070 289 1092 aut
299 1063 406 1093 ratione
419 1061 521 1093 Debiti
536 1063 650 1100 alicujus
659 1060 789 1091 Personae
800 1084 809 1099 ,
827 1062 924 1092 eadem
939 1063 1012 1101 Res,
1030 1062 1178 1100 Bona,vel

117 1100 326 1138 MercandisaS,
343 1100 512 1140 integraliter
531 1101 576 1132 vel
592 1101 621 1131 in
641 1108 732 1138 parte,
747 1100 866 1131 arestare
883 1100 927 1130 vel
948 1101 1055 1132 arestari
1073 1100 1183 1140 facere,

116 1140 155 1170 set
169 1139 350 1178 licebitipfis,
369 1139 407 1170 sic
422 1139 563 1178 Appulsis,
579 1147 626 1169 aut
640 1138 832 1178 Naufragium
846 1138 941 1177 passis,
960 1149 1028 1169 curii
1038 1139 1182 1178 Navibus,

118 1177 322 1217 Mercandisis,
346 1177 453 1214 Bonis,
478 1179 511 1209 δε
537 1178 637 1208 Rebus
659 1177 735 1215 suis,
759 1176 840 1208 causa
858 1177 1016 1214 hujusmodi
1044 1178 1181 1216 cessante,

119 1225 205 1256 prout
218 1216 256 1246 iic
273 1216 405 1255 Appulfi,
422 1217 456 1248 ὅ(
475 1216 627 1255 Naufragia
648 1215 715 1253 passi
727 1238 736 1253 ,
754 1224 857 1246 eorum
877 1215 958 1245 Navi
982 1216 1103 1246 Refeffiffi
1114 1239 1124 1254 ,
1140 1226 1183 1247 te-·

115 1256 258 1286 nebuntur
296 1255 466 1293 quamcitius
478 1255 636 1286 commode
648 1254 758 1285 valeant
776 1253 925 1297 recedere,
944 1254 1047 1292 absque
1069 1256 1183 1292 quibus-

117 1303 185 1324 cum
210 1303 244 1323 ue
266 1277 462 1333 impetitione,
485 1292 712 1332 Impedimento,
740 1291 960 1330 Molestatione,
986 1292 1106 1331 Aresto,
1123 1295 1180 1324 live

117 1332 170 1363 alia
221 1332 349 1363 ccasione
359 1341 552 1372 quacumque,
570 1332 620 1361 sibi
633 1340 681 1368 per
698 1330 809 1361 dietum
828 1329 1050 1370 illustriifimum
1071 1332 1182 1362 Princi-

117 1380 184 1409 pem
199 1373 335 1401 Scotorum
355 1373 465 1408 Regem,
490 1370 647 1409 aliquemve
674 1370 719 1399 seu
741 1369 847 1408 aliquos
870 1370 928 1407 ejus
945 1370 1099 1401 Subditum
1126 1371 1182 1401 sive

119 1408 270 1447 Subditos,
284 1409 443 1440 obiciendis
460 1407 515 1439 five
528 1409 613 1439 etiam
628 1407 774 1438 faciendis:

156 1446 210 1485 Et,
227 1447 307 1478 fimili
329 1446 435 1485 mode,
452 1447 473 1478 fi
497 1447 644 1484 contingat
662 1445 776 1478 (eisdem
794 1445 917 1484 Treugis
939 1447 984 1477 vel
1005 1446 1185 1479 Guerrarum

119 1484 304 1517 Abstinentiis
315 1484 488 1519 durantibus)
503 1485 609 1524 aliquos
623 1484 757 1515 Subditos
773 1484 828 1514 five
852 1484 953 1522 Ligeos
971 1485 1039 1516 dieii
1056 1486 1184 1517 Illustris-

120 1524 182 1554 fimi
200 1524 337 1562 Principis
358 1526 495 1553 Scotorum
514 1527 611 1562 Regis,
629 1522 710 1553 simili
729 1522 819 1553 modo
835 1522 1028 1562 Navigantes,
1047 1526 1076 1554 vi
1092 1525 1187 1556 Tem-

122 1562 231 1601 pestatis
249 1562 296 1593 seu
315 1561 496 1600 Ventorum,
513 1564 559 1593 vel
582 1561 634 1592 alia
647 1560 740 1600 justa,
758 1562 933 1604 rationabili,
953 1564 987 1593 &
1013 1563 1180 1602 necessaria,

123 1610 299 1639 urgenteque
319 1598 427 1639 Causa,
444 1610 492 1631 eos
513 1601 637 1630 omnino
658 1599 692 1630 ad
710 1600 768 1630 hoc
788 1600 950 1636 impellente
967 1601 1049 1634 (cum
1063 1603 1110 1639 ipli
1130 1603 1188 1633 hoc

124 1649 184 1670 non
205 1638 414 1676 affectaverint,
432 1639 466 1669 &
485 1637 529 1676 id,
548 1647 679 1676 tempore
698 1636 838 1668 Recesscis
857 1648 957 1668 eorum
981 1650 996 1669 a
1015 1639 1106 1671 Patria
1125 1641 1188 1681 sua,

126 1687 189 1708 non
212 1676 416 1716 proposuerint)
432 1676 570 1715 applicare
591 1678 620 1707 in
637 1677 731 1716 aliquo
754 1675 859 1715 Portu,
877 1677 934 1708 five
954 1677 1008 1707 alio
1027 1678 1095 1710 loco
1118 1690 1190 1718 quo.

128 1725 255 1756 cumque
274 1716 355 1746 dicio
373 1714 519 1746 Dominio
539 1714 639 1746 nostro
664 1717 730 1752 Regi
753 1715 866 1752 Angliae
887 1715 925 1750 ὠ·
953 1718 1073 1747 Franciae
1101 1717 1194 1749 subdi-

126 1762 158 1786 to
177 1756 212 1786 &
235 1753 378 1792 subje&o,
396 1754 442 1785 vel
465 1755 495 1784 in
512 1754 606 1792 aliquo
623 1753 706 1784 Loco
725 1754 795 1792 juxta
823 1753 924 1784 Portus
944 1756 988 1784 vel
1014 1756 1094 1787 Loca
1121 1768 1192 1795 prae-

124 1793 200 1824 dista
217 1791 409 1832 Naufragium
424 1794 480 1833 pati
495 1792 669 1831 (dummodo
677 1793 766 1830 aliqua
776 1792 897 1823 Persona
906 1795 935 1823 in
944 1793 1040 1831 Navi,
1059 1796 1096 1826 fic
1105 1795 1190 1827 Nau-

122 1832 244 1870 fragium
259 1830 350 1871 passa,
365 1832 501 1870 superstes
513 1830 621 1868 existat)
643 1841 702 1861 non
726 1832 822 1862 licebit
842 1832 922 1862 dieto
946 1831 1190 1865 Excellentiffimo

122 1868 248 1908 Principi
266 1870 380 1908 Angliae
396 1869 435 1906 όν
448 1873 570 1900 Franciae
585 1873 667 1908 Regi,
686 1878 734 1900 aut
748 1870 832 1900 alicui
859 1870 904 1900 vel
922 1869 1060 1908 aliquibus
1083 1873 1189 1903 Subdi-

123 1917 220 1940 torum
233 1910 279 1939 vel
294 1909 452 1946 Ligeorum
465 1909 595 1947 suorum,
612 1918 662 1948 per
678 1907 729 1946 Se,
748 1909 793 1939 vel
805 1908 890 1945 alios,
908 1908 1003 1947 ipsos,
1023 1910 1060 1941 fic
1077 1911 1188 1949 Appul-

123 1946 186 1986 sos,
201 1946 247 1978 seu
263 1946 456 1987 Naufragium
477 1946 584 1985 passos,
600 1956 701 1977 eorum
727 1946 844 1985 Naves,
866 1947 958 1985 Bona,
979 1947 1188 1989 Mercandisas,

124 1986 181 2018 five
196 1984 254 2017 Res
267 1986 330 2017 alias
343 1986 549 2025 quascumque,
566 1986 594 2016 in
608 1985 768 2024 hujusmodi
777 1985 908 2016 Navibus
922 1986 1043 2018 adducta
1053 2011 1063 2026 ,
1080 1998 1191 2028 capere,

124 2024 297 2094 ‘ere‘ei’fv⁶¹
312 2025 349 2055 ἰ’
365 2025 541 2094 eisdssnmoafflc
551 2024 703 2094 &iiiiii
721 2023 1067 2094 Ziiffssf‘igiumaffffi
1081 2028 1191 2097 35¹¹?st-

129 2074 311 2140 alidiiiuseggr
322 2074 412 2141 gaggi?
422 2087 614 2140 eadem'Res‚
631 2101 727 2146 Bon-a,
752 2074 1192 2146 veleMerdiiri'disas‘jnizntegerallit-1

126 2148 168 2171 ter
181 2140 227 2171 vel
239 2142 270 2171 in
284 2150 382 2180 parte,
399 2140 516 2172 arestare
527 2141 574 2171 vel
589 2140 697 2170 arestari
709 2141 821 2178 facere;
839 2140 876 2170 set
892 2141 990 2171 licebit
1000 2142 1078 2181 ipfis,
1096 2144 1191 2183 ficap-

123 2179 217 2218 pulsis,
236 2188 283 2210 aut
301 2178 492 2218 Naufragium
506 2178 602 2217 passis,
619 2188 686 2210 cum
701 2178 849 2214 Navibus,
870 2179 1072 2219 Mercandifis,
1090 2182 1191 2223 Bonis,

127 2217 247 2257 Rebus,
264 2218 296 2249 &
311 2217 454 2250 Hernefiis
466 2217 534 2255 suis,
552 2217 645 2248 Causss⁴
663 2217 823 2255 huiusmodi
836 2215 978 2257 cessante,
998 2229 1082 2258 prout
1097 2222 1134 2252 fic
1141 2232 1190 2260 ap·

124 2256 217 2296 pulsi,
242 2258 276 2289 ὅ(
297 2256 489 2297 Naufragium
514 2254 599 2295 paffi,
623 2266 725 2287 eorum
750 2255 831 2286 Navi
857 2257 979 2295 refecta,
1005 2260 1193 2301 tenebuntur,

124 2295 295 2333 quamcitius
306 2295 466 2327 commode
478 2296 585 2326 valeant
600 2294 750 2332 recedere,
768 2295 872 2332 absque
889 2296 1116 2336 quibuscumque
1133 2299 1191 2330 Im-

123 2335 280 2373 petitione,
304 2333 533 2373 Impeffimento,
563 2332 782 2369 Molestatione,
804 2333 920 2372 Aresto,
943 2336 1000 2365 five
1020 2336 1072 2367 alia
1096 2338 1194 2369 Occa-

124 2371 202 2403 fione
215 2382 412 2412 quacumque,
431 2374 481 2404 fibi
497 2383 546 2411 per
561 2372 670 2403 dietum
684 2370 900 2402 Illustriffimum
918 2372 1081 2412 Principem
1095 2379 1192 2415 Regem

125 2410 242 2449 Angliae
260 2410 298 2447 &
315 2414 455 2450 Franciae,
473 2412 632 2449 aliquemve
647 2411 693 2442 seu
707 2412 813 2449 aliquos
829 2411 886 2449 ejus
902 2411 1035 2444 Subditos
1046 2414 1102 2446 five
1117 2417 1193 2448 Sub-

125 2450 236 2489 ditum,
251 2450 408 2481 obiciendis
425 2451 478 2480 sive
492 2452 576 2481 etiam
593 2450 732 2480 faciendis.

160 2487 232 2519 [ΤΕ
244 2497 291 2528 Μ,
316 2489 537 2520 Concordatum
562 2490 594 2520 ὃς
615 2488 792 2519 Conclusum
810 2488 868 2527 est,
887 2491 959 2521 inter
971 2491 1039 2522 Nos
1063 2492 1193 2529 praefatos

125 2527 265 2566 utriusque
281 2528 366 2558 Partis
379 2527 407 2558 C
417 2527 625 2564 ommiffan'os,
642 2528 738 2566 quod,
757 2528 887 2571 staliquis
899 2530 943 2559 vel
957 2530 1040 2568 aliqui
1056 2531 1193 2562 Subdito-

126 2566 407 2607 rumvelLigeorum
420 2570 433 2582 *
452 2565 675 2597 Metuendisfirni
689 2565 826 2606 Principis
842 2567 954 2605 Angliae
966 2568 1003 2603 &
1012 2572 1134 2600 Franciae
1141 2573 1194 2600 Re-

124 2607 181 2643 gis,
201 2605 257 2643 sic,
275 2616 306 2636 ut
322 2605 501 2643 praedicitur,
519 2605 644 2643 appulsus
660 2605 703 2635 seu
723 2606 845 2643 appulsi,
863 2615 910 2637 aut
929 2607 1115 2647 Naufragium
1134 2610 1189 2648 pas-

128 2643 171 2674 sus
187 2644 232 2673 vel
245 2643 328 2682 passi,
348 2644 402 2674 five
417 2645 445 2674 in
462 2644 598 2682 Regnum
612 2643 719 2674 Scotiae
739 2644 788 2673 sub
809 2643 894 2675 Salvo
909 2644 1066 2677 Condut‘tu
1082 2651 1193 2679 vemens

124 2681 171 2712 vel
186 2683 344 2721 venientes,
363 2691 426 2714 ante
442 2682 531 2713 Diem
544 2683 722 2719 expirationis
736 2682 809 2712 Salvi
824 2681 999 2714 Conduetus
1020 2685 1060 2715 sui
1070 2710 1079 2725 ‚
1098 2686 1194 2718 adver-

130 2719 160 2751 sa
175 2720 342 2752 Valetudine
357 2722 431 2752 adef)
449 2731 564 2753 vexetur
580 2722 613 2752 &
629 2731 779 2759 vexentur,
795 2722 875 2758 quod
889 2722 925 2753 lic
939 2725 1063 2763 appulsus
1083 2726 1127 2755 vel
1145 2736 1194 2763 ap-

126 2759 216 2797 pulsi,
235 2759 282 2790 seu
298 2759 492 2797 Naufragium
509 2759 599 2798 paffus
619 2760 664 2789 vel
687 2759 752 2797 paffi
764 2782 773 2796 ,
791 2769 836 2790 aut
854 2760 904 2790 sub
924 2761 1010 2792 Salvo
1031 2763 1193 2795 Condutstu

125 2798 240 2827 veniens
256 2798 301 2829 vel
316 2799 474 2836 venientes,
492 2808 563 2829 cum
581 2797 660 2828 Navi
677 2798 722 2829 vel
733 2798 864 2830 Navibus
878 2823 887 2837 ,
904 2800 959 2838 qua
975 2800 1019 2832 vel
1032 2803 1134 2840 quibus
1145 2815 1193 2841 ap-

124 2836 226 2875 plicuit
239 2837 283 2867 vel
298 2837 512 2874 applicuerunt,
530 2837 575 2868 vel
591 2846 655 2867 ante
670 2836 761 2867 Diem
774 2838 953 2874 expirationis
965 2840 1002 2869 sui
1018 2840 1093 2870 Salvi
1108 2842 1192 2872 Con-

124 2873 231 2905 duetus
249 2875 285 2905 fic
302 2877 416 2907 veniens
430 2875 475 2905 vel
500 2876 644 2906 venientes
664 2885 785 2913 nequeat
804 2876 848 2907 vel
873 2887 1014 2915 nequeant
1033 2882 1192 2912 commode

123 2913 256 2944 recedere
275 2914 308 2945 &
330 2915 359 2944 in
378 2914 503 2953 proprias
519 2913 614 2944 Partes
639 2913 664 2944 se
684 2915 827 2952 recipere,
853 2923 922 2946 tunc
948 2918 1022 2947 bene
1040 2918 1136 2950 licebit
1156 2921 1192 2951 fic

124 2952 239 2989 appulso
255 2953 287 2983 &
309 2952 442 2991 appulsis,
463 2951 659 2995 Naufragium
684 2952 764 2990 passo
788 2954 821 2983 &
840 2953 934 2992 pallis,
953 2965 985 2986 ac
1008 2958 1135 2988 venienti
1158 2960 1191 2989 &

126 2992 320 3029 venientibus,
336 2990 453 3021 infirmo
468 2990 514 3021 vel
530 2990 666 3027 infirmis,
684 2992 859 3029 cuicumque
880 2993 924 3022 vel
944 2994 1170 3034 quibuscumque

125 3027 203 3059 salvo
218 3031 252 3062 &
264 3029 360 3061 secure
375 3031 403 3060 in
413 3029 519 3068 Loco,
534 3039 593 3068 quo
605 3028 643 3059 sic
658 3029 784 3069 appulsus
796 3030 840 3059 vel
853 3032 956 3068 appulfi
967 3055 976 3069 ,
997 3020 1190 3073 Naufragium}

127 3067 218 3106 paffus
237 3068 282 3098 vel
297 3068 375 3107 pasfi,
394 3068 579 3108 applicuerint
596 3067 640 3098 vel
658 3068 854 3105 applicuerint,
870 3068 1002 3101 infirmari
1019 3074 1194 3112 contigerit,

125 3106 272 3144 expestare
306 3109 428 3147 uousque
436 3107 681 3144 reconvaluerint3
697 3107 730 3137 δε
745 3116 813 3137 tunc
824 3130 833 3144 ‚
852 3117 920 3137 cum
938 3108 1192 3142 LiterisTestimo-

126 3145 242 3190 nialibus
263 3117 401 3190 lidajqriS,
417 3145 534 3190 Balliyi,
552 3144 780 3183 Constabularii,
799 3154 846 3176 aut
860 3146 972 3185 alicujus
987 3148 1097 3180 alterius
1114 3150 1194 3181 Offi-

125 3191 204 3214 ciarii
221 3183 347 3214 Domini
363 3184 453 3222 Regis
487 3194 515 3214 in
532 3184 619 3215 Loco
655 3193 694 3215 uo
707 3183 744 3213 fic
758 3193 827 3214 eum
842 3184 886 3215 vel
902 3195 951 3216 eos
968 3186 1102 3218 infirmari
1118 3199 1192 3219 con-

126 3221 235 3260 tigerit,
251 3223 346 3254 eidem
359 3223 406 3254 vel
422 3207 524 3267 eisdem
543 3223 593 3266 iub
614 3193 771 3266 &oderatis
790 3221 927 3260 Expensis
949 3226 1140 3258 concedendis
1158 3230 1191 3260 &

126 3260 280 3299 tradendis,
298 3261 379 3293 causa
396 3261 569 3292 infirmitatis
583 3260 743 3298 hujusmodi
759 3260 898 3300 cessante,
917 3264 945 3292 in
958 3263 1050 3294 Partes
1066 3269 1192 3305 proprias

127 3298 259 3329 recedere
270 3299 381 3331 licebit:
398 3300 534 3337 idemque
553 3300 679 3330 infirmus
693 3300 737 3330 seu
752 3298 854 3330 infirmi
875 3300 1036 3340 hujusmodi
1059 3306 1097 3334 fic
1113 3316 1192 3337 rece-

127 3334 196 3366 dere
210 3336 323 3369 debebit
336 3338 381 3369 vel
396 3338 542 3369 debebunt
557 3338 611 3368 abs
627 3348 661 3368 ue
679 3337 890 3376 [mpedimento
899 3341 943 3370 vel
954 3340 1106 3373 obstaculo
1116 3354 1189 3382 quo-

127 3382 268 3414 cumque,
282 3375 332 3407 fibi
345 3386 395 3415 per
408 3378 532 3414 aliquem
548 3376 586 3407 Su
629 3378 736 3407 itorurn
753 3377 798 3407 vel
821 3377 978 3417 Ligeorum
992 3378 1116 3411 Domini
1138 3385 1189 3412 Re-

126 3415 168 3449 gis
180 3415 275 3443 scotie
289 3415 509 3452 quomodolibet
524 3414 675 3452 faciendis,
692 3416 729 3445 ita
751 3424 848 3446 tamen
873 3417 953 3455 quod
969 3419 1081 3449 interim
1103 3422 1192 3452 nichil

128 3450 323 3488 Praejudiciale
334 3462 432 3484 contra
444 3454 580 3493 Regem,
596 3453 753 3492 Regnum,
769 3454 814 3485 seu
829 3455 938 3492 Ligeos
952 3456 1075 3494 ejusdem
1094 3469 1192 3491 attem-

129 3497 190 3528 ptet
205 3490 250 3520 vel
265 3498 442 3535 attemptent,
461 3492 557 3525 fierive
570 3501 703 3533 procuret
715 3492 762 3524 seu
778 3503 948 3530 procurent:

170 3527 249 3567 Quae
262 3537 375 3567 omnia,
391 3530 472 3561 simili
486 3531 577 3562 modo
593 3532 626 3562 &
643 3531 756 3569 forma,
775 3531 907 3570 fideliter,
924 3533 1082 3572 aequaliter,
1100 3535 1133 3566 &
1153 3535 1195 3566 ef-

127 3564 252 3598 ficaciter
265 3565 484 3611 observabuntur
498 3578 532 3599 ex
550 3578 626 3607 parte
643 3569 871 3602 Metuendiffimi
887 3572 1012 3603 Domini
1032 3575 1110 3610 Regis
1123 3578 1192 3604 An-

125 3604 209 3643 gliae,
228 3603 287 3640 &c.
307 3603 493 3648 Subditorum
508 3608 542 3638 &
559 3607 719 3645 Ligeorum
740 3608 855 3640 suorum
873 3621 1122 3650 quorumcumque
1133 3635 1142 3649 ,
1159 3616 1186 3643 in

128 3644 275 3687 Casu‘quo
288 3642 424 3687 aliquem,
442 3643 537 3683 Regni
552 3646 658 3676 Scotiae
673 3646 844 3685 Subditum,
862 3649 894 3679 in
915 3650 1038 3688 aliquem
1057 3650 1172 3682 Locum
1183 3675 1192 3689 ,

128 3682 240 3722 Angliae
254 3681 406 3725 Subditum
422 3681 455 3713 &
468 3682 655 3722 Subjetstum,
673 3685 710 3714 sic
733 3686 898 3724 appulsum,
916 3687 1112 3722 Naufragium
1133 3690 1191 3727 pas-

127 3720 208 3766 sum,
228 3721 271 3764 vel
287 3728 448 3750 venientem
463 3722 612 3765 contigerit
626 3721 776 3759 infirmari,
795 3725 870 3759 juxta
881 3725 1003 3756 formam
1022 3727 1055 3757 ὅτ.
1071 3729 1192 3759 modurn

129 3768 322 3841 ΠΤΡΡῙΞἛᾞἙ
331 3757 1011 3839 ,ιζξῗῗῖῗιῗερἓςῗιοῦῇξτῃτξξίῗιξῗέξῖ[τίυΓςυε
1021 3802 1109 3834 Partis
1121 3815 1194 3841 prae-

126 3835 235 3873 dictos,
260 3835 518 3874 Appuncruatum,
542 3832 781 3867 Concordatum.
800 3837 988 3877 Ordinatum,
1008 3842 1040 3871 δε
1060 3841 1191 3873 Conclu-

128 3873 192 3904 sum
205 3873 248 3904 est
286 3874 362 3911 uod,
379 3873 399 3904 fi
422 3874 590 3910 contingat,
609 3873 713 3903 eisdem
730 3875 852 3915 Treugis
871 3877 1051 3916 durantibus,
1067 3881 1192 3918 aliquem

128 3921 190 3956 non
203 3885 356 3944 Subditum
366 3935 376 3950 ,
393 3913 437 3942 vel
451 3912 558 3949 aliquos
572 3920 631 3940 non
643 3910 794 3950 Subditos,
810 3915 882 3945 dieii
897 3914 1072 3947 Illustrissimi
1085 3919 1194 3950 Princi-

128 3959 202 4018 {pis
216 3953 443 4020 Sffitmmdssegis
454 3974 463 3989 ,
482 3950 515 3980 N
518 3958 600 4019 ἔξω
618 3948 798 4017 νῐὶκὶέἷὲἲζεε,
812 3951 967 4019 Ριίτΐοῃατη
981 3956 1025 3985 vel
1045 3955 1193 4000 Personas,

128 3999 242 4070 εμῗὲῑή
256 3998 511 4072 ἑῦῗέυὲὲῗώῗέἑ]
531 3997 813 4072 Εὲἒειῗὲηαωωῗὲ
829 3994 1193 4064 ἒὲΐὲτῗὶὤῗέῑιὲῗῗῖιᾎὶῗ

126 4073 170 4104 pis
186 4063 298 4102 Angliae
317 4064 356 4100 ό·
375 4067 496 4096 Franciae
509 4068 587 4102 Regis
600 4073 632 4094 ca
669 4074 712 4102 re,
730 4064 764 4094 &
779 4073 823 4094 eas
840 4066 883 4096 vel
896 4077 929 4096 ea
943 4070 972 4098 in
994 4070 1115 4108 aliquem
1133 4072 1195 4102 Lo-

127 4112 196 4134 cum
213 4102 503 4173 vellll’orgurpleidem
516 4103 618 4136 Illustri
652 4112 703 4134 mo
724 4105 862 4135 Scotorum
879 4107 945 4143 Regi
959 4106 1120 4145 subjeetum
1144 4111 1193 4141 ad.

171 4145 243 4173 Tom.
292 4165 299 4171 .
349 4165 355 4172 .
407 4165 414 4172 .

1216 371 1262 400 seu
1280 371 1470 409 quovismodo
1491 372 1524 402 ad
1544 372 1705 403 Utilitatem
1722 373 1797 404 suam
1817 384 1959 413 receptare
1977 401 1986 416 ,
2011 381 2111 419 absque
2135 382 2280 414 Consensu
2301 388 2366 412 Heri.
2387 390 2416 413 ὁ.

1218 410 1275 446 ejus
1290 408 1334 437 vel
1349 418 1450 452 eorum
1467 411 1500 440 ad
1517 420 1603 447 quem
1621 413 1666 455 vel
1679 422 1749 451 quos
1764 411 1843 443 Bona
1856 413 1901 443 seu
1917 414 1974 445 Res
1983 418 2140 455 hujusmodi
2154 431 2217 452 ante
2229 432 2280 452 eo-

1220 456 1284 490 rum
1307 445 1481 489 Captionem
1500 450 1566 491 vere
1592 452 1786 492 pertinebant:
1805 452 1902 490 quod,
1921 452 1941 482 fi
1969 464 2016 490 per
2037 457 2156 494 aliquem
2178 470 2280 491 eorum

1219 494 1374 528 quicquam
1391 495 1419 514 in
1434 495 1610 517 contrarium
1631 487 1712 525 liujus
1731 488 1927 520 Ordinationis
1942 491 2050 522 factum
2066 496 2110 524 vel
2135 505 2282 536 attempta-

1220 532 1282 553 tum
1296 522 1398 561 fuerit,
1415 531 1485 553 tunc
1504 524 1651 563 Personae,
1671 525 1768 564 Bona,
1784 526 1859 565 Res,
1878 528 1913 558 δι·
1934 527 2120 562 Mercandisae
2133 544 2282 572 quaecum-

1222 572 1277 600 que
1291 561 1468 600 hujusmodi,
1486 562 1522 606 sic
1537 562 1643 607 Empta
1657 563 1713 593 five
1728 563 1872 603 Recepta,
1890 566 1928 596 illi
1944 567 1990 597 vel
2003 568 2072 606 illis,
2090 570 2124 600 ad
2139 582 2220 609 quam
2238 575 2284 605 vel

1221 601 1255 644 ad
1279 611 1350 644 quos
1365 599 1444 631 Bona
1460 601 1618 644 hujusmodi
1632 604 1698 631 ver'e
1719 604 1892 640 pertinebant
1915 605 2014 644 (dolo,
2039 607 2148 646 fraude,
2174 614 2283 643 malove

1222 649 1337 677 ingenio
1362 639 1529 670 cessantibus
1555 641 1793 678 quibuscumque)
1820 643 1990 680 integraliter
2014 643 2211 686 restituentur,
2234 660 2282 687 per

1223 678 1260 708 sic
1279 688 1405 709 ementes
1420 679 1476 707 sive
1490 679 1656 716 recipientes
1668 701 1677 716 ,
1696 689 1732 710 eo
1753 679 1843 709 modo
1867 690 1925 717 quo
1947 681 2052 712 restitui
2073 683 2206 715 deberent
2230 689 2248 717 fi
2267 698 2283 718 a

1224 716 1349 747 Subditis
1365 717 1436 747 dieii
1456 714 1630 747 illustrissimi
1647 716 1785 757 Principis
1805 720 1939 747 Scotorum
1958 722 2035 757 Regis
2056 729 2137 759 capta
2158 723 2283 755 fuissent:

1224 755 1258 785 δε
1276 755 1476 785 nichilominus
1494 755 1531 785 fic
1544 764 1731 795 attemptans,
1748 765 1882 794 tanquam
1898 755 2026 788 Violator
2045 759 2144 790 harum
2160 760 2287 801 Treugae

1223 803 1304 830 rum,
1322 795 1459 833 graviter,
1478 803 1529 830 pro
1544 795 1633 825 modo
1650 795 1682 825 ὃ(
1697 794 1826 833 qualitate
1842 793 1995 834 Criminis,
2015 798 2159 834 punietur:

1263 832 1342 870 Qiae
1355 833 1451 862 omnia
1466 833 1499 863 δε
1515 832 1637 872 singula,
1658 834 1748 863 modo
1766 833 1799 864 &
1815 832 1912 864 forma
1934 834 2091 873 praedietis,
2109 836 2289 868 Excellentis-

1224 871 1307 901 fimus
1322 871 1355 901 &
1369 870 1622 902 Christianiffimus
1643 871 1757 909 Angliae
1781 869 1819 906 &
1839 874 1962 902 Francia
1980 876 2040 903 Rex
2059 874 2236 914 observabit,
2255 877 2288 906 &

1225 918 1274 947 per
1288 911 1351 939 suos
1366 909 1502 940 Subditos
1518 911 1551 940 ὅ(
1571 910 1674 949 Ligeos
1691 910 1815 941 similiter
1830 912 1972 950 aequaliter
1986 913 2020 943 &
2032 912 2185 944 efficaciter
2197 915 2292 944 obser-

1226 950 1282 978 vari
1297 948 1379 979 faciat
1390 971 1399 987 ,
1418 949 1447 978 in
1464 947 1537 978 Casu
1555 958 1615 988 quo
1629 949 1717 987 aliqua
1732 949 1992 987 Persona,Naves,
2008 950 2212 990 Mercandisae,
2224 954 2291 991 Res,

1225 987 1269 1016 vel
1287 986 1365 1017 Bona
1387 996 1578 1026 quecumque
1598 987 1667 1017 dieii
1690 986 1866 1017 Illustrisfimi
1889 988 2026 1027 Principis
2039 993 2175 1020 Scotorum
2197 995 2292 1029 Regis,

1224 1033 1271 1054 aut
1285 1025 1398 1064 alicujus
1415 1025 1461 1056 seu
1474 1026 1636 1064 aliquorum
1654 1025 1764 1056 Subditi
1782 1027 1825 1056 vel
1835 1026 2021 1057 Subditorum
2031 1029 2104 1067 ejuS,
2122 1030 2215 1067 Capta
2233 1032 2294 1061 sue-

1225 1064 1281 1093 rint
1302 1074 1351 1101 per
1367 1065 1488 1102 aliquem
1506 1065 1551 1094 vel
1566 1065 1673 1102 aliquos
1689 1074 1748 1095 non
1767 1064 1919 1095 Subditum
1935 1066 1979 1097 vel
2001 1076 2060 1097 non
2082 1068 2216 1098 Subditos
2234 1069 2292 1099 Ex-

1225 1102 1422 1171 pellengisfimo
1445 1105 1478 1135 ὃς
1495 1102 1734 1134 Christianiffimo
1750 1102 1876 1141 Principi
1893 1107 1958 1142 Regi
1977 1104 2090 1143 Angliae
2106 1106 2144 1142 εἶφ’
2170 1110 2294 1137 Francia

1241 1150 1307 1176 upra
1330 1146 1355 1170 ic
1371 1151 1400 1171 ο.

1265 1178 1396 1217 ITEM,
1419 1179 1499 1210 fimili
1526 1180 1615 1212 modo
1642 1180 1862 1212 Concordatum
1889 1180 1931 1212 est
1959 1182 2057 1221 quod,
2082 1183 2118 1221 fi,
2133 1183 2294 1216 durantibus

1227 1216 1350 1256 Treugis
1371 1218 1552 1257 supradietis,
1578 1220 1724 1258 contingat
1745 1219 1865 1258 aliquam
1890 1220 2008 1251 Navem
2031 1223 2142 1253 alterius
2168 1224 2293 1254 Partiurn

1227 1255 1426 1293 praedictarum
1442 1256 1628 1295 Naufragium
1641 1259 1695 1295 pati
1711 1259 1743 1288 &
1761 1260 1873 1296 rumpi,
1892 1259 1925 1290 sc
1939 1260 2029 1297 aliqua
2043 1260 2231 1292 Personarum
2246 1273 2296 1292 exa

1228 1294 1371 1324 istentium
1385 1296 1414 1323 i'n
1432 1294 1512 1325 Navi
1529 1295 1567 1325 fic
1584 1296 1776 1335 Naufragium
1792 1296 1866 1336 paffa
1880 1298 1924 1328 vel
1942 1308 2020 1335 rupta
2035 1299 2169 1336 superstes
2182 1310 2295 1330 reman-

1227 1333 1289 1363 serit
1309 1332 1488 1368 <ceffantibus
1506 1334 1535 1363 in
1553 1343 1586 1363 ea
1602 1344 1676 1370 parte
1689 1335 1773 1372 dolo,
1792 1335 1886 1365 fraude
1897 1357 1906 1372 ,
1924 1336 2043 1367 &malo
2051 1339 2165 1376 ingenio
2178 1339 2294 1376 quibus-

1226 1381 1371 1409 cumque,
1388 1381 1452 1410 quae
1466 1373 1502 1401 de
1516 1373 1591 1402 dicia
1608 1372 1687 1402 Navi
1704 1372 1835 1410 Proiecia
1851 1374 1902 1404 sint
1912 1397 1921 1412 ‚
1940 1375 2079 1405 exeadem
2089 1377 2221 1408 ExrraCta
2233 1377 2296 1414 ,vel

1229 1411 1259 1439 in
1276 1410 1350 1440 Mari
1365 1409 1516 1447 collecta,
1534 1411 1579 1440 vel
1593 1411 1627 1440 ad
1642 1411 1765 1441 Terram
1780 1411 1806 1442 V
1809 1414 1948 1451 enientia,
1967 1413 2012 1444 seu
2034 1414 2096 1445 alias
2109 1417 2212 1455 quovis
2231 1425 2296 1446 mo-

1230 1449 1277 1491 do⁴
1285 1448 1367 1479 Salva
1382 1449 1415 1478 &
1431 1449 1556 1491 Salvata,
1575 1458 1622 1486 per
1640 1459 1705 1487 eOS,
1722 1450 1755 1479 ad
1778 1460 1900 1488 quorum
1925 1451 2043 1490 Manus,
2063 1453 2139 1492 Res,
2159 1453 2296 1485 Mercari-

1229 1487 1296 1516 diiae
1306 1510 1315 1525 ,
1331 1488 1365 1518 &
1381 1486 1459 1517 Bona
1474 1487 1634 1524 hujusmodi
1648 1488 1831 1526 devenerint,
1847 1489 2002 1520 nullatenus
2013 1490 2194 1532 dissipentur,
2210 1494 2297 1523 dimi-

1231 1535 1368 1563 nuantur,
1387 1526 1558 1564 alienentur,
1576 1526 1753 1564 dividantur,
1780 1537 1832 1556 nec
1854 1530 1955 1566 quovis
1978 1530 2067 1559 modo
2089 1531 2297 1570 subtrahantur,

1233 1573 1279 1594 aut
1293 1564 1496 1601 concelentur;
1515 1564 1552 1594 set
1572 1566 1695 1603 integra,
1713 1564 1770 1595 fine
1795 1564 1997 1597 Diminutione
2018 1577 2213 1609 quacumque,
2232 1571 2298 1601 Gu-

1233 1604 1375 1633 bernatori
1391 1603 1461 1633 illius
1480 1603 1612 1633 Dominii
1628 1603 1683 1633 sive
1708 1603 1800 1640 Loci,
1817 1604 1847 1633 in
1863 1604 1941 1642 quod
1961 1606 2005 1634 vel
2023 1617 2106 1644 quem
2122 1607 2198 1639 dieta
2220 1608 2298 1640 Bona

1231 1642 1421 1679 devenerunt,
1441 1641 1485 1671 seu
1502 1643 1559 1678 ejus
1575 1645 1589 1658 ¹*
1606 1641 1770 1680 Deputato,
1789 1641 1903 1673 fideliter
1926 1643 1960 1673 δε
1985 1644 2041 1675 fine
2062 1645 2174 1684 fraude,
2191 1647 2297 1678 delibe-

1233 1689 1330 1710 rentur
1345 1689 1429 1718 atque
1442 1681 1601 1717 tradantur,
1618 1681 1653 1710 ad
1670 1680 1764 1711 Usum
1778 1681 1821 1710 vel
1835 1679 1999 1711 Utilitatem
2018 1683 2088 1713 illius
2102 1684 2146 1715 vel
2163 1685 2277 1716 illorum
2288 1710 2298 1724 ,

1233 1719 1266 1749 ad
1279 1729 1366 1756 quem
1377 1719 1424 1749 vel
1439 1719 1473 1748 ad
1490 1729 1562 1758 quos
1582 1719 1661 1750 Bona
1688 1719 1761 1756 ipsa,
1781 1718 1838 1749 Rei
1856 1721 1973 1750 veritate
1995 1721 2120 1758 inspe&a
2131 1745 2139 1760 ,
2158 1726 2299 1760 pertinere

1234 1757 1387 1788 noscuntur
1398 1781 1407 1795 ,
1425 1756 1643 1795 Conservanda,
1661 1758 1708 1787 cui
1725 1756 1769 1787 vel
1784 1758 1902 1795 quibus,
1918 1759 1987 1789 infra
2002 1760 2120 1798 spatium
2136 1763 2215 1792 unius
2238 1763 2301 1793 An·-

1235 1798 1282 1835 ni,
1297 1807 1312 1826 a
1333 1806 1463 1833 tempore
1484 1797 1593 1827 notitiae
1608 1796 1764 1834 Naustagii
1787 1796 1832 1826 vei
1858 1795 1998 1835 Rupmrae
2025 1798 2117 1830 Navis
2137 1800 2300 1832 hu'usmodi

1232 1836 1436 1873 computandi,
1455 1835 1570 1872 licebit,
1585 1845 1637 1874 pro
1656 1834 1882 1872 Recuperatione
1898 1836 1932 1866 &
1951 1834 2145 1868 Restitutione
2199 1850 2300 1879 erum,

1234 1872 1493 1911 Mercandisarum,
1512 1875 1545 1905 ὅ(
1561 1872 1709 1904 Bonorum
1732 1873 1909 1912 hujusmodi,
1928 1875 2055 1912 prosequi
2077 1885 2175 1906 coram
2194 1877 2302 1916 Judice

1233 1913 1262 1942 in
1283 1922 1313 1942 ea
1339 1922 1413 1952 parte
1433 1922 1637 1950 competente,
1659 1910 1717 1942 Cui
1741 1912 1777 1941 lic
1796 1911 1977 1951 Prosequenti
1997 1914 2042 1943 vel
2065 1913 2302 1954 Prosequentibus

1234 1951 1342 1981 realiter
1365 1952 1399 1982 &
1423 1951 1604 1982 effectualiter
1627 1951 1716 1989 tradi,
1734 1950 1857 1987 liberari,
1877 1952 1910 1981 &
1930 1951 2037 1982 restitui
2060 1953 2164 1985 debent
2183 1955 2301 1991 (Solutis

1235 1998 1328 2019 tamen
1344 1990 1376 2020 &
1395 1989 1506 2020 Refufis
1519 1989 1653 2027 Expenfis
1669 1989 1703 2019 ὃ(
1726 1988 1892 2027 Suniptibus
1905 1991 2130 2030 rationabilibus,
2148 1993 2227 2023 factis
2244 1996 2300 2024 cir-

1234 2037 1268 2058 ca
1285 2027 1498 2059 Colleffionem
1514 2028 1547 2059 &
1559 2029 1750 2059 Silvarionem
1760 2027 1905 2059 Bonorum
1913 2029 2094 2067 eorumdem)
2108 2032 2219 2068 proviso
2229 2032 2301 2063 sem-

1232 2075 1281 2104 per
1297 2067 1377 2106 quod
1392 2066 1514 2097 Persona
1530 2068 1563 2098 &
1580 2067 1713 2097 Personae
1735 2066 1879 2103 Superstes
1893 2067 1938 2096 vel
1961 2068 2131 2104 superstites
2144 2079 2177 2100 ex
2200 2071 2302 2101 eadem

1235 2105 1336 2143 Navi,
1351 2105 1386 2135 ad
1401 2105 1525 2136 Terram
1549 2107 1711 2144 venientes,
1730 2105 1764 2135 ad
1784 2104 1893 2144 statim,
1912 2107 1985 2142 juxta
2001 2105 2139 2138 effectum
2155 2108 2189 2139 ὃ(
2201 2109 2305 2140 Teno-

1234 2154 1296 2175 retn
1312 2144 1493 2176 Praesentium
1515 2144 1714 2182 Treugarum,
1730 2142 1818 2174 libere
1831 2144 2020 2175 dimittentur,

1271 2182 1316 2213 Ιτ
1327 2192 1345 2214 Ε
1357 2192 1400 2221 M,
1420 2184 1499 2214 simili
1517 2184 1626 2220 modo,
1642 2181 1860 2214 Concordatum
1885 2182 1926 2212 est
1947 2184 2044 2222 quod,
2062 2185 2096 2222 fi,
2113 2185 2196 2216 dietis
2210 2183 2304 2219 Treu=

1233 2222 1275 2259 gis
1299 2221 1479 2261 durantibus,
1493 2223 1583 2260 aliqua
1602 2221 1710 2260 Navis,
1734 2232 1815 2252 unius
1837 2221 1924 2252 Partis
1944 2223 1986 2252 vel
2010 2223 2136 2262 alterius,
2156 2225 2303 2265 Personis‚

1234 2260 1352 2299 Rebus,
1380 2261 1567 2292 Mercand'ifis
1600 2270 1648 2291 aut
1668 2260 1754 2291 Bonis
1775 2260 1891 2298 onusta,
1912 2261 1968 2290 five
1992 2271 2088 2301 rupta,
2107 2264 2162 2294 sive
2184 2273 2237 2303 pro
2250 2264 2305 2295 Vi-

1236 2299 1391 2337 &ualibus,
1408 2301 1442 2331 δε
1460 2299 1549 2331 Nece
1572 2300 1699 2337 itatibus,
1718 2300 1754 2329 eis
1772 2300 1801 2329 in
1817 2297 1893 2328 Mari
1914 2300 2170 2336 supervenientibus
2205 2313 2306 2333 emen-

1235 2338 1292 2375 diS,
1309 2339 1473 2378 applicuerit
1489 2339 1516 2368 in
1532 2340 1654 2377 aliquem
1671 2338 1792 2368 Portum
1808 2337 1852 2366 vel
1874 2337 1990 2368 Locum
2005 2340 2090 2369 aliurn
2108 2341 2220 2377 alicujus
2236 2341 2306 2372 Par-

1237 2377 1310 2407 tium
1327 2377 1541 2416 praedkfitarum,
1559 2386 1613 2414 pro
1626 2386 1680 2415 qua
1702 2375 1871 2406 Reficicnda
1892 2376 2010 2406 Navem
2031 2378 2134 2416 ipsam,
2152 2378 2304 2419 Personas,

1237 2414 1370 2454 Merces,
1391 2416 1467 2454 Res,
1485 2417 1519 2448 &
1535 2415 1613 2446 Bona
1626 2424 1761 2445 contenta
1782 2415 1811 2443 in
1837 2415 1952 2452 eadem,
1970 2425 2099 2453 oporteat
2123 2419 2156 2447 ad
2178 2418 2304 2450 Terram

1236 2454 1360 2492 deponi,
1379 2455 1475 2492 qii'od,
1495 2456 1524 2484 in
1535 2455 1592 2485 hoc
1608 2453 1698 2491 Casu,
1719 2452 1865 2491 Personae,
1883 2452 2016 2491 Merces,
2035 2454 2110 2492 Res,
2127 2456 2303 2496 &Bonaip-

1236 2493 1259 2523 sa
1271 2517 1279 2532 ,
1299 2493 1336 2523 sic
1356 2494 1494 2532 deposita,
1509 2493 1612 2531 absque
1627 2492 1835 2528 impedimento
1857 2493 1890 2522 ὃς
1906 2492 1962 2522 fine
1980 2492 2117 2525 solutione
2132 2493 2305 2535 Custumae,

1237 2534 1265 2561 in
1280 2532 1398 2562 eandem
1415 2531 1549 2570 Navem,
1568 2531 1638 2562 cum
1662 2530 1781 2560 Refecia
1798 2530 1896 2568 fuerit,
1917 2531 1962 2560 vel
1978 2533 2005 2561 in
2022 2532 2105 2563 aliam
2130 2543 2304 2571 repon-antur

1237 2571 1365 2601 &libere
1379 2571 1572 2608 abducantur-3
1588 2570 1701 2610 proviso
1715 2578 1809 2599 tamen
1825 2569 1922 2607 quod,
1942 2579 1994 2606 pro
2012 2570 2176 2610 Mercibus,
2195 2573 2306 2613 Rebus,

1238 2608 1340 2646 Bonis,
1355 2610 1388 2640 ὅ(
1410 2609 1614 2644 Mei-candifis,
1634 2609 1740 2638 ibidem
1764 2617 1816 2645 pro
1833 2608 1957 2637 emendis
1982 2608 2175 2648 Viclualibus‚
2193 2612 2231 2641 eis
2252 2623 2304 2643 ne-

1239 2648 1359 2678 ceffariis
1373 2658 1425 2688 pro
1438 2648 1576 2679 Numero
1599 2646 1785 2678 Personarum
1809 2646 1946 2688 venditiS,
1971 2646 2124 2680 Custumae
2146 2650 2179 2681 &
2203 2659 2306 2682 caetera

1237 2686 1380 2725 Devcria,
1398 2688 1427 2716 in
1447 2697 1478 2717 ea
1496 2696 1570 2724 parte
1582 2686 1694 2723 debita,
1713 2685 1829 2714 fideliter
1848 2687 2046 2722 persolvantur.

1278 2725 1350 2756 ITE
1363 2734 1409 2763 M,
1428 2725 1511 2755 simili
1528 2724 1636 2763 modo,
1655 2723 1874 2754 Concordatum
1895 2723 1936 2754 est
1957 2726 2056 2763 quod,
2076 2726 2095 2756 si
2118 2728 2180 2765 quis
2193 2727 2229 2758 de
2249 2734 2306 2760 uria

1239 2763 1321 2796 Parte
1337 2764 1461 2794 Partium
1478 2764 1678 2802 praedit-starum
1703 2764 1811 2801 capiat,
1829 2762 1910 2792 dictis
1927 2763 2049 2803 Treugis
2071 2765 2233 2797 durantibus
2253 2768 2304 2798 ali-

1235 2804 1314 2842 quod
1326 2802 1504 2833 Fortalitium
1523 2803 1601 2840 super
1610 2802 1693 2832 aliam
1707 2801 1819 2831 Partem
1829 2823 1838 2839 ,
1857 2800 1916 2838 Ipse
1927 2824 1935 2839 ,
1951 2802 2030 2840 super
2040 2804 2071 2833 ὅτ
2082 2804 2208 2835 adversus
2215 2816 2302 2845 quern

1237 2841 1395 2879 hujusmodi
1412 2841 1590 2872 Fortalitium
1605 2840 1730 2878 Captum
1748 2840 1848 2877 fuerit,
1866 2841 1969 2876 poterit
1986 2841 2052 2872 illud
2064 2842 2245 2880 Recuperare
2254 2854 2303 2883 per

1237 2882 1313 2912 viam
1333 2879 1410 2910 Facti
1428 2880 1472 2911 vei
1488 2881 1565 2910 aliter
1580 2887 1664 2918 prout
1681 2879 1781 2908 melius
1795 2880 1911 2915 porerit:
1932 2880 1964 2909 ὃ(
1980 2881 2063 2910 etiam
2082 2883 2201 2920 potuerit
2220 2885 2305 2920 puni-

1237 2926 1267 2949 re
1285 2919 1500 2957 Malefatstores,
1518 2920 1547 2949 in
1562 2928 1592 2948 ea
1610 2927 1704 2956 parte,
1721 2917 1878 2947 secundum
1896 2919 2066 2954 exigentiam
2083 2919 2193 2957 Casus,
2211 2922 2244 2951 &
2262 2931 2304 2952 te·

1237 2959 1379 2988 nebuntur
1391 2957 1613 2988 Conservatores
1630 2957 1715 2986 Partis
1728 2956 1799 2985 illius
1809 2979 1818 2993 ,
1832 2956 1909 2991 cujus
1920 2956 2053 2987 Subditus
2070 2958 2242 2990 Fortalitium
2250 2960 2305 2991 hu-

1236 2996 1357 3033 jusmodi
1373 2998 1467 3036 cepit,
1484 2996 1643 3027 succurrere
1656 2994 1799 3036 &juvare
1816 2994 1905 3031 ipsum
1915 3017 1924 3031 ,
1940 2994 2018 3036 super
2033 2997 2065 3027 ὃ(
2080 2997 2206 3027 adversus
2215 3008 2304 3036 quern

1237 3035 1395 3072 hujusmodi
1415 3035 1592 3066 Fortalitium
1613 3032 1739 3070 Captum
1762 3034 1860 3070 ruerit,
1886 3034 1919 3062 ad
1945 3035 2034 3071 iplum
2062 3034 2303 3074 Recuperandum

1237 3083 1324 3112 quarn
1337 3075 1419 3104 citius
1433 3075 1466 3104 ὅ(
1483 3083 1569 3111 quarn
1585 3071 1743 3111 diligentius
1758 3069 1925 3109 Sumptibus
1941 3073 2010 3102 illius
2024 3072 2112 3104 Partis
2121 3074 2303 3113 offendentis3·

1235 3113 1298 3150 vel,
1317 3113 1336 3142 fi
1364 3113 1451 3151 magis
1472 3112 1622 3150 placuerit,
1638 3110 1713 3148 ipse,
1729 3110 1807 3146 super
1828 3119 1914 3151 quern
1941 3111 2100 3149 hujusmodi
2122 3113 2300 3143 Fortalitium

1233 3149 1361 3188 Captum
1385 3150 1482 3188 fuerit,
1501 3151 1640 3187 requirere
1659 3149 1761 3186 poterit
1776 3150 1808 3178 δε
1822 3152 1959 3180 lummare
1978 3150 2095 3187 Regem
2118 3153 2150 3181 δε
2174 3151 2300 3181 Conser-

1234 3198 1344 3219 vatores
1358 3189 1465 3220 alterius
1490 3188 1590 3225 Partis,
1610 3188 1654 3218 seu
1670 3196 1772 3217 eorum
1792 3186 1948 3224 Deputatos
1959 3210 1967 3226 ,
1983 3190 2063 3227 quod
2085 3189 2178 3219 Reddi
2196 3190 2299 3219 faciant

1235 3228 1269 3258 &
1286 3227 1409 3258 Restitui
1426 3227 1537 3258 dictum
1560 3227 1641 3256 suum
1664 3225 1856 3263 Fortalitium,
1875 3227 1907 3256 ὃ(
1927 3226 2125 3257 Malefa&ores
2145 3228 2191 3264 qui
2208 3228 2300 3263 hujus-

1235 3266 1313 3296 modi
1336 3266 1512 3297 Fortalitium
1538 3273 1691 3303 ceperunt,
1709 3265 1788 3302 quod
1804 3266 1871 3302 ipsi,
1890 3275 1941 3303 pro
1958 3265 2057 3302 Pofie,
2076 3265 2166 3296 facere
2182 3266 2214 3295 &
2231 3275 2297 3304 per-

1235 3305 1354 3342 implere
1375 3305 1546 3336 tenebuntur
1562 3326 1572 3342 ,
1591 3304 1643 3334 abs
1659 3313 1694 3333 ue
1707 3302 1777 3333 dolo
1788 3325 1797 3341 ,
1815 3304 1927 3340 fraude,
1946 3305 1980 3335 &
1995 3304 2068 3333 malo
2081 3304 2208 3340 ingenio.

1272 3343 1346 3373 ΙΤΕ
1358 3353 1404 3381 M,
1423 3343 1505 3373 simili
1517 3342 1623 3380 modo,
1640 3313 1861 3372 {loncordatum
1877 3342 1917 3371 est
1935 3342 2032 3379 quud,
2051 3341 2088 3377 fi,
2107 3341 2229 3380 Treugis
2243 3340 2301 3373 dui

1234 3383 1371 3421 rantibus,
1390 3382 1487 3420 aliquis
1501 3382 1546 3411 vel
1561 3381 1643 3419 aliqui
1663 3381 1699 3411 de
1715 3380 1853 3417 Vallallis,
1874 3381 1982 3418 LigeiS,
2003 3381 2046 3409 vel
2067 3379 2190 3409 Subdiris
2215 3383 2298 3412 unius

1234 3419 1361 3451 Partium
1380 3421 1579 3458 praedidiarum
1593 3419 1740 3456 deliquerit
1759 3418 1801 3449 seu
1823 3419 1991 3456 deliquerint
2008 3420 2035 3447 in
2052 3417 2213 3449 Territorio
2227 3421 2299 3450 alte«

1234 3460 1290 3489 rius
1304 3459 1408 3497 Partis,
1427 3460 1507 3489 liceat
1524 3459 1596 3488 Parti
1609 3481 1618 3495 ,
1634 3459 1662 3487 in
1684 3459 1761 3495 cujus
1774 3458 1933 3488 Territorio
1948 3457 1983 3485 lic
2004 3455 2148 3493 deliquerit
2163 3457 2207 3487 vel
2227 3460 2299 3490 deli-

1234 3499 1364 3536 querint,
1381 3498 1469 3536 ipsum
1496 3497 1715 3535 Delinquenteni
1739 3496 1781 3526 vel
1806 3495 1878 3532 ipsos
1902 3494 2119 3532 Delinquentes,
2138 3495 2298 3528 secundum

1234 3538 1403 3576 exigentiam
1420 3535 1546 3573 Delicti,
1568 3545 1616 3572 per
1633 3534 1721 3573 ipsum
1742 3534 1786 3562 vel
1811 3535 1881 3570 ipsos
1905 3530 2050 3561 coniniiffi
2069 3533 2112 3564 vel
2131 3537 2296 3574 perpetrati,

1235 3578 1354 3613 punire:‚
1373 3575 1392 3604 si
1406 3577 1478 3604 vero
1495 3574 1532 3603 fic
1551 3573 1727 3611 Delinquens
1743 3571 1784 3601 vel
1804 3571 2005 3612 Delinqueiites
2021 3569 2129 3608 Captus
2145 3576 2189 3603 vel
2211 3573 2297 3613 Capti

1234 3624 1295 3643 non
1310 3613 1390 3643 fuerit
1406 3621 1452 3641 aut
1468 3613 1586 3649 fuerint,
1606 3621 1637 3641 ut
1654 3611 1846 3651 praeniittitur,
1867 3608 1903 3637 set
1917 3612 2100 3651 lei-etraxerit
2115 3612 2159 3641 vel
2176 3621 2299 3642 retraxe-

1233 3654 1290 3683 rint
1309 3654 1337 3681 in
1355 3651 1530 3681 Dominium
1548 3650 1628 3687 iplius
1644 3649 1731 3685 Regis
1750 3657 1827 3682 cuius
1842 3646 1954 3689 Subdiu
1969 3647 2086 3687 fuerint,
2106 3649 2298 3681 Conservato-

1234 3701 1274 3720 τες
1302 3691 1363 3719 ilius
1382 3689 1465 3718 Partis
1485 3689 1606 3725 requisiti
1624 3687 1794 3716 tenebuntur
1815 3684 1945 3715 Liberate
1965 3684 2116 3717 Personam
2132 3689 2175 3718 vel
2198 3688 2298 3718 Persoa

1234 3739 1281 3758 nas
1296 3727 1460 3766 hujusmodi
1480 3725 1728 3766 Malefatstoruni,
1741 3723 1893 3765 puniendas
1907 3732 1937 3752 ut
1956 3725 2120 3763 praefertur,
2140 3725 2299 3756 Conserva-

1233 3768 1343 3797 toribus
1354 3767 1461 3796 alterius
1478 3764 1560 3793 Partis
1576 3764 1631 3792 hoc
1651 3762 1874 3800 requirentibus,
1894 3771 1939 3792 aut
1963 3773 2065 3794 eorum
2082 3765 2245 3802 Deputatis,
2265 3766 2298 3795 in

1236 3804 1367 3834 Marchia
1381 3805 1428 3833 ubi
1444 3802 1589 3840 deliquerit
1608 3800 1652 3842 vel
1666 3800 1850 3841 deliquerint,
1870 3800 1888 3830 li
1904 3803 1974 3830 vero
1989 3803 2073 3832 iidem
2093 3801 2295 3834 Malefaeiores

1231 3844 1257 3873 se
1273 3842 1481 3874 occultaverint
1492 3863 1502 3877 ,
1520 3841 1702 3874 latitaverint,
1718 3841 1762 3867 len
1777 3838 1948 3876 effugerint,
1967 3841 2002 3869 ita
2025 3849 2054 3870 ut
2075 3842 2136 3876 capi
2151 3850 2208 3870 non
2229 3841 2296 3878 pos-

1234 3882 1306 3919 fint,
1326 3881 1406 3916 Rex,
1425 3880 1504 3916 cujus
1519 3877 1628 3907 Subdiu
1644 3877 1801 3914 extiterint,
1817 3876 1900 3908 debet
1921 3888 1969 3907 eos
1987 3887 2054 3908 mox
2079 3881 2215 3916 perpetuo
2235 3880 2296 3909 for-

1233 3920 1350 3950 bannire
1363 3919 1399 3948 ab
1414 3917 1550 3946 omnibus
1568 3915 1652 3944 Locis
1665 3914 1720 3944 suae
1734 3914 1847 3945 Ditioni
1862 3916 2007 3953 subjectis,
2025 3926 2097 3953 quos
2112 3924 2215 3947 extunc
2233 3919 2298 3949 nul-

1234 3959 1262 3988 lo
1281 3967 1405 3995 unquam
1423 3963 1552 3991 tempore
1569 3952 1713 3990 restituet,
1730 3963 1784 3984 nec
1803 3956 1944 3991 permittet
1960 3955 2069 3992 ingredi
2085 3955 2128 3983 vel
2144 3956 2297 3988 inhabitare

1235 3997 1334 4033 Loca,
1353 4004 1383 4025 ut
1398 3994 1559 4030 praei‘ertur,
1579 3991 1632 4021 suae
1658 3991 1769 4022 Ditioni
1793 3992 1933 4029 subjecta,
1954 3993 2003 4022 niu
2027 3991 2224 4024 malefactores
2246 3997 2298 4033 ipsi

1232 4037 1306 4074 prius
1321 4033 1452 4064 subierint
1464 4030 1623 4068 justitiam,
1641 4031 1675 4061 &
1694 4032 1774 4067 plene
1792 4030 1969 4060 satisfecerint
1990 4030 2065 4060 alteri
2090 4030 2180 4070 Parti,
2197 4043 2299 4066 contra

1234 4082 1319 4111 quam
1343 4072 1379 4100 sic
1395 4070 1635 4106 attemptaverint,
1653 4069 1689 4098 de
1707 4069 1886 4103 Attemptatis
1907 4068 2063 4105 hujusmodi
2081 4070 2137 4100 five
2161 4070 2299 4111 Deliciis,

1232 4121 1282 4149 per
1297 4110 1371 4148 ipsos
1394 4117 1423 4139 ut
1438 4107 1583 4145 praefertur
1601 4108 1761 4146 perpetratis
1768 4106 1832 4174 :CEt
1851 4107 1916 4137 licet
1930 4106 2025 4145 aliquis
2048 4107 2109 4139 talis
2125 4108 2300 4141 Malefac'tor

2324 1648 2337 1662 ⁶
2358 1644 2409 1671 XL

2321 1691 2388 1718 250,
