2555 4266
0 244 106 277 nn.D.

0 284 85 322 1468.

0 327 38 350 bv.
58 332 86 357 4.

0 1232 53 1252 .nn.
68 1220 110 1251 D.

0 1260 86 1298 1468.

0 1303 28 1327 ἠ.
47 1300 73 1327 8.

0 1385 65 1403 rant.
81 1374 97 1401 8
105 1397 111 1403 .

0 1463 15 1482 Ι.
30 1462 77 1480 20.

0 3004 83 3051 fxi.

0 3052 56 3079 ³27.

727 158 835 200 ET
916 157 1172 201 ACTA

125 243 327 284 Dependentiis
349 243 385 274 ab
403 243 523 280 eisdem,
539 251 642 274 omnes
662 243 694 275 &
718 243 899 275 omnimodas
911 244 1091 282 Securitates,
1109 243 1187 274 Cau-

123 286 229 323 tiones,
246 283 397 320 Promilsa,
416 282 631 320 obligationes,
648 293 681 312 ac
706 283 809 313 Literas
831 284 954 321 figillatas
975 282 1185 319 Concedendi,

125 322 273 356 Faciendi,
292 323 325 352 δε
341 320 532 357 Expediendi,
552 330 634 356 prout
649 321 741 351 cidem
758 321 976 359 Anibailiatori,
997 321 1131 356 Oratori,
1150 321 1184 351 &

122 359 327 391 Commissario
342 359 438 388 nostro
452 359 590 389 videbitur
605 359 816 398 expedire,qtiae
827 360 912 390 talem
928 368 1090 395 tantamque
1103 357 1186 393 Vim,

119 399 328 429 Auctoritatem
339 419 349 433 ‚
368 398 402 427 &
424 396 571 427 Effeetum
591 398 722 428 volumus
735 399 843 429 realiter
854 399 999 435 obtinere,
1025 406 1058 426 ac
1075 396 1094 425 fi
1111 405 1143 426 ea
1157 396 1187 424 in

123 438 235 476 propria
251 433 371 465 Persona
388 435 565 475 fecissemus,

160 474 327 512 Caetetaque
348 475 444 503 omnia
461 476 494 505 &
512 474 618 511 singula
631 475 659 504 in
675 472 824 504 Premiffis
836 471 998 508 Conclusa,
1014 469 1186 500 Concorda—

122 521 168 550 ta,
190 513 225 543 &
250 511 386 550 Firmata,
411 511 587 551 Expediendi
602 535 612 550 ,
638 512 823 549 perficiendi,
849 511 882 540 &
907 519 960 546 pro
984 508 1066 538 Parte
1092 507 1188 538 nostra

122 549 316 588 Perimplendi
327 573 337 588 ,
354 561 387 581 ac
411 552 506 581 debite
528 550 710 588 Exequendi,
728 550 813 579 etiam
834 548 852 578 si
866 549 968 583 majora
984 547 1036 577 {int
1052 548 1085 577 ὃς
1100 546 1190 576 Man-

125 590 224 620 datum
249 589 285 619 de
308 588 355 619 sua
376 589 473 620 natura
495 590 580 627 magis
593 590 704 626 exigant
718 587 850 624 speciale,
870 587 903 616 ὃς
916 595 981 623 quae
997 585 1125 628 Nosmet
1139 584 1190 623 ipsi

121 629 214 659 facere
237 627 382 665 possemus
402 628 421 657 si
443 627 617 665 personaliter
633 625 779 664 praesentes
794 624 914 655 essemus
928 625 958 653 in
975 623 1189 663 Explicatione,

124 668 158 698 &
175 665 368 696 Conclusione
388 664 619 700 Praemifforum3
891 700 896 705 ι

164 704 384 742 PromittenteS,
409 703 485 734 bona
506 702 574 731 Fide
594 703 627 732 ὃ(
645 702 674 731 1η
696 700 797 731 Verbo
820 700 935 739 Regio,
967 700 1036 731 Nos
1063 699 1189 737 Ratum,

126 743 268 782 Gratum,
286 744 320 774 &s
344 742 474 772 Firmum
490 741 629 779 perpetuo
651 739 794 770 habituros
816 748 909 769 totum
931 739 965 769 &
988 738 1122 776 quicquid
1140 748 1189 776 per

125 782 238 812 distum
262 779 497 812 Ambaffiatorern
534 777 690 808 Oratorem
701 802 709 816 ,
726 780 759 809 ὃς
786 777 1021 808 Commissarium
1038 777 1168 807 nostrum
1184 799 1194 814 ,

124 820 257 856 Anum,
275 818 420 857 Gestum,
437 817 483 848 seu
505 799 695 847 ementatum
718 817 802 848 fuerit
821 818 850 847 in
872 816 1020 847 Praemiffis
1033 816 1079 847 seu
1095 815 1190 853 aliquo

131 856 355 889 Praetniffornm.

164 896 197 927 in
211 896 289 931 cujus
298 917 306 930 ‚

179 933 268 965 Teste
282 932 363 972 Rege
379 931 452 971 apud
466 932 741 973 westmonasterium,
758 935 855 972 primo
868 930 915 964 die
930 929 1060 972 Augusti»

276 1013 331 1041 Per
350 1014 442 1043 Breve
458 1013 490 1043 de
510 1015 629 1044 Privato
644 1014 753 1053 sigillo,
768 1013 805 1050 (ἐν
825 1014 857 1044 de
875 1017 956 1045 Data
971 1036 982 1052 ,
999 1012 1059 1049 &c-

225 1139 285 1170 Pro
305 1138 392 1170 Duce
411 1139 590 1180 Britanniae‚
616 1137 652 1170 de
675 1137 825 1182 Succurfit
843 1134 1096 1182 Trastsmittendo.

136 1221 263 1279 REX
279 1221 444 1261 Omnibus,
462 1223 495 1253 ad
511 1232 599 1262 quos,
617 1222 678 1253 &c.
696 1222 832 1253 Salutem.

250 1260 337 1291 Cum
355 1271 443 1298 nuper
464 1262 498 1291 ad
513 1272 564 1291 nos
579 1262 708 1291 venerint
723 1260 868 1299 Johannes
882 1260 914 1289 de
927 1258 1041 1289 Rouvill
1053 1257 1197 1300 Vicecan-

132 1298 257 1330 cellarius
274 1299 444 1338 Britanniae,
460 1301 493 1330 δ(
515 1300 644 1330 oliverus
665 1299 698 1329 de
710 1299 805 1329 Brulio
820 1298 988 1329 Senescallus
1003 1297 1198 1334 Redoneniis‚

134 1337 170 1367 N
173 1340 249 1368 uncii
270 1339 303 1369 ὃ(
328 1338 463 1368 Oratores
482 1337 675 1368 Potentiffimi
704 1336 847 1375 Principis
862 1338 894 1368 ὃ(
910 1334 1053 1366 Carissimi
1068 1334 1198 1375 Consan-

134 1378 229 1414 guinei
254 1375 343 1406 nostri
364 1375 499 1414 Francifti
521 1379 605 1406 Ducis
624 1378 796 1413 Britannice,
817 1384 941 1414 petentes
962 1385 978 1404 a
995 1374 1095 1404 Nobis
1109 1373 1142 1404 ad
1158 1373 1199 1403 sui

135 1414 363 1451 Neceffitatem,
390 1415 409 1444 si
434 1414 509 1444 casus
536 1415 674 1451 exigerit,
700 1413 884 1452 Adjutorium
909 1415 942 1443 &
967 1413 1138 1442 Succursum
1163 1411 1200 1441 de

135 1453 270 1488 Quatuor
290 1452 419 1483 Millibus
441 1452 650 1491 Sagittariorum
665 1474 675 1490 ,
700 1462 754 1489 pro
775 1452 828 1482 Sex
852 1450 1000 1481 Mensibus
1023 1460 1072 1488 per
1094 1460 1145 1480 nos
1168 1451 1197 1479 in

135 1491 306 1522 Britanniam
323 1490 639 1527 Transmittendomm,
658 1498 690 1520 ut
706 1490 798 1520 eidem
820 1489 1038 1527 Consanguineo
1051 1488 1152 1518 nostro
1168 1489 1200 1518 in

137 1529 258 1560 Guerris
289 1529 490 1560 Deserviantur
525 1538 623 1559 contra
648 1527 845 1558 Adversarium
873 1527 1002 1557 nostrum
1031 1527 1200 1556 Lodovicum

140 1571 262 1598 Franciae
275 1590 285 1606 ,
306 1568 354 1606 qui
379 1569 464 1598 etiarn
488 1567 583 1597 eidern
606 1565 827 1605 Consanguineo
851 1565 948 1597 nostro
973 1565 1094 1596 Infestus
1112 1565 1198 1596 habe-

135 1615 198 1642 tur,

170 1646 249 1684 Nos,

172 1682 391 1714 Confiderantes
414 1683 528 1724 ejufilem
546 1687 632 1714 Ducis
653 1683 898 1722 Benivolentiarn,
923 1682 1137 1720 Affeffionem,
1163 1682 1198 1713 δε

133 1720 259 1753 Gratum
285 1722 427 1753 Animum
442 1746 451 1759 ,
474 1723 575 1761 quibus
598 1722 730 1753 Personae
754 1723 859 1753 nostrae
886 1721 980 1753 Statfis
1007 1721 1040 1752 &
1068 1721 1198 1751 Honoris

132 1760 391 1792 Conservationem
410 1761 602 1800 prosequitur,
617 1761 733 1800 aliasque
753 1763 794 1793 ob
815 1760 918 1792 Causas
940 1760 1045 1791 merito
1066 1769 1118 1790 nos
1133 1769 1197 1789 mo-

133 1808 232 1831 ventes

167 1822 436 1876 Con’cordavimus‚
456 1837 742 1877 Appunctuavimus‚
760 1840 793 1870 &
817 1837 1037 1875 Conclufimus,
1055 1836 1193 1868 Concor-

132 1876 249 1915 damus,
270 1877 524 1915 AppuntstuamuS,
547 1878 580 1908 ὃς
604 1876 836 1915 Concludimus,
861 1886 911 1915 per
930 1876 1104 1914 Praesentes,
1126 1884 1196 1906 curn

133 1916 239 1946 eodem
255 1914 453 1955 Consanguineo
466 1915 569 1955 nistre,
590 1915 688 1945 Modis
703 1917 737 1947 ὃς
751 1915 855 1945 Forma
871 1923 900 1945 ut
913 1914 1049 1953 sequitur,

169 1953 208 1985 Et
227 1953 297 1983 idem
310 1956 379 1983 Dux
394 1955 480 1984 etiam
496 1953 661 1984 Nobiscum
677 1954 907 1992 Appunstuavit,
927 1952 1144 1990 Concordavit,
1161 1952 1195 1983 δε

133 1993 285 2024 Conclusit
302 1991 397 2022 Modis
413 1993 447 2023 &
463 1992 568 2023 Forma
584 2001 612 2022 ut
625 1993 654 2023 in
671 1993 771 2023 Literis
784 1992 852 2028 suis,
869 1992 905 2022 de
920 1991 1010 2030 Data,
1026 1992 1114 2022 Anno
1128 1991 1195 2021 Do—

133 2033 221 2069 mini,
247 2030 419 2068 Millesimo,
445 2031 751 2070 Quadringentesimo,
778 2030 970 2069 sexagesimo,
994 2031 1118 2068 octavo,
1144 2028 1197 2060 Se-

134 2070 228 2102 cunda
245 2069 350 2099 Mensis
365 2069 453 2106 Maii,
469 2071 498 2099 in
514 2068 639 2100 Civitate
659 2069 855 2105 Nannctensi‚
872 2069 955 2107 plene
970 2070 1152 2106 continetur,

175 2107 220 2139 IN
229 2116 246 2138 p
257 2117 280 2138 R
290 2117 301 2138 1
311 2116 359 2138 Mt
368 2117 379 2137 s
388 2130 397 2146 ,
417 2107 496 2146 quod
511 2107 672 2145 Nos‚infra
689 2108 772 2139 Duos
789 2108 901 2138 Menses
914 2107 978 2147 post
991 2108 1118 2138 debitam
1135 2107 1197 2137 Re-

135 2147 317 2185 quilitionem
342 2146 440 2177 Nobis
461 2145 566 2176 saetam
585 2147 637 2177 sub
659 2146 761 2184 Sigillo
781 2146 857 2186 ipsius
872 2149 972 2184 Ducis,
991 2145 1197 2177 ordinabimus

138 2188 172 2218 &
195 2185 347 2216 Mittemus
366 2185 435 2215 Tria
460 2185 552 2215 Millia
573 2185 800 2226 Sagittariorum,
820 2195 890 2215 cum
905 2195 1005 2215 eorum
1021 2184 1197 2221 Capitaneis,

136 2225 185 2263 qui
199 2225 235 2254 de
246 2224 325 2253 dicto
343 2222 479 2253 Numero
493 2232 590 2263 erunt,
608 2224 642 2254 ad
659 2224 778 2254 Portum
795 2223 831 2254 de
845 2223 980 2254 Caucalle
994 2225 1023 2252 in
1036 2222 1196 2260 Britannia,

135 2265 158 2294 fi
174 2263 283 2293 Ventus
295 2271 435 2301 congruus
452 2261 576 2300 flaverit,
592 2263 626 2294 &
642 2262 732 2292 Maris
745 2260 915 2300 Tempestas
927 2262 974 2293 vel
991 2261 1078 2292 Casus
1091 2262 1196 2293 adver-

139 2301 182 2333 sus
197 2311 257 2332 non
271 2300 384 2331 obsistat
390 2312 401 2340 3

173 2340 211 2370 Et
230 2340 377 2377 dabimus,
393 2349 447 2379 pro
471 2338 555 2370 Mille
577 2340 611 2371 &
625 2340 798 2379 Qiingentis
809 2340 953 2371 dietorum
968 2338 1200 2376 Sagittariorum,

137 2388 206 2408 cum
227 2379 277 2408 suis
295 2377 399 2416 Equis,
420 2376 560 2408 Hernefiis
570 2401 579 2416 ,
595 2378 628 2408 &
650 2380 709 2409 aliis
723 2379 822 2409 Rebus
835 2378 1012 2416 neceffariis,
1027 2377 1195 2416 Sumptibus

138 2418 171 2447 &
191 2416 324 2456 Expensis
341 2416 460 2454 nostris,
476 2416 574 2448 Naves
592 2416 761 2448 sufficienter
780 2417 859 2448 fultas
875 2418 909 2448 ὃς
924 2419 1045 2448 munitas
1058 2415 1198 2448 Vietuali-

138 2457 191 2486 bus
205 2455 237 2485 &
250 2455 308 2485 aliis
323 2455 497 2485 Neceffiriis
512 2464 565 2494 pro
580 2466 678 2486 eorum
694 2456 836 2495 Passagi03

174 2493 354 2524 Dummodo
374 2495 443 2523 idem
465 2496 534 2524 Dux
549 2494 782 2534 Consanguineus
795 2493 889 2524 noster
903 2493 984 2524 simili
1001 2492 1093 2524 modo
1109 2492 1198 2523 Ordi-

137 2541 186 2563 net
210 2533 242 2562 ὃ(
263 2532 340 2569 Det,
356 2540 409 2570 pro
433 2531 490 2562 aliis
515 2531 600 2564 Mille
623 2535 656 2564 δε
677 2534 851 2573 Qiingentis
870 2533 1017 2563 dictorum
1038 2532 1199 2571 Sagittario-

138 2580 220 2609 rum,
239 2580 309 2601 cum
324 2570 376 2601 suis
390 2570 495 2608 Equis,
512 2570 669 2610 Hernesiis,
685 2574 718 2604 δε
733 2572 790 2603 aliis
804 2572 901 2602 Rebus
912 2571 963 2603 suis
975 2570 1131 2602 necessariis
1146 2580 1200 2608 pro

138 2619 240 2639 eorum
262 2609 407 2648 Paffigio,
427 2609 592 2647 Sumptibus
610 2611 662 2641 suis
682 2612 715 2642 δε
736 2610 885 2648 Expeiilis,
913 2609 1012 2639 Navcs
1034 2608 1202 2639 sufficientes

136 2648 221 2718 {dhas
241 2648 273 2678 &
294 2649 416 2679 munitas
436 2648 612 2680 Victualibus
631 2650 664 2681 ὃς
685 2649 743 2680 aliis
757 2648 856 2681 Rebus
869 2648 1026 2680 neceflariis
1037 2657 1089 2688 pro
1103 2657 1204 2680 eorum

165 2698 177 2717 a
204 2695 284 2726 agio,

141 2764 147 2770 ¹
178 2725 239 2763 Qui
261 2725 377 2763 quidem
392 2726 541 2767 Capitanei
562 2728 595 2760 &
617 2727 753 2769 Sagittarii
768 2739 816 2769 per
833 2728 888 2760 Sex
904 2727 1017 2760 Menses
1031 2729 1204 2766 continuos,

139 2764 318 2808 inchoandos
339 2766 371 2796 ὃς
387 2767 574 2797 numerandos
593 2778 607 2797 a
622 2768 680 2799 Die
697 2768 916 2799 Monstrationis
929 2768 1101 2799 eorumdem
1112 2790 1122 2806 ,
1139 2767 1205 2798 Ser-

139 2812 200 2833 vne
215 2803 319 2833 debent
333 2803 416 2833 eidem
431 2808 504 2834 Duci
520 2807 546 2836 in
566 2806 696 2845 Guerra,
714 2817 801 2845 quam
820 2807 902 2837 faciet
915 2808 947 2838 &
964 2808 1093 2838 movebit
1107 2815 1207 2836 contra

139 2841 242 2886 dicium
255 2843 422 2872 Lodovicum
437 2843 636 2874 Adversarium
651 2845 799 2884 nostrum,
819 2845 998 2885 Recipiendo
1013 2855 1028 2875 a
1042 2845 1141 2876 Nobis
1148 2845 1204 2875 Sti-

139 2881 243 2919 pendia
257 2881 290 2911 &
307 2880 395 2911 Vadia
411 2881 457 2912 sua
479 2892 531 2920 pro
545 2883 652 2913 Tribus
675 2883 837 2914 Mentibus:
857 2884 895 2914 Et
913 2894 928 2913 a
942 2884 1013 2913 dicio
1026 2887 1101 2913 Duce
1121 2883 1205 2914 Con-

141 2920 296 2957 sanguineo
312 2919 410 2950 nostro
422 2930 475 2957 pro
488 2921 546 2950 aliis
559 2921 666 2952 Tribus
682 2921 829 2952 Menlibus
839 2922 934 2952 similia
946 2922 1090 2960 Stipendia
1105 2923 1204 2953 &Va-

143 2959 189 2989 dia
206 2959 294 2997 qualia
311 2968 327 2989 a
342 2959 438 2989 Nobis
452 2960 612 2997 percepturi
628 2959 709 2996 sunt,
724 2960 760 2990 de
774 2961 877 2997 quibus
894 2960 919 2990 V
921 2960 986 2990 adiis
1001 2962 1034 2992 ὃς
1050 2961 1202 2998 Stipendiis

141 2997 229 3028 securi
249 3005 330 3028 erunt
352 3005 504 3034 antequam
521 2996 659 3036 Regnum
674 2997 803 3028 nostrum
821 2999 840 3017 ²¹²
857 2999 967 3028 Analiae
985 2999 1119 3038 exibunt,
1137 3009 1204 3029 om-

143 3036 239 3074 nisque
252 3045 301 3076 per
316 3035 386 3066 Nos
400 3035 578 3066 adhibebitur
597 3036 739 3076 diligentia
760 3037 859 3076 quod,
878 3022 1102 3075 Monstratione>
1114 3038 1206 3075 fasta,

142 3074 211 3119 diQi
227 3074 364 3114 Sagittarii
381 3075 413 3106 ὃ(
431 3084 535 3105 eorum
549 3074 695 3113 Capitanei
707 3075 770 3106 sein
786 3074 959 3106 Britanniam
973 3076 1110 3113 recipiant
1119 3076 1206 3115 quam

141 3115 225 3145 citius
237 3122 378 3153 poterunt.

179 3152 252 3183 lTE
263 3161 308 3192 M,
326 3152 550 3184 Concordatum
572 3152 605 3183 &
619 3152 799 3184 Conclusum
814 3152 854 3183 est
865 3176 875 3191 ,
893 3154 965 3184 inter
980 3154 1040 3182 Nos
1055 3153 1089 3184 &
1104 3152 1205 3182 dmum

141 3194 243 3227 Ducem
257 3190 509 3229 Consanguineum
523 3191 672 3227 nostrum,
692 3192 788 3229 quod,
804 3192 823 3222 fi
832 3215 842 3230 ,
860 3191 978 3222 durante
992 3201 1123 3228 tempore
1143 3202 1204 3229 quo

140 3230 211 3260 dieti
225 3230 362 3267 Sagittarii
378 3238 460 3261 erunt
474 3231 505 3260 in
517 3230 639 3260 Servitio
655 3231 784 3271 praedieti
793 3230 902 3267 Ducis,
921 3231 1031 3267 Patria,
1050 3230 1204 3268 Dominia,

145 3267 264 3305 Castra,
281 3268 398 3308 Oppida
437 3269 532 3307 Loca,
551 3267 656 3306 Villae,
673 3269 706 3299 ὃς
720 3269 861 3299 Fortalitia
875 3269 911 3299 de
919 3268 1067 3299 Demanio
1083 3270 1126 3300 vel
1136 3269 1205 3299 Du-

146 3306 237 3336 minio
251 3305 379 3337 Coronae
392 3291 539 3344 1⁴²ranciae,
558 3307 603 3337 vel
617 3307 713 3337 eidem
727 3306 857 3338 Coronae
873 3307 1014 3345 subjecta,
1033 3317 1080 3344 per
1096 3308 1206 3337 eundem

146 3347 264 3381 Ducem,
281 3345 544 3377 Locumtenentem
559 3345 658 3384 suum,
677 3345 864 3385 capitaneos,
882 3347 928 3376 vel
951 3344 1080 3375 Gentem
1099 3347 1207 3377 Armo-

145 3392 210 3412 rum
226 3382 396 3422 Capiantur,
413 3384 648 3424 Adhipiscantur,
667 3384 857 3423 Adquirantur
868 3406 878 3422 ,
895 3385 940 3415 vel
960 3384 1009 3414 sibi
1029 3384 1208 3423 Tradantur,

144 3421 190 3452 seu
202 3430 319 3460 quoquo
335 3423 424 3453 modo
440 3422 476 3453 ad
489 3432 588 3454 manus
603 3423 660 3454 suas
675 3424 718 3453 vel
741 3423 932 3454 obedientiam
947 3423 1131 3462 perveniant,
1150 3423 1206 3454 sive

148 3469 199 3498 per
221 3459 523 3498 Appunnuamentum
545 3461 591 3492 vel
605 3462 699 3500 aliter,
718 3463 845 3499 quamvis
867 3463 954 3492 eiiam
976 3462 1054 3492 realis
1074 3461 1206 3492 Traditio

148 3498 222 3529 facia
235 3507 294 3527 non
306 3499 388 3529 fuerit
407 3500 486 3531 dieto
500 3508 650 3540 tempore,
666 3500 706 3531 set
722 3502 813 3532 futura
827 3501 876 3538 sit,

185 3535 224 3567 Et
247 3534 332 3573 Nos,
349 3538 379 3567 in
400 3547 451 3574 pro
472 3539 511 3569 ria
529 3538 670 3577 Persona,
693 3541 721 3569 in
745 3539 884 3579 Regnum
907 3537 1037 3570 nostrum
1061 3539 1206 3578 Franciae,

147 3585 218 3617 curn
230 3573 373 3618 potestate
384 3575 419 3605 ad
461 3578 675 3616 onquerendum
692 3579 725 3609 &
740 3578 982 3618 Recuperandum
997 3577 1203 3608 Posseffionem

149 3615 230 3654 ipsius
247 3611 343 3650 Regni
359 3613 448 3657 nostri
465 3614 590 3645 Franci-ae
606 3615 717 3654 &Jura
732 3616 824 3647 nostra
843 3616 1046 3654 Haereditaria,
1064 3618 1209 3655 pervenia—

150 3662 234 3691 mus,
253 3651 314 3689 vel,
333 3649 497 3681 Infirmitate
510 3661 558 3683 aut
571 3653 623 3684 alia
636 3654 712 3691 justa
733 3654 816 3685 causa
834 3655 982 3693 impediti,
1000 3654 1130 3685 nostrum
1147 3656 1208 3685 Lo-

147 3699 365 3721 cumtenentem
380 3688 568 3729 Generalem,
586 3702 657 3722 curn
674 3692 815 3722 Potestate
833 3693 865 3723 &
882 3693 1014 3731 Armata,
1034 3693 1208 3724 Transmise-

145 3731 237 3760 ximus
251 3730 280 3759 in
293 3728 404 3759 diCtum
419 3727 555 3766 Regnum
567 3729 696 3760 nostrum
710 3730 837 3761 Franciae
851 3740 905 3768 pro
917 3730 1085 3769 Conquesta
1098 3731 1189 3762 fienda
1197 3755 1207 3770 ,

186 3768 263 3797 Idem
277 3770 347 3797 Dux
362 3766 503 3797 tenebitur
517 3766 552 3796 ad
566 3766 771 3808 Tradendum,
789 3769 823 3799 ὃ(
841 3778 911 3800 cum
925 3769 1032 3800 effestu
1041 3770 1209 3800 Deliberan-

149 3805 219 3836 dum
240 3806 317 3835 diota
337 3805 433 3843 Loca,
450 3804 572 3848 PatriaS,
589 3803 705 3844 Castra,
724 3806 882 3844 Dominia,
899 3807 1034 3847 Oppida,
1052 3807 1154 3847 Villas,
1172 3810 1205 3839 &

147 3843 289 3874 Fortalitia
301 3844 336 3874 de
349 3843 496 3874 Demanio
511 3842 596 3872 distae
609 3842 738 3873 Coronae
760 3845 905 3883 Franciae,
922 3856 1036 3876 necnon
1058 3849 1154 3877 omnia
1172 3848 1205 3877 &

149 3882 255 3919 singula
272 3883 367 3920 Loca,
384 3881 502 3920 Patrias,
520 3879 634 3918 Castra,
653 3881 810 3921 Dominia,
828 3883 960 3924 Oppida,
980 3885 1080 3923 Villas,
1094 3886 1206 3916 &For-

152 3920 255 3957 talitia,
271 3930 318 3957 per
332 3922 408 3960 prius
429 3929 555 3957 unquam
579 3918 704 3957 Habita,
722 3920 844 3952 Poffeffa
855 3945 864 3959 ,
881 3923 924 3953 vel
942 3922 1039 3953 Tenta
1053 3933 1118 3962 per,
1137 3923 1208 3954 No-

153 3958 221 3989 biles
232 3957 430 3998 Progenitores
444 3957 570 3996 nostros,
587 3959 733 3987 Henricum
747 3960 891 3989 Secundum
901 3985 910 3997 ,
928 3961 974 3991 vel
985 3961 1160 3991 Edwardum
1167 3965 1212 3991 Se-

155 3996 285 4034 cundum,
304 3997 452 4034 quondam
465 4000 547 4034 Reges
562 3995 690 4034 Angliae,
708 3996 752 4026 vel
777 4006 875 4028 eorum
897 3999 1011 4029 alterum
1032 4001 1077 4029 seu
1097 4010 1147 4039 per
1164 4001 1213 4030 ali-

154 4043 241 4103 qu÷m
256 4034 569 4104 algimPPrloIgenitorem
588 4033 719 4066 nostrum
742 4033 856 4074 Regem
874 4035 1004 4075 Angliae,
1022 4047 1086 4071 ante
1104 4047 1216 4078 tempus

211 4083 261 4104 om.
304 4096 311 4103 .
362 4096 370 4104 .
423 4097 430 4106 .

1248 154 1714 202 PU-BLICA.

2210 181 2221 206 1
2236 179 2285 220 (113

1228 238 1324 282 Regni
1342 240 1418 280 ipfius
1439 240 1597 284 Eduqardi,
1611 251 1664 279 pro
1689 253 1817 282 ternpore
1843 246 2020 287 existentem,
2041 246 2084 280 vel
2103 259 2166 288 quse
2186 250 2219 280 ad
2240 250 2288 285 In—
2305 250 2379 280 [ltin
2396 249 2433 279 D.

1228 280 1290 314 ios,
1305 279 1348 308 vel
1364 289 1462 308 eorum
1477 280 1596 316 aliquem
1608 280 1677 317 Jure
1695 282 1897 321 I-laereditario,
1915 289 1958 316 ieu
1973 288 2026 317 alio
2040 288 2108 325 Jure
2122 298 2167 318 aut
2185 289 2288 318 Titisic·
2325 286 2400 323 1465

1227 325 1413 382 Iquocumque
1437 316 1655 348 Descendebant
1673 327 1719 349 aut
1743 320 1944 359 pertinebant,
1972 332 2017 355 aut
2042 326 2220 356 Descendere
2244 326 2288 357 vri
2307 328 2371 354 Edv.
2385 336 2402 360 ψ

1253 355 1373 383 ertinere
1387 355 1544 392 debebant,
1563 356 1619 386 sive
1639 356 1741 387 fuerint
1755 358 1791 387 de
1807 358 1952 388 Demanio
1970 363 2015 392 vel
2031 363 2174 394 Dominio
2189 364 2288 394 Coi-02

1227 401 1273 420 naz
1300 391 1427 435 Franciae
1444 392 1504 421 sive
1524 403 1600 431 non,
1620 394 1733 432 Nobis,
1750 405 1797 426 aut
1820 397 1900 426 dieto
1927 398 2146 432 Locumtenenti
2170 403 2289 438 nostro,

1227 430 1273 459 vel
1286 430 1362 459 alteri
1379 429 1477 459 nostro
1491 430 1598 474 ad-boc
1609 431 1773 474 Deputato,
1792 434 1970 464 Dumtatnen
1983 436 2066 474 Nos,
2084 449 2129 470 aut
2143 440 2218 471 idern
2227 441 2289 471 Lo-

1228 476 1414 505 cumtenens,
1431 476 1477 511 aut
1491 477 1581 511 quivis
1597 469 1666 499 alius
1684 470 1820 501 Nomine
1830 472 1945 510 nostro,
1962 472 2113 507 Satisfaciat
2129 487 2174 508 aut
2187 479 2287 509 solvar

1226 506 1311 535 eidem
1323 509 1395 535 Duci
1409 507 1607 537 rationabiliter
1621 508 1654 538 &
1667 507 1738 544 juste
1751 509 1886 546 Sumptus
1899 511 1931 540 ὅ(
1957 510 2094 550 Expensas
2116 517 2148 547 ὃς
2164 516 2268 547 Cnstus

1230 554 1302 581 quos
1317 544 1370 584 ipse3
1385 544 1565 587 Dufoecerit
1586 544 1631 575 seu
1646 547 1800 588 exposuerit
1821 548 1854 577 ad
1872 547 2129 590 Conquirendutn,
2144 539 2288 592 Optinen:

1229 584 1318 627 dum,
1344 583 1389 613 seu
1407 582 1629 626 Adipiscendum
1650 583 1726 626 dieta
1749 585 1847 623 Loca,
1867 585 1984 624 Parnas,
1999 586 2114 626 Castra,
2132 590 2269 622 Dominia
2282 617 2291 629 ,

1230 621 1365 658 Oppida,
1386 620 1486 659 Villas,
1503 621 1549 651 seu
1566 621 1717 652 Fortalitia.

1266 659 1317 696 Et,
1338 658 1412 689 Casu
1429 669 1486 697 quo
1503 660 1575 689 inter
1583 659 1668 696 Nos,
1684 660 1730 689 seu
1745 656 1876 690 nostrum
1886 661 2143 694 Locumrerientem
2154 667 2291 701 ,&C0n„

1228 697 1410 736 sanguineum
1427 697 1557 728 nostrum
1572 698 1740 735 praedicstum
1757 708 1814 728 non
1831 702 1931 737 poterit
1948 702 2117 731 concordari
2132 703 2291 735 deSurnma

1229 737 1385 767 rationabili
1402 736 1575 774 Sumptuum
1598 738 1631 768 &
1647 736 1859 775 Expensarum,
1879 740 1936 765 Nox
1952 736 2061 777 Eligeie
2077 741 2235 771 tenebimur
2248 753 2294 773 aut

1231 774 1349 805 Locum
1364 774 1496 807 nostrum
1516 783 1615 805 teneris
1628 775 1740 812 Eligere
1756 777 1909 813 tenebitur,
1929 777 2000 806 infra
2017 777 2192 815 Qiindecini
2210 780 2296 817 Dies,

1233 813 1313 844 Duas
1329 813 1461 844 Personas
1475 823 1528 851 pro
1545 812 1626 843 Parte
1642 813 1751 850 nostra,
1767 814 1800 843 &
1819 814 1889 843 idem
1910 818 1978 842 Dux
2001 816 2029 844 in
2049 817 2106 852 pari
2126 816 2215 846 forma
2235 819 2294 848 alias

1233 852 1332 890 Duas,
1351 861 1470 891 quarum
1481 851 1598 889 judicio
1617 852 1650 881 &
1666 851 1909 882 Determinationi
1925 852 2039 883 stabitur
2053 863 2189 890 quantum
2204 855 2236 884 ad
2244 856 2296 885 bu·

1227 890 1356 928 jusmodi
1373 890 1510 929 Sumptus
1524 889 1724 928 &Expensasg
1741 889 1781 921 Ita
1796 891 1878 929 quod
1891 901 1939 929 per
1952 902 1995 922 eas
2009 891 2087 931 super
2099 892 2157 923 hoc
2173 903 2295 924 concor-

1234 928 1317 960 detur
1333 930 1405 960 infra
1423 938 1512 959 unum
1530 928 1678 959 Mensem:

1248 991 1250 993 -
1275 967 1329 1006 Et,
1349 968 1367 998 fi
1384 977 1443 997 non
1460 976 1592 1005 poterunt
1608 967 1785 998 concordare
1804 966 1875 998 infra
1894 967 2003 999 distum
2026 967 2179 1008 Mensem,
2198 969 2298 1000 devolm

1234 1014 1316 1036 vetur
1332 1007 1431 1037 eadem
1456 1006 1667 1037 Determinatio
1687 1007 1721 1036 ad
1743 1005 1907 1036 Dominum
1924 1009 2027 1036 Ducem
2049 1008 2214 1046 Burguna'z‘ae
2235 1019 2299 1038 nio⁵

1235 1043 1372 1082 demum,
1391 1054 1440 1082 per
1452 1054 1536 1083 quem
1559 1043 1802 1075 Determinabitur
1821 1045 1919 1075 eadem
1942 1045 2110 1077 Differentia
2135 1046 2206 1076 infra
2227 1046 2300 1077 duos

1236 1081 1351 1113 Menses
1365 1093 1382 1113 a
1395 1091 1524 1121 tempore
1540 1082 1742 1113 Devolutionis
1762 1083 1812 1112 sibi
1824 1083 1992 1113 notificatae:

1274 1119 1327 1156 Ei,
1346 1121 1366 1151 fi
1381 1122 1450 1151 idem
1472 1124 1542 1151 Dux
1564 1121 1717 1151 modernus
1736 1121 1826 1159 (quod
1846 1121 1927 1159 absit)
1950 1119 2120 1161 Deceslerit,
2138 1120 2301 1154 terminabi-

1235 1166 1285 1202 tur
1299 1160 1344 1189 illa
1366 1159 1554 1203 Differentia,
1569 1160 1642 1190 infra
1663 1169 1782 1198 quatuor
1806 1159 1930 1199 Menses,
1947 1170 1996 1199 per
2018 1165 2113 1199 Regem
2133 1162 2299 1200 Partugale'ae

1238 1208 1287 1236 qui
1301 1208 1354 1237 pro
1371 1207 1498 1236 ternpore
1517 1206 1577 1235 erit.
1621 1233 1624 1234 ⁷
2265 1235 2268 1237 μ

1252 1275 1258 1280 ⁴
1275 1236 1328 1273 Et,
1346 1246 1482 1274 quantum
1497 1236 1530 1266 ad
1549 1236 1598 1279 alia
1621 1236 1716 1274 Loca,
1737 1235 1852 1277 Castra,
1871 1238 1991 1276 Patrias,
2009 1237 2038 1269 V
2040 1238 2112 1277 illas,
2128 1239 2161 1270 ὅ(
2182 1239 2300 1270 Εὀῑῑα1ῐὁ

1239 1283 1293 1313 tia,
1313 1275 1350 1304 de
1363 1276 1464 1313 quibus
1480 1275 1666 1314 supradictum
1683 1276 1739 1313 el't,
1757 1277 1937 1314 Aequirenda
1954 1280 1987 1309 &
2001 1277 2164 1308 Obtinenda
2180 1288 2302 1315 peream-x

1239 1314 1297 1343 dem
1312 1316 1414 1342 Ducem
1428 1312 1678 1351 Coniangiiineum
1693 1314 1821 1345 nostrum
1831 1339 1839 1353 ,
1857 1318 1973 1346 durante
1987 1325 2114 1354 tempore
2128 1316 2196 1347 dieti
2207 1316 2301 1346 Servi·

1239 1353 1289 1389 tii,
1309 1361 1373 1390 quae
1386 1362 1445 1382 nori
1462 1360 1542 1382 erunt
1554 1352 1590 1381 de
1607 1352 1686 1381 ditio
1711 1352 1854 1383 Demanio
1877 1355 2006 1385 Coronae
2031 1356 2174 1393 kranciae,
2195 1364 2248 1384 nec
2266 1355 2302 1384 de

1243 1391 1300 1420 aliis
1322 1391 1425 1427 Locis,
1444 1390 1559 1428 Patriis,
1576 1388 1702 1425 Castris,
1723 1390 1886 1430 Doniiniis,
1904 1392 2040 1432 oppidis,
2060 1393 2156 1431 Villis,
2172 1394 2205 1424 &
2229 1392 2303 1423 For-

1241 1430 1351 1469 talitiis,
1371 1440 1419 1468 per
1433 1430 1508 1468 prius
1531 1439 1658 1467 unquam
1681 1429 1793 1466 habitis,
1813 1431 1951 1468 possessiS,
1970 1433 2013 1462 vel
2032 1433 2116 1462 tentis
2140 1442 2188 1470 per
2210 1431 2303 1461 die'tos

1240 1471 1387 1498 Henricum
1400 1469 1616 1500 &Edwardum
1626 1491 1635 1505 ,
1653 1469 1699 1498 seu
1710 1468 1776 1497 alios
1785 1468 1981 1507 progenitores
1995 1470 2122 1508 nostros,
2139 1471 2301 1507 veieoruin

1240 1507 1378 1544 aliquem,
1396 1516 1427 1537 ut
1443 1507 1632 1545 supradictum
1646 1506 1703 1543 est,
1720 1506 1765 1536 vel
1780 1517 1843 1544 quae
1857 1508 1892 1537 ad
1911 1507 1985 1547 Ipsos
1999 1509 2043 1538 vel
2059 1519 2161 1539 eorum
2175 1508 2301 1546 aliquem

1237 1545 1306 1584 Jure
1319 1545 1510 1576 Haereditario
1526 1545 1571 1575 seu
1584 1545 1639 1574 alio
1650 1543 1724 1586 Jure
1741 1553 1787 1574 aut
1808 1545 1910 1576 Titulo
1927 1556 2113 1585 quocumque
2137 1547 2302 1577 Descende—

1241 1585 1309 1615 bant
1325 1594 1370 1615 aut
1385 1583 1586 1619 pertinebant,
1604 1592 1650 1613 aut
1659 1582 1839 1612 Deicendere
1851 1586 1897 1614 vel
1913 1583 2055 1616 Pertinere
2070 1586 2229 1622 debebant,
2245 1585 2301 1615 sive

1240 1624 1343 1654 fuerint
1357 1623 1392 1653 de
1409 1621 1553 1652 Dominio
1567 1620 1696 1651 Coronae
1714 1621 1857 1659 Franciae,
1878 1623 1932 1652 live
1946 1632 2021 1660 non,
2040 1624 2109 1652 idem
2130 1627 2197 1652 Dux
2213 1625 2246 1654 ὃ(
2269 1623 2302 1653 il-

1239 1663 1291 1693 lius
1309 1662 1520 1692 Locatenentes
1538 1660 1740 1691 Obedientiam
1761 1660 1869 1690 dabunt
1889 1660 1987 1690 Nobis
2007 1663 2039 1691 ὅ(
2056 1661 2223 1691 Haeredibus
2247 1671 2303 1691 no—

1242 1701 1320 1740 stris,
1342 1708 1389 1731 aut
1412 1699 1510 1730 nostro
1536 1698 1779 1736 Locumtenenti,
1828 1699 1918 1728 ualem
1943 1698 2149 1731 Obedientiam
2176 1700 2236 1737 illi,
2252 1700 2304 1736 qui

1240 1749 1319 1770 nunc
1332 1748 1430 1769 tenent
1449 1739 1550 1769 eadem
1565 1737 1662 1774 Loca,
1682 1735 1798 1775 Castra,
1851 1739 1973 1775 ominis,
1996 1738 2115 1776 Patrias,
2137 1738 2239 1776 Villas,
2256 1744 2304 1767 aut

1241 1777 1401 1815 Fortalitia,
1416 1776 1566 1807 faciunt&
1590 1776 1683 1806 facere
1702 1783 1834 1805 tenentur
1854 1776 1924 1805 didio
1939 1775 2117 1815 Adversario
2139 1777 2243 1816 nostro,
2260 1776 2305 1806 ilia

1240 1817 1275 1847 de
1289 1817 1384 1853 causa,
1403 1825 1470 1845 cuin
1488 1814 1594 1845 caeteris
1609 1813 1725 1852 Juribus
1739 1815 1772 1844 &
1790 1813 1968 1844 Pertinentiis
1979 1814 2181 1853 spectantibus
2195 1816 2227 1845 ὃς
2239 1814 2306 1845 Pet-

1240 1855 1394 1886 tinentibus
1409 1853 1538 1884 Coronae
1547 1853 1683 1889 Franciae,
1698 1853 1806 1882 ratione
1815 1854 1928 1883 illorum
1939 1853 2087 1884 Locorum
2096 1853 2282 1891 ,Castrorum
2293 1877 2303 1890 ,

1239 1894 1466 1930 Dominiorum,
1483 1892 1655 1928 Patriarum,
1676 1889 1832 1929 Villarum,
1854 1893 1887 1923 ὃς
1902 1891 2124 1923 Fortali'tiorum.

1276 1932 1407 1970 ITEM,
1424 1930 1523 1968 quod,
1541 1931 1560 1960 si
1577 1929 1641 1967 post
1655 1929 1747 1959 dictos
1760 1929 1814 1960 Sex
1834 1929 1948 1960 Menses
1964 1931 1997 1960 &
2015 1930 2123 1961 die‘tum
2147 1929 2300 1962 Servitium

1238 1971 1384 2009 peractum
1394 1993 1404 2008 ,
1422 1970 1497 1999 dista
1512 1968 1585 1999 Tria
1599 1967 1692 1998 Millia
1706 1967 1938 2006 Sagittariorum,
1958 1969 2002 1999 vel
2016 1971 2049 1999 ali
2071 1971 2098 1999 ui
2113 1980 2212 2001 eorum
2223 1995 2231 2009 ,
2251 1982 2302 2002 ve-

1237 2011 1289 2040 lint
1305 2009 1341 2040 de
1356 2009 1439 2039 diffls
1451 2007 1578 2038 Partibus
1591 2005 1797 2036 Transmarinis
1817 2005 1965 2037 Britannia:
1985 2006 2030 2037 seu
2075 2010 2178 2039 ranciae
2193 2009 2303 2040 Redire

1237 2049 1272 2080 ad
1289 2048 1384 2079 Partes
1399 2046 1534 2084 Angliae,
1550 2045 1619 2075 idem
1630 2047 1699 2075 Dux
1716 2045 1856 2075 tenebitur
1872 2046 1937 2075 dare
1952 2046 1984 2076 ἃ
1997 2047 2118 2084 tradere,
2137 2047 2302 2087 Sumptibus

1238 2088 1290 2118 suis
1305 2111 1315 2126 ,
1339 2086 1442 2118 eisdem
1461 2084 1632 2123 Sagittariis,
1646 2083 1691 2113 seu
1714 2083 1768 2113 Illis
1792 2084 1882 2113 redire
1903 2084 2083 2122 volentibus,
2102 2085 2167 2123 post
2188 2087 2301 2118 dietum

1237 2126 1393 2157 Servitium
1409 2125 1605 2161 completum,
1624 2123 1693 2153 sicut
1708 2123 1727 2141 ²*
1742 2121 1856 2152 dietum
1869 2121 1928 2160 est,
1945 2122 2108 2160 Paffagium
2129 2124 2176 2155 seu
2200 2124 2301 2156 Naves

1238 2165 1274 2196 ad
1287 2163 1508 2195 Transeundum
1527 2161 1610 2192 Mare
1620 2184 1628 2198 ,
1647 2161 1682 2191 &
1695 2159 1888 2191 Redeundum
1902 2162 1937 2191 de
1953 2160 2092 2193 Britannia
2107 2163 2135 2192 in
2151 2163 2284 2203 Angliam
2294 2187 2304 2201 ‚

1239 2213 1294 2242 pro
1318 2202 1466 2240 Personis,
1493 2200 1612 2236 Rebus,
1633 2199 1806 2238 Armaturis,
1831 2199 1997 2238 Hernefiis,
2021 2200 2162 2241 Bagagiis,
2189 2204 2223 2234 &
2245 2203 2303 2234 aliis

1241 2241 1415 2274 Necessariis
1430 2250 1483 2278 pro
1498 2239 1625 2270 Personis
1640 2237 1710 2276 suis,

1277 2281 1502 2316 Verumtamen,
1526 2279 1702 2315 quicumque
1723 2286 1757 2307 ex
1775 2276 1856 2307 dietis
1876 2276 2028 2314 Sagittariis
2048 2277 2188 2310 voluerint
2211 2278 2304 2311 facere

1241 2319 1354 2351 transire
1368 2317 1464 2357 Equos
1478 2318 1507 2346 in
1526 2316 1661 2353 Angliam
1670 2337 1680 2352 ,
1699 2316 1861 2355 intelligitur
1875 2316 1957 2354 quod
1969 2315 2027 2347 hoc
2042 2316 2125 2347 faciet
2135 2317 2304 2357 Sumptibus

1241 2360 1276 2392 &
1290 2357 1424 2396 Expensis
1438 2357 1491 2387 suis
1505 2353 1723 2385 rationabilibus.

1280 2396 1314 2427 ln
1331 2396 1425 2435 cujus,
1443 2396 1504 2426 &c.

1295 2434 1364 2465 Dat.
1380 2433 1452 2472 apud
1469 2431 1574 2472 Westm.
1587 2430 1692 2462 Tertio
1708 2431 1754 2463 die
1767 2431 1905 2472 Augusti,
1924 2429 2013 2463 Ando
2027 2432 2227 2465 incarnationis
2237 2431 2303 2464 Do·-

1244 2475 1358 2505 rninicae
1381 2472 1558 2509 Milleiimo,
1574 2470 1879 2510 Quadringentesimo,
1894 2471 2077 2510 sexagesimo
2097 2474 2223 2512 ociavo,
2242 2472 2304 2502 Rea¹

1242 2514 1290 2552 gni
1305 2515 1375 2544 vero
1390 2509 1480 2542 nostri
1493 2511 1583 2542 Anno
1599 2509 1724 2541 Qistavo.

1420 2591 1475 2620 Per
1491 2592 1584 2620 Breve
1603 2588 1636 2619 de
1653 2591 1774 2618 Privato
1789 2586 1898 2627 sigillo,
1915 2587 1954 2624 (ξφ
1971 2588 2003 2618 de
2022 2588 2123 2627 Data,
2139 2583 2201 2623 &a

1415 2717 1698 2765 Appnnfiuamenta
1713 2716 1805 2761 sitper
1824 2714 1961 2762 praediffo
1983 2715 2142 2760 Succursic.

1247 2804 1452 2864 FRancifius,
1471 2803 1528 2834 Dei
1546 2802 1650 2843 gratia,
1675 2804 1820 2831 Britonum
1845 2804 1932 2839 Dux,
1952 2800 2138 2840 Montisfhrti's
2156 2800 2312 2831 Richemon-

1304 2845 1356 2875 diae
1369 2849 1543 2881 stamparum
1557 2841 1595 2877 (ζου
1611 2844 1754 2871 Virtutum
1774 2843 1883 2878 Comes,
1903 2840 2070 2878 Omnibus,
2086 2840 2119 2870 ad
2143 2850 2214 2878 quos
2237 2850 2308 2878 prae-

1247 2884 1337 2915 sentes
1353 2883 1458 2913 Literae
1471 2881 1668 2919 pervenerint,
1686 2887 1789 2909 notum
1802 2878 1923 2908 facimus
1938 2878 2036 2916 quod,

1282 2922 1366 2952 Cum
1380 2930 1471 2959 nuper
1484 2919 1731 2950 Transmiserimus
1745 2917 1881 2947 Nuncios
1895 2927 1927 2947 ac
1947 2917 2082 2947 Oratores
2098 2915 2208 2948 nostros
2221 2917 2254 2948 ad
2273 2916 2310 2948 ll-

1241 2961 1441 2992 lustriffimum
1452 2959 1486 2989 &
1504 2957 1735 2988 Potentisiinium
1746 2955 1910 2993 Principem
1929 2956 1961 2986 δε
1975 2954 2236 2986 Honoratiffimum
2245 2957 2309 2987 Do-

1249 3000 1360 3029 minum
1375 2999 1409 3029 &
1435 2997 1687 3033 Consanguineum
1708 2993 1837 3023 nostium
1861 2993 2027 3023 Dominum
2043 2995 2233 3032 Edu-ardum,
2255 2995 2312 3025 Dei

1248 3037 1356 3075 gratia,
1377 3039 1474 3073 Regem
1489 3033 1603 3071 Angliae
1618 3032 1656 3067 (ῤ’
1672 3035 1818 3062 Dominum
1834 3032 1951 3061 Therme
1961 3056 1971 3068 ,
1990 3031 2120 3062 Petentes
2141 3034 2177 3063 ab
2199 3043 2234 3064 eo
2250 3033 2311 3063 Ad-

1246 3077 1387 3114 jutorium
1406 3076 1439 3105 ὃς
1455 3073 1628 3103 Succursum
1647 3072 1683 3102 de
1706 3071 1846 3112 Qiatuor'
1866 3070 1987 3100 Milibus
2010 3070 2240 3109 Sagittariorum,
2258 3081 2313 3109 pro

1248 3115 1303 3145 Sex
1320 3114 1466 3144 Mensibus
1481 3112 1510 3140 in
1524 3110 1648 3140 Patriam
1664 3109 1791 3138 nostram
1804 3108 1951 3138 Britanniae
1967 3109 2243 3139 transmittendorum
2253 3132 2262 3147 ,
2282 3111 2312 3140 in

1248 3153 1395 3184 Auxilium
1412 3152 1445 3182 ὃς
1461 3149 1633 3179 Succursurn
1647 3147 1778 3178 nostrum
1794 3155 1892 3178 contra
1918 3148 1951 3178 ὃς
1965 3146 2092 3178 adversus
2113 3150 2207 3184 Regem
2221 3151 2311 3177 Fran-

1249 3195 1312 3227 ciae,
1331 3191 1379 3229 qui
1395 3189 1495 3219 Nobis
1509 3186 1628 3217 Infestus
1641 3187 1775 3224 habetur,

1286 3228 1322 3259 Et
1338 3228 1433 3259 eidem
1447 3226 1652 3264 Supplicationi
1668 3226 1701 3256 δε
1718 3223 1869 3263 Requestae
1882 3224 2012 3261 praefatus
2020 3223 2167 3253 Dominus
2181 3224 2215 3255 &
2225 3223 2310 3254 Con-

1245 3268 1409 3307 sanguineus
1424 3264 1538 3303 noster,
1559 3265 1606 3301 qui
1619 3263 1689 3293 Nos
1704 3265 1738 3295 &
1756 3262 1903 3293 Ducatum
1919 3262 2048 3291 nostrum
2063 3260 2311 3294 suiGratia&Af-

1248 3307 1373 3337 sectione
1385 3303 1519 3335 benivola
1534 3302 1721 3341 prosequitur,
1738 3301 1993 3340 obtemperaverit,

1249 3355 1256 3378 2
1285 3343 1553 3378 Concordavimus,
1580 3341 1863 3379 Appuntstuavimus,
1881 3341 1914 3370 δε
1936 3337 2154 3379 Conclufimus,
2173 3337 2310 3370 Concor·-

1247 3385 1365 3423 damus,
1390 3383 1437 3419 Ap
1456 3381 1647 3418 unewanus,
1669 3380 1703 3411 &
1724 3377 1966 3420 Concludimns,
1980 3385 2028 3413 per
2052 3375 2222 3417 PraelenteS,
2240 3388 2310 3409 curn

1248 3422 1354 3453 eodem
1383 3420 1435 3450 Illu
1464 3419 1572 3450 riffimo
1593 3418 1626 3448 ὃ(
1650 3417 1851 3448 Potentiffimo
1873 3416 2004 3456 Principe
2025 3423 2058 3443 ac
2078 3414 2310 3457 I-lpnnratiiiimo

1248 3461 1383 3493 Domino
1396 3460 1430 3491 &
1447 3458 1668 3496 Consanguineo
1682 3455 1780 3486 nostro
1796 3453 1888 3485 rnodis
1903 3455 1935 3484 δε
1948 3451 2042 3482 torma
2054 3460 2086 3483 ut
2099 3455 2235 3494 requitur,

1287 3538 1332 3569 In
1343 3546 1361 3567 P
1374 3546 1398 3567 R
1408 3545 1420 3565 1
1430 3543 1458 3566 M
1469 3544 1480 3565 1
1491 3545 1503 3566 s
1512 3557 1522 3573 ,
1539 3533 1619 3572 quod
1633 3532 1705 3563 infra
1718 3532 1789 3562 duos
1804 3529 1916 3560 Menses
1927 3550 1935 3567 ‚
1952 3528 2017 3567 post
2037 3529 2161 3560 debitam
2180 3531 2308 3569 Reqnifi-

1248 3579 1359 3609 tionem
1373 3584 1422 3613 per
1439 3584 1491 3604 nos
1505 3574 1555 3604 libi
1571 3573 1674 3603 factam
1693 3580 1740 3607 per
1758 3569 1863 3600 Literas
1884 3569 1989 3598 nostras
2009 3567 2106 3606 Sigillo
2130 3570 2227 3599 nostro
2242 3570 2310 3599 Ro-

1247 3618 1356 3647 boratas
1366 3637 1375 3651 ,
1391 3612 1445 3650 ipse
1460 3612 1606 3642 Dominus
1625 3612 1658 3641 δε
1673 3608 1886 3647 Consbngijneus
1909 3606 1993 3644 noller
2007 3608 2150 3638 ordinabit
2166 3609 2198 3639 δε
2215 3609 2310 3639 mittet

1248 3655 1321 3686 Tria
1338 3652 1429 3682 Millia
1445 3650 1678 3687 Sagittariorum,
1695 3656 1762 3676 cuin
1780 3654 1879 3674 eorum
1901 3643 2078 3682 Capitaneis,
2097 3648 2146 3682 qui·
2170 3647 2204 3675 de
2227 3647 2308 3676 disto

1249 3693 1386 3724 Numero
1407 3696 1505 3725 erunt,
1523 3686 1556 3716 ad
1576 3687 1696 3716 Portum
1718 3684 1754 3712 de
1779 3682 1912 3713 Cancalle
1934 3684 1963 3712 in
1981 3683 2119 3714 Britannia
2127 3707 2137 3722 ,
2155 3684 2174 3713 fi
2194 3682 2308 3724 §lentus

1250 3739 1393 3770 congruus
1413 3726 1538 3762 flaverit,
1557 3724 1590 3754 δε
1613 3721 1704 3752 Maris
1722 3721 1891 3758 Tempestas
1911 3721 1956 3752 vel
1980 3720 2069 3753 Casus
2090 3722 2226 3752 Adversis
2245 3731 2307 3752 non

1246 3771 1378 3801 obsistat:
1564 3801 1568 3805 Ι
1719 3799 1723 3804 ἰ
1818 3799 1823 3804 ⁴
1874 3799 1878 3804 ι
2060 3797 2065 3804 ²
2120 3799 2125 3804 ι

1285 3808 1323 3838 Et
1339 3805 1434 3841 dabit,
1455 3812 1507 3840 pro
1524 3799 1606 3830 Mille
1621 3799 1653 3829 &
1664 3799 1838 3835 Quingentis
1851 3797 1994 3829 distorum
2003 3798 2210 3835 Sagittariorum
2221 3809 2308 3836 ,cnm

1249 3846 1300 3877 suis
1316 3845 1421 3882 Equis,
1440 3839 1600 3874 Hetnefiis,
1616 3838 1715 3867 &aliis
1732 3836 1830 3867 Rebus
1844 3838 2017 3873 necessariis,
2035 3836 2308 3873 Sumptibusefflx-

1250 3885 1338 3923 pensis
1352 3882 1420 3918 suis,
1440 3879 1541 3910 Naves
1558 3875 1725 3906 sufficienter
1738 3876 1816 3906 fultas
1833 3877 1867 3907 &
1885 3877 2003 3905 munitas
2013 3874 2188 3905 Vietnalibus
2200 3876 2235 3906 &
2247 3877 2308 3909 aliis

1252 3921 1406 3953 necessariis
1427 3927 1480 3955 pro
1502 3924 1604 3945 eorum
1629 3913 1771 3953 passagio,
1799 3913 1973 3944 Dummodo
1988 3912 2075 3953 Nos,
2093 3912 2174 3942 iimtli
2196 3914 2308 3954 modo,

1251 3957 1468 3991 ordinemus&
1486 3954 1612 3989 Demus,
1630 3963 1683 3990 pro
1698 3953 1754 3982 aliis
1772 3952 1854 3982 Mille
1869 3952 1901 3981 δε
1920 3951 2090 3988 Quingentis
2105 3951 2308 3984 dietorutnSa-

1252 4000 1442 4038 gittariorum,
1460 4002 1529 4022 curn
1542 3991 1593 4021 suis
1607 3991 1693 4029 Equis
1725 3991 1882 4026 Nemesin,
1897 3989 1930 4018 ὅ(
1944 3988 2106 4030 aliisRebus
2121 3989 2173 4020 suis
2185 3992 2309 4023 necessa-

1252 4039 1318 4076 riis,
1333 4032 1499 4071 Sumptibus
1514 4029 1616 4062 nostris
1630 4031 1663 4063 &
1687 4014 1836 4099 l-ffxggnsis,
1862 4027 1962 4059 Naves
1979 4026 2149 4059 sufficienter
2171 4029 2252 4061 fultas
2275 4033 2308 4063 &

1260 4072 1265 4078 ζ
1783 4075 1802 4097 2

2253 4079 2316 4106 mu}

2322 2127 2340 2147 ¹¹¹
2362 2127 2415 2157 X}

2324 2168 2388 2197 628„

2327 2806 2403 2838 Arin.
2414 2803 2457 2837 D.'

2350 2846 2433 2884 1468.

2325 2890 2377 2913 Aa).
2392 2887 2419 2912 S.

2326 2929 2352 2951 E.
2372 2934 2400 2959 4.

2327 2967 2365 2989 Ex
2381 2963 2443 2996 At&

2327 3008 2388 3037 eogr„
