2555 4266
640 132 1448 185 CONVENTIONES,
1504 131 1897 185 LITERAE,

1287 229 1333 250 ces
1356 219 1459 257 praetis
1477 218 1540 249 sum
1565 216 1675 255 Meyne
1694 217 1732 248 of
1754 219 1841 249 maire
1869 218 1969 258 spee'dy
1994 218 2052 250 'and
2075 218 2146 250 hasti
2172 215 2350 251 Enterchan-
2370 211 2500 250 ᾹΠῐὶ-Ιλ

1287 259 1373 297 geing
1390 257 1427 288 of
1437 257 1485 289 the
1500 256 1555 287 said
1573 255 1700 293 Lenree,
1719 256 1750 285 in
1764 256 1812 286 the
1827 256 1942 288 Ptesens
1955 257 1993 289 of
2003 257 2051 289 the
2066 267 2106 288 on
2119 258 2157 289 of
2166 258 2271 289 tharne.
2388 261 2475 292 1474·

188 153 238 191 50

35 225 114 257 Arm.
127 223 170 254 D.
188 235 221 255 ac
236 223 372 254 Nomine
387 221 476 254 Dotis
487 221 676 253 debitae-curn
690 223 758 254 Filia
772 222 867 254 nostra
882 231 913 253 ut
930 223 1090 260 praefertur,
1110 223 1139 252 in
1154 225 1251 259 Vigin-

36 271 144 330 ²3tritu-4..
189 267 212 292 ti
227 262 354 292 Mllibus
377 264 538 291 Marcarum
558 261 651 300 legalis
671 260 804 292 Monetae
828 262 932 292 nostrae
954 261 1083 300 Angliae,
1101 260 1251 291 Solvendis

75 313 104 329 'U-

53 2771 69 2787 ’¹'
93 2772 149 2798 XI.

123 310 152 336 4.
188 301 273 331 eidem
294 303 358 338 Regi
379 309 425 329 aut
446 300 495 329 suo
519 309 598 331 certo
620 301 804 331 Procuratori
825 300 871 330 seu
892 300 1062 337 Attornato,
1080 302 1109 329 in
1124 299 1249 330 Ecclesia

189 340 347 371 Parochiali
362 337 458 368 Sancti
472 337 566 377 Egidii
578 339 614 368 de
637 338 822 378 Edinburgh,
840 338 1027 376 particulatim
1049 338 1195 369 Terminis
1217 339 1250 369 &

189 378 302 408 Diebus
315 376 562 414 subsequentibu83
577 378 634 408 viz.

225 415 363 446 solvemus
383 425 430 445 aut
451 414 528 445 Solvi
544 413 676 454 faciemus
691 437 701 454 ,
720 416 749 445 in
773 415 898 446 Ecclesia
922 415 1077 447 Parochiali
1099 414 1251 453 praediCta,

185 455 289 486 Tertio
306 454 364 484 Die
379 453 487 483 Menlis
503 454 647 484 Februarii
662 454 796 492 proximo
812 454 908 485 futuro
922 453 987 492 post
1002 454 1110 485 Datam
1126 453 1253 484 Praesen-

189 491 780 574 nul?sssizugffliiliiadggiffffiyetiiihejusdem
799 530 922 568 Mensis,
941 532 989 574 qui
1012 532 1063 561 erit
1082 530 1168 574 Anno
1184 528 1252 558 Do-

188 570 259 600 mini
283 569 441 600 Millesimo
454 592 464 607 ,
484 570 799 609 Quadringentesimo,
814 570 1024 608 Septuagelimo
1048 577 1167 606 quinto,
1185 570 1249 596 Duo

191 607 290 641 Millia
307 611 476 638 Marcarum.

228 647 336 684 ITEM,
354 648 388 678 ad
405 647 527 677 eundern
542 646 630 677 Diem
644 646 764 685 ejusdem
789 646 914 683 means,
934 645 982 682 qui
999 645 1051 674 erit
1071 644 1159 674 Anno
1184 642 1251 673 Do-

189 685 260 716 mini
287 685 444 716 Millefimo
458 708 468 723 ,
493 685 778 725 Qadringentesimo
792 708 800 723 ,
826 683 1036 723 Septuagesimo
1063 682 1140 713 sexto
1154 705 1165 720 ,
1189 684 1252 711 Duo

191 723 287 755 Millia
301 727 470 754 Inarcarum.

229 762 337 801 ITEM,
351 763 385 794 ad
409 762 531 794 eundem
556 762 644 792 Diem
664 761 786 799 ejusdem
810 760 934 798 Menfis,
954 760 1003 797 qui
1017 760 1068 790 erit
1085 759 1173 790 Anno
1188 757 1253 787 Do-

189 802 262 832 mini
274 801 447 838 Millesimo,
466 801 770 840 Qadringenteiimo,
789 798 998 838 Septuageiimo
1013 798 1151 836 septimo,
1170 794 1252 825 Mille

191 843 307 870 Marcas
321 839 453 871 Monetae
467 839 616 869 antedictae
625 861 634 876 ,

227 877 265 909 Et
288 878 388 909 deinde
408 879 571 915 annuatim,
592 877 676 906 Loco
697 877 729 906 δε
756 875 815 905 Die
836 874 1011 913 supradietis,
1031 873 1112 903 Mille
1138 875 1252 916 Marcags

189 916 283 948 donec
297 918 329 948 ὃς
345 917 440 954 quous
454 926 488 946 ue
502 916 576 945 dicta
589 916 706 946 Summa
728 917 830 951 Viginti
848 914 970 943 Millium
991 916 1151 943 Mariorum
1171 911 1253 951 fuerit

190 956 357 994 integraliter
374 956 407 986 &
423 965 442 992 p
453 955 544 985 enarie
562 953 712 991 persoluta,

231 994 276 1025 Ad
293 1004 359 1031 quas
374 993 490 1031 quidem
500 992 675 1026 Solutiones,
696 992 771 1021 bene
788 991 820 1021 &
836 990 951 1020 fideliter
966 988 1124 1026 faciendas,
1139 987 1253 1025 Obliga-

192 1043 266 1069 mus,
285 1031 360 1062 boni
376 1031 443 1061 Fide
456 1031 488 1061 &
505 1032 533 1060 in
550 1031 647 1060 Verbo
663 1029 775 1067 Regio,
793 1028 862 1058 Nos
873 1052 882 1067 ,
900 1028 1056 1066 Haeoedes,
1074 1027 1107 1058 &
1132 1026 1252 1057 Succes-

190 1071 264 1103 sores
277 1069 408 1107 nostros,
427 1079 460 1099 ac
475 1068 550 1098 Bona
565 1068 659 1099 nostra
674 1067 816 1105 praesentia
834 1068 865 1097 ὃ(
883 1066 990 1104 futura,

228 1109 251 1138 P
262 1117 363 1139 Rom
375 1118 417 1139 so
434 1107 514 1145 quod
531 1132 540 1146 ,
559 1109 586 1137 in
608 1107 719 1143 singulis
735 1106 928 1136 Solutionibus
946 1105 1110 1136 memoratis
1127 1128 1136 1142 ,
1160 1103 1254 1135 dietus

191 1146 273 1184 Rex,
291 1156 338 1177 aut
357 1147 526 1177 Procurator
545 1146 590 1176 seu
610 1146 789 1180 Attornatus,
808 1144 968 1182 hujusmodi
988 1143 1108 1182 legalem
1129 1143 1252 1181 Acquie-

191 1187 327 1223 tantiam,
353 1184 404 1216 sub
423 1185 521 1223 Sigillo
539 1184 651 1223 Magno
671 1183 750 1222 ipsius
768 1182 856 1216 Regis
869 1207 878 1220 ,
902 1182 937 1213 ad
954 1182 1080 1212 nostram
1100 1182 1132 1212 δε
1152 1181 1255 1212 Haere-

191 1224 262 1255 dtim
281 1222 444 1254 nostrorum
463 1223 703 1254 Exonerationem
715 1246 724 1258 ,
741 1221 777 1252 de
798 1221 934 1259 Receptis
952 1221 1099 1258 afferenti,
1118 1230 1170 1257 pro
1186 1220 1255 1250 No-

191 1263 234 1293 bis
252 1263 286 1294 &
305 1262 440 1292 Nomine
458 1261 557 1291 nostro
572 1286 581 1299 ,
608 1260 744 1291 Pecunias
770 1259 879 1290 easdem
898 1259 985 1291 tradat
1010 1260 1043 1290 &
1061 1259 1194 1290 deliberet
1213 1259 1256 1289 ef-

193 1301 350 1332 festuaiiter
368 1309 397 1331 ut
416 1300 456 1331 est
471 1300 588 1338 justum.

230 1339 264 1370 In
277 1340 354 1375 cuius
365 1339 423 1369 Rei
441 1338 657 1369 Testimonium
672 1336 800 1377 Sigillum
821 1337 952 1368 nostrum
971 1335 1115 1375 Magnum
1134 1335 1256 1374 proesen-

191 1378 266 1410 tibus
281 1377 321 1408 est
335 1377 504 1416 appensum,
523 1379 584 1410 &c.

229 1454 368 1494 Jacobus,
388 1453 445 1485 Dei
463 1453 549 1494 gratia
559 1477 568 1492 ,
584 1457 643 1484 Rex
659 1457 810 1492 Scotorum,
830 1453 967 1484 omnibus
976 1476 986 1492 ,
1003 1452 1038 1484 ad
1052 1462 1123 1492 quos
1135 1452 1256 1491 praesen-

193 1503 231 1524 tes
250 1494 365 1525 Litterae
379 1495 578 1532 pervenerint,
596 1494 733 1523 Salutem.

230 1531 312 1562 Ciirn
330 1533 401 1562 inter
417 1534 477 1561 Nos
496 1533 529 1562 &
547 1531 759 1562 Sereniffimum
780 1530 942 1568 Principem
962 1529 1135 1559 Edwardum
1163 1532 1257 1567 Regem

192 1570 306 1607 Angliae
331 1569 583 1608 consanguineum
607 1569 736 1601 nostrum
762 1569 934 1600 carissimum
950 1591 959 1606 ‚
988 1578 1041 1606 pro
1076 1569 1256 1599 incremento

195 1610 367 1640 Dilccstionis
385 1611 418 1640 ὃ(
436 1608 608 1640 Affeeiionis
626 1609 762 1640 Fraternae
780 1609 851 1638 inter
865 1607 934 1638 Nos
947 1608 979 1637 &
994 1606 1130 1638 Haeredes
1145 1606 1258 1637 nostros

192 1648 404 1678 introducendo
420 1670 429 1685 ,
459 1658 491 1678 ac
517 1647 621 1678 Pacem
645 1648 678 1677 <Sc
706 1648 844 1685 Qiietem
870 1646 1057 1677 Stibditorum
1091 1645 1254 1675 nostrorum

195 1686 346 1724 hincinde,
373 1686 409 1716 de
428 1686 641 1723 Matrimonio,
666 1687 736 1716 inter
754 1685 889 1723 Jacobum
911 1684 1027 1724 nostrum
1049 1686 1257 1722 Primogenitum

195 1727 228 1757 &
250 1725 404 1755 Haeredem
422 1749 431 1762 ,
450 1724 585 1762 ipsiusque
604 1723 692 1761 Regi;
708 1723 805 1753 Filiam
825 1723 971 1762 Juniorem
992 1722 1113 1753 ciciliam
1128 1747 1137 1761 ,
1161 1723 1260 1754 AEtate

196 1763 287 1794 adhuc
309 1763 455 1801 Minores,
476 1765 544 1793 ct'im
562 1763 596 1792 ad
618 1763 717 1793 Annos
736 1763 892 1800 legittimos
909 1762 1091 1800 pervenerint
1105 1785 1116 1800 ‚
1134 1761 1259 1792 Contra-

195 1802 309 1838 hendo,
327 1802 429 1831 seriose
446 1802 613 1832 Trac‘latnm
631 1801 663 1831 δε
679 1801 902 1832 Concordatum
917 1800 948 1832 sit

232 1839 349 1878 Ipseque
365 1839 595 1879 Consanguineus
613 1839 709 1870 noster
731 1839 829 1870 Nobis
847 1848 933 1870 certas
957 1823 1147 1870 Pecuniarum
1173 1839 1259 1869 Sum-

193 1888 253 1909 mas
269 1902 278 1916 ,
302 1878 437 1909 Nomine
456 1878 542 1909 Dotis
557 1901 567 1915 ,
596 1888 665 1908 curn
688 1879 756 1909 Filia
775 1878 820 1909 sua
834 1901 844 1916 ,
869 1877 903 1908 ad
922 1887 1014 1909 certos
1034 1878 1156 1916 Annos,
1180 1879 1260 1915 juitta

192 1916 322 1955 Capitula
340 1918 461 1956 ejusdem
487 1916 643 1947 Traetatcis
665 1917 698 1947 &
720 1916 898 1948 Concordiae
915 1941 924 1953 ,
945 1916 1022 1947 Dare
1041 1918 1075 1948 &
1095 1916 1260 1947 Persolvere

191 1964 337 1994 teneatur,
363 1965 447 1994 prout
468 1957 498 1985 in
520 1955 633 1986 Litteris
657 1955 842 1994 Obligatoriis
863 1956 986 1994 ejusdem
1011 1955 1099 1995 Regis
1115 1978 1126 1994 ,
1141 1955 1256 1993 desuper

194 1995 345 2032 emanans,
363 1995 471 2032 plenius
491 1995 668 2031 continetur,

233 2033 349 2071 Sitque,
369 2034 439 2063 inter
456 2042 556 2062 caetera
571 2057 580 2071 ,
597 2034 684 2063 eiiam
705 2034 734 2062 in
754 2032 856 2063 eisdem
876 2032 1012 2069 Capitulis
1030 2031 1154 2062 Distum
1170 2055 1180 2070 ,
1197 2031 1258 2063 Ad-

195 2071 329 2109 visatum,
348 2072 381 2102 ὃ(
401 2071 579 2102 Conclusum
600 2072 679 2108 quiid
695 2093 703 2107 ‚
721 2073 748 2101 in
765 2081 899 2102 eventum
919 2071 1058 2101 Defectus
1077 2070 1261 2102 Matrimonii

194 2112 267 2140 inter
284 2110 428 2150 praedictas
448 2109 544 2140 Proles
565 2110 671 2140 nosti-as
688 2133 696 2145 ,
720 2120 769 2147 per
794 2110 918 2141 Obitum
946 2119 1040 2140 earum
1064 2109 1174 2139 alterius
1193 2120 1257 2141 anre

195 2149 487 2187 Solempnizationem
508 2148 629 2187 ejusdem
650 2147 826 2178 Matrimonii
845 2148 889 2179 seu
908 2150 985 2179 aliter
1003 2149 1210 2187 contingentis,
1223 2149 1259 2179 de

193 2188 328 2217 omnibus
348 2188 381 2218 δε
406 2188 518 2227 singulis
542 2186 673 2218 Pecuniae
694 2186 820 2217 Summis
836 2211 845 2224 ,
870 2197 937 2224 quas
957 2186 1039 2218 causa
1055 2187 1089 2218 ὃς
1110 2188 1262 2218 occaiione

196 2225 335 2262 praedictis
356 2226 446 2263 ipsum
473 2228 569 2263 Regem
594 2225 707 2263 Angliae
729 2225 827 2255 Nobis
847 2225 955 2257 solvere
975 2226 1126 2263 contigerit
1138 2250 1148 2262 ‚
1165 2226 1261 2257 eidem

195 2263 271 2302 Reffi
290 2263 377 2294 suisve
392 2264 562 2295 Haeredibus
579 2265 611 2294 &
627 2263 840 2294 Successoribus
855 2265 1021 2304 integraliter
1035 2264 1260 2296 Satisfaetionem

194 2304 227 2334 &
245 2288 413 2343 Promptam
429 2302 645 2333 Resolutionem
659 2302 751 2333 facere
766 2303 931 2333 Teneamur
941 2326 951 2341 ,

234 2341 314 2372 Hinc
332 2341 373 2372 est
389 2342 468 2380 quod
484 2340 551 2371 Nos
569 2340 691 2380 Jacobus
706 2344 766 2370 Rex
780 2342 930 2380 praedictus
946 2341 1076 2372 Fatemur
1089 2341 1122 2371 &
1143 2342 1262 2381 Recog-

197 2379 355 2419 noscimus,
372 2390 420 2417 per
436 2380 607 2418 praesentes,
628 2379 696 2410 Nos
711 2379 819 2411 Teneri
837 2382 869 2411 &
894 2380 1012 2411 firmiter
1029 2379 1160 2417 Obligati
1182 2382 1262 2412 dieto

198 2418 343 2448 Edwardo
359 2422 424 2456 Regi
444 2418 558 2456 Angliae
580 2420 609 2448 iri
633 2419 769 2448 omnibus
790 2419 823 2450 &
845 2419 953 2458 singulis
967 2418 1159 2450 pecuniarum
1176 2420 1264 2450 Sum-

199 2458 268 2494 mis,
287 2467 353 2494 quas
376 2468 424 2494 per
449 2457 657 2495 Aequietantias
679 2457 784 2487 nostras
801 2458 916 2496 desuper
940 2456 1156 2497 concedendas,
1172 2459 1262 2496 ipsum

199 2495 314 2534 Regem
340 2495 458 2533 Nobis,
484 2505 547 2525 ante
569 2504 704 2526 eventum
728 2494 896 2527 Deficientis
921 2496 1099 2526 Matrimonii
1121 2497 1265 2534 hujusmo-

200 2533 247 2571 di,
264 2533 337 2577 Casu
362 2544 420 2572 quo
442 2535 578 2571 speratum
594 2533 744 2564 Effectum
766 2534 857 2566 sortiri
872 2545 1007 2573 nequeat,
1022 2534 1167 2566 exsolviffe
1180 2547 1265 2575 appa·

202 2581 303 2602 ruerit·

240 2610 282 2640 Ita
296 2596 394 2641 ⁷tamen
407 2610 485 2648 quod
496 2633 504 2647 ,
520 2610 539 2640 si
554 2610 682 2641 Summae
700 2610 847 2647 persoluto:
870 2610 1031 2643 huiusmodi
1054 2615 1102 2641 Bis
1125 2611 1207 2641 Mille
1225 2611 1264 2647 &

204 2649 379 2688 OCQingentax
396 2652 508 2678 Dianas
525 2659 583 2678 non
599 2648 781 2686 excelierint,
799 2649 866 2686 ipsas
888 2652 936 2678 Bis
959 2650 1040 2679 Mille
1060 2650 1098 2684 ὠ·
1123 2651 1266 2690 Quingen-

203 2697 248 2717 της
267 2690 379 2716 Mai-cas
407 2687 560 2718 nullatenus
583 2687 727 2718 refundere
752 2697 804 2716 nec
831 2687 968 2718 resolvere
989 2697 1158 2725 teneamur,
1184 2689 1266 2719 Reii-

204 2726 294 2755 duum
311 2735 405 2756 autem
419 2725 578 2763 hujusmodi
593 2725 724 2755 Pecuniae
742 2726 904 2763 persolutae,
925 2735 1188 2763 quantumcumque
1205 2727 1267 2756 fue-

205 2766 240 2794 rit
252 2787 261 2802 ,
280 2764 351 2795 infra
367 2764 498 2800 Quarum
517 2765 535 2783 ³¹²
557 2763 677 2801 Annos,
697 2765 725 2793 in
745 2774 877 2794 eventum
902 2764 1069 2794 Deficientis
1086 2763 1265 2795 Matrimonii

205 2802 352 2842 pnedidti,
372 2803 534 2838 immediate
551 2802 709 2840 sequentes,
729 2803 757 2832 in
772 2802 897 2833 Ecclesia
912 2802 1069 2833 Parocliiali
1089 2802 1186 2833 Sancti
1207 2803 1268 2833 Ni-

207 2841 317 2879 c'nolai,
335 2842 363 2870 in
383 2841 454 2871 Villa
470 2841 505 2871 dc
521 2840 618 2872 Novo
641 2838 762 2878 Castro,
780 2841 814 2871 ad
837 2841 972 2871 Tertium
994 2841 1083 2871 Diem
1109 2841 1269 2879 Februarii,

208 2881 254 2918 qui
271 2881 300 2910 in
318 2879 428 2917 lingulis
450 2880 573 2917 ipsorum
597 2879 731 2918 Quatuor
755 2881 906 2910 Annorum
931 2882 1074 2917 evenerit,
1094 2880 1175 2910 dieto
1192 2879 1268 2919 Regi

208 2928 254 2949 aut
268 2919 317 2948 suo
333 2927 414 2949 certo
431 2917 612 2949 Procuratori
633 2918 678 2948 seu
702 2918 856 2949 Attornato
874 2920 961 2956 aequis
988 2918 1171 2949 Portionibus
1184 2919 1270 2949 resol-

209 2966 323 2988 vemus:

247 2995 294 3026 Ad
318 3004 385 3033 quas
408 2994 524 3032 quidem
550 2994 768 3032 Resolutiones,
788 2996 816 3024 in
840 2994 952 3026 Eventu
969 2996 1001 3025 ὃς
1021 2994 1095 3026 Casu
1111 2995 1271 3036 prcediffis,

207 3035 282 3064 bene
307 3034 341 3065 &
360 3032 476 3064 fideliter
499 3033 655 3071 faciendas,
674 3033 848 3071 Obligamus,
866 3034 944 3064 bona
971 3033 1043 3065 Fide
1067 3036 1101 3067 ὃς
1125 3036 1154 3065 in
1169 3033 1268 3065 Verbo

209 3073 322 3111 Regio,
341 3071 426 3108 Nos,
442 3071 596 3110 Haeredes,
613 3073 646 3103 &
664 3072 843 3102 Succeffores
866 3073 976 3103 nostros
991 3095 1002 3111 ,
1019 3082 1053 3103 ac
1074 3073 1154 3105 Bona
1177 3072 1271 3104 nostra

211 3111 355 3149 praesentia
369 3111 403 3142 &
417 3111 525 3149 futura,

250 3149 394 3180 Pnowso
412 3148 513 3187 quod,
531 3150 559 3178 in
586 3147 696 3187 singulis
715 3147 941 3180 Resolutionibus
963 3150 1143 3188 memoratis,
1162 3148 1273 3181 Procu-

212 3196 284 3218 rator
306 3188 351 3218 seu
377 3188 559 3224 Attornatus,
579 3186 736 3224 hujusmodi
758 3187 876 3222 legalem
898 3189 1143 3226 Aequietantiam,
1162 3187 1212 3218 sub
1226 3189 1272 3219 Si-

215 3226 282 3262 gillo
304 3225 418 3262 Magno
437 3226 517 3264 ipsius
538 3225 627 3262 Regis
639 3247 647 3262 ,
665 3224 699 3254 ad
725 3224 864 3256 Nostram
886 3229 919 3258 &
936 3226 1096 3256 Haeredum
1110 3225 1271 3257 nostrorum

216 3260 454 3295 Exonerationem
468 3288 477 3302 ,
501 3264 537 3295 de
559 3263 694 3300 Receptis
714 3263 840 3294 afferenti
858 3288 866 3300 ,
886 3275 938 3302 pro
958 3264 1057 3295 Nobis
1079 3265 1112 3294 ὃς
1139 3265 1273 3296 Nomine

216 3302 316 3369 ῃοὶξαο
329 3326 339 3340 ,
369 3303 506 3334 Pecunias
529 3302 636 3333 easdem
663 3301 750 3332 tradat
770 3304 802 3333 &
821 3303 955 3334 deliberet
975 3301 1160 3333 effeetuaiiter
1180 3312 1209 3334 ut
1231 3304 1272 3334 est

230 3350 247 3370 u
276 3350 335 3370 um.

215 3350 227 3379 J
256 3377 289 3407 In
306 3380 381 3416 cujus
398 3381 436 3409 rei
445 3379 678 3417 Testimonium,
699 3377 829 3408 nostrum
843 3378 990 3417 Magnum
1004 3377 1136 3417 Sigillum
1153 3379 1274 3417 praesen-

218 3416 294 3448 tibus
306 3417 346 3446 est
360 3419 510 3455 appensum
520 3442 529 3457 ,
548 3420 609 3448 &c.

259 3493 331 3522 ΑΜ,
349 3492 444 3522 which
460 3494 585 3531 Tliingis
601 3493 654 3525 and
673 3493 807 3532 Materis,
824 3493 849 3524 sa
865 3493 985 3532 Aggreit
999 3491 1053 3522 and
1071 3492 1227 3529 Accordit,
1246 3493 1276 3523 in

223 3531 328 3562 Maner
343 3531 396 3561 and
411 3531 514 3562 Forme
527 3534 618 3562 above
634 3532 763 3570 expressit
773 3557 782 3568 ,
803 3531 881 3570 We,
899 3533 948 3562 the
959 3532 1128 3562 fornemmit
1151 3531 1277 3562 Oratou-

220 3571 258 3600 ris
278 3569 333 3599 and
357 3569 586 3600 Ambaffiatouris
609 3571 644 3601 of
659 3575 707 3602 the
731 3571 811 3609 King
832 3570 869 3600 of
885 3570 1021 3601 Scotland
1037 3594 1047 3607 ,
1067 3571 1103 3600 be
1125 3579 1224 3601 vertue
1244 3570 1281 3601 of

222 3619 293 3639 oure
308 3607 552 3644 Commiffionns‚
571 3609 733 3647 Promittis,
751 3611 779 3639 in
795 3609 872 3647 good
894 3609 995 3646 Feith,
1014 3609 1043 3638 iri
1066 3610 1114 3638 ilie
1133 3609 1231 3638 Name
1246 3608 1284 3639 of

223 3657 274 3677 our
295 3646 349 3676 said
374 3645 524 3675 Soveraine
546 3646 624 3677 Lord
648 3649 745 3685 Jamer
766 3650 839 3684 King
856 3645 891 3685 of
902 3646 1060 3684 Scotlande,
1079 3647 1137 3677 that
1154 3657 1208 3676 our
1223 3647 1278 3677 said

224 3684 376 3716 Soveraine
395 3683 474 3713 Lord
488 3684 561 3713 sauld
576 3684 659 3722 Kepe
671 3688 724 3716 and
742 3686 887 3722 Observe,
902 3686 981 3717 alsfer
996 3696 1023 3715 as
1035 3686 1093 3715 thei
1105 3686 1232 3724 tuiching
1245 3695 1279 3715 or

223 3724 400 3766 concerning
421 3723 500 3759 him,
519 3722 573 3752 and
598 3723 655 3754 that
678 3725 713 3754 he
733 3725 778 3754 sall
799 3724 897 3763 Ratify
917 3725 972 3755 and
993 3723 1154 3768 Conferme
1172 3723 1208 3753 all
1229 3723 1278 3754 the

227 3760 369 3790 Premissis
393 3760 525 3790 Wourde
547 3761 592 3791 for
612 3761 762 3799 wormac,
781 3763 834 3792 :ind
855 3763 914 3792 thar
939 3772 1038 3800 uppon
1059 3762 1105 3801 gif
1113 3761 1154 3792 his
1171 3762 1280 3792 Lettres

228 3797 349 3828 Patentis
364 3799 400 3830 of
412 3797 595 3829 Ratification
610 3798 663 3827 and
682 3798 911 3839 Confirmation,
928 3801 1000 3832 with
1013 3800 1062 3832 the
1079 3799 1133 3831 said
1147 3800 1280 3831 severallis

232 3837 340 3866 Lettres
353 3838 390 3867 of
400 3837 584 3875 Obligation,
603 3836 671 3866 Selit
684 3837 766 3866 undir
781 3839 822 3867 his
838 3838 911 3869 Gret
926 3840 1015 3878 Seite,
1031 3848 1064 3871 to
1078 3838 1116 3869 be
1136 3839 1280 3877 deliverit,

230 3875 259 3903 in
277 3875 324 3904 the
338 3874 467 3906 Parische
482 3874 557 3905 Kirk
573 3875 609 3905 of
622 3874 805 3912 Norrhame‚
820 3876 868 3906 the
892 3877 1011 3909 Fowrth
1032 3878 1095 3916 Day
1117 3878 1154 3907 of
1161 3878 1279 3914 Jannare

233 3912 291 3953 niqxt
308 3921 338 3941 to
351 3923 436 3952 curn,
452 3923 484 3944 to
497 3915 592 3943 tharne
607 3923 642 3943 or
657 3913 716 3942 him
723 3913 818 3950 quhilk
833 3914 867 3943 sal
881 3915 917 3945 be
928 3917 1080 3947 aurstorizit
1094 3916 1130 3946 be
1144 3915 1191 3946 the
1201 3916 1281 3954 King

233 3952 266 3978 oi
287 3949 418 3988 Inglande
440 3962 471 3982 to
496 3951 617 3982 Ressaue
638 3952 687 3982 the
704 3951 793 3988 same,
811 3951 865 3981 and
888 3962 918 3983 to
932 3954 1051 3985 delivrer
1067 3954 1121 3985 and
1136 3954 1203 3984 then
1225 3955 1281 3984 and

233 3987 311 4018 thare
326 3988 451 4030 deliverit
467 3990 529 4028 lyke
544 3991 590 4020 for
605 3990 651 4020 the
668 3999 726 4026 part
739 3990 775 4020 of
786 3990 832 4019 the
846 3991 919 4028 Kiug
934 3993 1107 4030 osInglande
1129 3992 1282 4032 according

232 4032 265 4056 to
277 4024 365 4056 thaim
381 4026 440 4058 that
455 4029 479 4058 'is
493 4028 586 4060 above
603 4029 700 4061 adviiit
714 4028 769 4060 and
782 4028 926 4067 account,
944 4031 1027 4062 onies
1043 4031 1109 4064 than
1131 4032 1179 4062 the
1201 4030 1284 4061 Prin-

1323 333 1408 365 Boith
1425 334 1474 365 the
1488 333 1622 364 Tenours
1635 332 1673 363 of
1680 332 1728 362 the
1743 330 1970 371 Commiffions,
1986 333 2111 372 quharof
2128 336 2150 366 is
2168 334 2244 366 maid
2266 344 2349 367 men-

1286 374 1347 404 tion
1363 373 1463 412 befor,
1482 373 1518 403 be
1532 372 1599 403 such
1614 382 1642 403 as
1653 370 1802 410 folouyth‚

1307 450 1503 494 'Edwarduss
1517 448 1580 485 &c.
1599 449 1733 480 omnibus
1739 470 1750 486 ‚
1766 447 1801 478 ad
1823 457 1894 486 quos
1916 447 2064 485 praesentes
2085 447 2189 481 Literae
2210 461 2349 490 pervene*

1289 489 1684 570 rugliigaiiliilffpermittatut
1699 523 1934 569 Hosti-Humani
1942 522 2111 562 Generis,in
2125 524 2347 559 administrando

1285 563 1412 594 Pericula
1434 564 1667 603 Diffentionum,
1685 564 1816 595 Potentia
1836 572 1927 601 tanta,
1945 563 2026 601 quod
2041 585 2052 601 ,
2069 573 2121 600 pro
2144 563 2195 594 suo
2215 564 2349 604 Benepla·

1286 603 1361 639 ciro,
1379 612 1440 632 non
1475 602 1538 633 offit
1551 605 1585 635 &
1600 603 1667 633 velit
1682 602 1841 641 Benignitas
1847 601 2067 639 omnipotentis
2080 601 2211 633 Gratiam
2225 604 2348 635 viciffirn

1285 640 1432 671 infundere
1493 641 1622 672 ncordiae
1637 642 1671 672 &
1685 641 1827 679 Unitatis,
1847 640 2018 678 noviffime,
2035 639 2148 671 Diebus
2161 639 2237 678 istis,
2254 641 2349 676 desur-

1285 678 1347 708 sum
1364 678 1462 709 datum
1485 679 1527 710 est
1552 689 1582 710 ut
1600 681 1671 710 inter
1694 681 1754 709 Nos
1777 679 1810 710 &
1833 678 2046 710 Sereniffimum
2069 679 2103 709 &
2127 678 2348 713 Illustriffimum

1287 715 1451 756 Principem
1463 717 1600 756 Jacobum
1615 721 1712 756 Regem
1727 721 1862 748 Scotorum
1885 717 2135 757 Consanguineum
2157 717 2288 748 nostrum
2301 729 2350 750 ca-

1288 754 1443 793 riffimum,
1463 756 1526 793 post
1547 756 1634 787 multa
1656 756 1901 788 Praedecefforum
1920 755 2084 787 nostrorum
2104 756 2256 787 commista
2271 757 2351 788 Prae-

1286 793 1321 822 lia
1330 816 1339 830 ,
1359 793 1395 823 dc
1409 793 1509 825 Modis
1524 796 1558 825 &
1574 794 1678 826 Mediis
1692 795 1895 826 reconciliandi
1908 795 2023 826 Amoris
2038 795 2072 826 &
2084 795 2231 826 Amicitiae
2246 795 2350 828 Sermo

1288 831 1321 862 &
1334 831 1484 863 Traetatus
1497 833 1664 872 haberetur,

1327 870 1468 908 Adeoque
1482 873 1555 902 inter
1569 871 1682 902 nostros
1695 872 1728 903 δε
1744 871 1826 910 ipfius
1842 869 2054 909 Consanguinei
2068 871 2159 904 nostri
2173 871 2351 903 Commiffa-

1287 909 1342 938 rios
1363 910 1445 947 super
1465 919 1500 940 eo
1521 908 1780 941 Communicatum
1797 934 1807 948 ,
1833 910 2068 948 Appunctuatum
2083 934 2094 949 ,
2116 912 2150 942 &
2169 910 2350 943 conclusum

1287 948 1394 986 exritit,
1413 957 1443 978 ut
1459 948 1494 978 ad
1511 947 1752 987 Matrimonium,
1771 950 1842 978 inter
1855 948 1991 986 Jacobum
2005 948 2102 978 Filium
2117 954 2222 980 unicum
2236 949 2354 985 &11ae-

1286 986 1374 1015 redem
1389 987 1471 1024 ipsius
1488 985 1580 1024 Regis
1594 986 1777 1025 nostramque
1791 986 1890 1016 Filiam
1903 985 2050 1024 Juniorem
2073 988 2198 1018 Cei-iliam
2219 988 2351 1027 superve—

1287 1026 1382 1054 niente
1406 1024 1505 1056 AEtate
1529 1024 1656 1063 legitima
1678 1026 1905 1056 contrahendum
1922 1047 1932 1062 ,
1958 1034 2092 1063 tanquam
2116 1026 2296 1066 Principium
2316 1029 2352 1060 δε

1288 1063 1429 1094 Radicem
1443 1063 1598 1094 stabiliendi
1613 1065 1730 1095 Amoris
1740 1064 1898 1103 ,Factaque
1917 1063 2059 1095 Dotalitia
2070 1064 2105 1095 δί
2119 1065 2171 1097 alia
2185 1067 2216 1097 in
2231 1066 2351 1102 &Parte

1290 1102 1451 1170 neffiffasst’.
1462 1103 1484 1132 F
1487 1104 1629 1142 irmanda,
1646 1104 1764 1141 procedi
1779 1102 1895 1134 deberet
1905 1126 1915 1140 ,

1366 1151 1399 1172 os
1415 1152 1423 1171 i
1445 1150 1499 1172 itur

1325 1178 1384 1218 Ea,
1402 1151 1468 1218 qtgiae
1482 1164 1531 1219 per
1547 1179 1767 1212 Commiffiirios
1786 1179 1897 1210 nostros
1919 1187 2004 1218 atque
2017 1179 2080 1210 suos
2101 1179 2172 1212 hinc
2186 1180 2272 1220 inde,
2284 1181 2354 1213 Tri-

1289 1218 1396 1248 cesimo
1416 1218 1473 1261 Die
1491 1218 1599 1250 Mensis
1609 1219 1676 1257 Julii
1690 1220 1794 1251 ultimo
1811 1218 1934 1256 effluxo,
1951 1217 2026 1256 apud
2046 1217 2355 1259 westmonasterium,

1291 1266 1321 1287 ut
1346 1267 1395 1294 per
1417 1259 1540 1295 iptorum
1565 1257 1727 1289 Indenturas
1750 1259 1821 1288 illius
1846 1257 1932 1288 Datae
1950 1265 2083 1296 apparet,
2098 1257 2177 1296 super
2202 1257 2355 1291 Praemiffis

1291 1294 1421 1326 Advisata
1431 1319 1440 1334 ‚
1457 1297 1674 1336 Appunetuata,
1692 1297 1738 1327 seu
1747 1296 1932 1327 Concordata
1946 1296 2118 1334 noscuntur,
2135 1295 2208 1328 Rata
2222 1297 2356 1329 habentes

1291 1342 1376 1402 ifitcgpe
1389 1334 1478 1366 Grata
1487 1358 1496 1373 ,
1513 1335 1695 1374 volentesque
1709 1346 1742 1367 ea
1753 1344 1992 1376 praeconceptum
2013 1335 2043 1365 in
2055 1335 2188 1366 omnibus
2203 1335 2294 1367 sortiri
2315 1336 2358 1367 ef-

1306 1383 1321 1402 e
1354 1383 1418 1409 um,

1329 1411 1378 1442 De
1396 1412 1418 1442 F
1420 1411 1561 1450 idelitate,
1580 1412 1743 1452 Probitate,
1759 1411 2044 1451 Circumspefflone,
2060 1413 2094 1444 &
2116 1412 2257 1444 Industria
2272 1435 2281 1450 ,
2300 1412 2358 1444 Di-

1293 1449 1435 1481 let-”torum
1461 1450 1623 1481 nostrorum
1640 1475 1649 1489 ,
1666 1450 1907 1483 Reverendorum
1928 1451 2043 1482 Patrum
2057 1475 2068 1490 ,
2085 1453 2232 1482 Laurentii
2249 1451 2358 1482 Dunol-

1293 1500 1353 1517 men
1364 1500 1404 1527 15,
1424 1490 1535 1519 Ricardi
1546 1489 1726 1531 Affavenfir,
1745 1492 1773 1520 Ε
1790 1493 1945 1528 icoporum,
1963 1490 2101 1529 Radulphi
2114 1490 2360 1531 DominiGrastok,

1291 1527 1432 1565 Johannis
1458 1532 1568 1558 Domini
1589 1528 1613 1558 le
1637 1532 1746 1567 Serape,
1806 1529 1914 1567 ilitum,
1931 1528 2074 1568 Johannis
2094 1527 2197 1568 Ruffill
2208 1528 2361 1559 Archidia-

1292 1567 1359 1596 coni
1375 1566 1520 1597 Berkssiire
1535 1566 1670 1598 Custodis
1686 1568 1791 1599 Privati
1804 1568 1893 1606 Sigilli
1907 1567 2014 1606 nostri,
2030 1569 2065 1598 &
2077 1567 2188 1598 Roberti
2201 1566 2287 1597 Boith
2301 1567 2360 1598 Le·

1293 1613 1363 1642 gum
1390 1605 1551 1645 Doctoris,
1570 1605 1805 1637 Consiliariorum
1830 1605 2013 1646 nostrorum,
2031 1606 2191 1646 pleniffime
2209 1605 2361 1638 confiden—

1293 1652 1349 1678 tes,

1333 1681 1410 1720 Ipsos
1429 1682 1541 1713 nostros
1562 1682 1799 1721 Ambaffiatores,
1818 1683 1971 1722 Oratores,
1988 1682 2227 1722 commissarios,
2247 1682 2360 1714 Procu-

1297 1729 1417 1759 ratoreS,
1436 1722 1469 1752 &
1493 1721 1632 1752 Nuncios
1649 1722 1777 1760 speciales
1798 1721 1946 1761 Faenum,
1965 1721 2176 1754 Constituimus
2189 1745 2200 1762 ,
2219 1723 2254 1755 &
2271 1721 2360 1754 Ordi-

1295 1770 1393 1790 namus
1408 1769 1456 1797 per
1473 1759 1643 1797 praesentes,

1335 1798 1444 1829 Dantes
1467 1800 1500 1830 &
1524 1797 1726 1829 Concedentes
1747 1799 1801 1838 eis,
1820 1798 1980 1837 Qinque,
2000 1798 2152 1837 Quatuor,
2169 1797 2294 1837 Tribus,
2312 1807 2361 1830 aut

1296 1836 1420 1867 Duobus
1436 1847 1552 1875 eorum,
1570 1836 1744 1868 Potestatem
1760 1838 1922 1877 generalem
1942 1839 1977 1869 &
1998 1836 2172 1867 Mandatum
2194 1837 2311 1875 speciale
2330 1839 2362 1867 in

1296 1875 1438 1913 Regnum
1459 1875 1566 1906 Scotiae
1591 1876 1624 1906 δε
1646 1876 1740 1907 versus
1771 1876 1922 1915 praefatum
1945 1875 2199 1915 Consanguineum
2229 1875 2362 1908 nostrum

1296 1913 1411 1953 Regem
1428 1915 1454 1944 se
1469 1914 1689 1953 transportandi,

1334 1953 1502 1990 Ibidemque
1512 1975 1521 1991 ,
1541 1963 1593 1991 pro
1610 1953 1708 1983 Nobis
1721 1953 1755 1983 &
1769 1951 1905 1983 Nomine
1917 1952 2035 1990 nostro,
2052 1952 2088 1982 de
2103 1953 2136 1983 &
2151 1952 2230 1991 super
2245 1952 2365 1991 Sponsa-

1297 1991 1370 2022 libus
1391 1993 1424 2022 &
1449 1992 1641 2023 Matrimonio
1655 2016 1664 2029 ,
1682 1993 1753 2022 inter
1774 1991 1884 2022 dietum
1906 1991 2042 2030 Jacobum
2061 1990 2158 2021 Filium
2178 1991 2363 2029 nostramque

1300 2030 1398 2060 Filiam
1421 2030 1546 2060 ceciliam
1569 2040 1755 2061 memoratam
1780 2031 1977 2062 contrahendo
1993 2053 2003 2067 ,
2022 2030 2159 2067 Doteque
2174 2053 2184 2068 ,
2205 2030 2365 2068 Dotalitio,

1297 2069 1343 2100 seu
1369 2069 1539 2100 Donatione
1557 2078 1672 2108 propter
1694 2069 1834 2107 Nuptias,
1854 2068 1893 2099 Vi
1918 2071 1952 2101 ὃς
1974 2068 2090 2100 Virtute
2109 2068 2286 2100 Matrimonii
2310 2069 2364 2099 hu-

1295 2108 1418 2146 jusmodi
1445 2108 1647 2139 Promittendis
1661 2132 1671 2145 ,
1689 2108 1708 2127 *²
1729 2107 1839 2138 Dandis
1855 2131 1864 2146 ,
1891 2109 1924 2139 &
1944 2108 2143 2139 Periolvendis
2156 2129 2166 2146 ,
2191 2117 2260 2138 cum
2282 2107 2363 2138 dieto
2384 2119 2400 2137 a
2418 2120 2475 2149 XL

1298 2146 1479 2178 Serenissimo
1500 2147 1633 2185 Principe
1653 2150 1722 2185 Rege
1745 2150 1882 2177 Scotorum
1902 2145 2123 2186 Consanguineo
2141 2146 2243 2177 nostro
2259 2146 2365 2177 carisfi-
2383 2158 2449 2198 830·

1299 2194 1435 2255 ffss'n’seffss‘
1442 2184 2010 2256 {ilienotissfffii’gss’iacffimiffl‘i'siizdsiu
2023 2185 2280 2254 &31203533‘3222215‘
2287 2184 2365 2255 “iiffi’

1300 2263 1490 2301 punctuandi,
1510 2261 1734 2301 Concordandi,
1753 2264 1786 2294 ὅτ
1802 2247 2035 2306 ’Concludendi,
2273 2247 2283 2262 ³
2330 2234 2365 2263 P-

1336 2301 1506 2339 Locorum,
1522 2302 1723 2340 Temporum,
1742 2300 1921 2340 Modorum,
1938 2301 2151 2332 Conditionurn
2161 2299 2368 2339 ,cautionum

1300 2341 1334 2371 &
1357 2340 1545 2370 Securitatum
1562 2363 1572 2378 ,
1599 2341 1699 2378 quibus
1722 2339 1868 2371 Praemisfa
1890 2341 2088 2378 compleantur
2108 2340 2142 2371 &
2167 2339 2343 2377 perficiantur
2359 2362 2370 2378 ‚

1301 2377 1511 2409 Certitudinem
1519 2401 1528 2414 ,
1540 2378 1784 2416 Specificationem
1798 2380 1831 2410 &
1842 2378 2016 2418 Qalitatem
2022 2377 2304 2417 statuendi,&super
2317 2378 2370 2411 eise

1303 2417 1369 2447 dem
1385 2416 1593 2449 Consentiendi
1607 2420 1640 2449 &
1654 2417 1879 2456 Concordandi,

1339 2455 1389 2486 De
1402 2457 1436 2486 &
1452 2457 1530 2494 super
1546 2455 1642 2494 firma,
1660 2465 1811 2495 perpetua,
1831 2458 1865 2488 &
1879 2456 1943 2486 reali
1959 2454 2035 2487 Pace
2054 2455 2088 2486 &
2105 2454 2256 2493 Amicitia,
2275 2454 2369 2494 Ligis-

1301 2504 1376 2533 que,
1395 2494 1715 2532 Confoederationibus,
1734 2496 1891 2534 Treugisve
1910 2495 1943 2525 &
1965 2494 2151 2526 Abstinentiis
2172 2492 2367 2531 Guerrarum,

1302 2543 1356 2571 pro
1383 2533 1502 2572 Nobis,
1523 2534 1650 2570 Amicis,
1667 2533 1793 2573 Alligatis
1804 2556 1815 2571 ,
1833 2532 2047 2564 confoederatis
2059 2554 2069 2570 ,
2091 2532 2188 2569 Ligeis
2205 2554 2215 2569 ,
2229 2532 2370 2570 Subditis‚

1302 2572 1490 2610 Haeredibus‚
1507 2572 1738 2609 Succefforibus,
1756 2571 1882 2611 Regnis,
1898 2570 2013 2609 Patriis,
2031 2571 2181 2602 Dominiis
2195 2570 2316 2610 nostriS,
2333 2571 2368 2602 &

1302 2611 1442 2648 utriusque
1466 2609 1618 2649 nostrum,
1642 2609 1771 2640 ineundis
1783 2635 1793 2648 ,
1811 2608 2010 2640 contrahendis
2025 2631 2035 2647 ‚
2053 2609 2087 2640 &
2112 2608 2257 2640 firmandis
2273 2632 2283 2648 ,
2301 2619 2368 2641 mu-

1303 2649 1412 2686 tuisque
1437 2649 1506 2679 hinc
1527 2649 1593 2679 inde
1614 2648 1780 2679 Asfistentiis
1800 2650 1833 2679 ὃς
1860 2649 1976 2678 Auxiliis
1997 2648 2177 2687 praestandis,
2194 2648 2370 2687 Tradhndi,

1304 2687 1529 2724 Consentiendi,
1550 2686 1775 2725 Concordandi,
1793 2687 1827 2717 &
1843 2685 2062 2725 Concludendi,

1303 2763 1323 2794 fi
1343 2726 1492 2793 Algimque
1507 2728 1621 2755 Dietam
1638 2736 1691 2765 pro
1706 2725 1874 2764 Praemissis,
1892 2725 1914 2756 si
1927 2733 2074 2764 oporteat,
2092 2723 2278 2757 statuendi&
2297 2734 2371 2764 prae-

1324 2773 1377 2794 oen
1399 2774 1424 2801 1,

1323 2789 1512 2841 ³³⁹Caeterzique
1528 2802 1678 2840 Faciendi,
1696 2801 1875 2834 Excercendi
1888 2825 1898 2839 ,
1914 2802 1949 2833 &
1964 2801 2140 2840 Expediendi
2162 2812 2227 2841 quae
2248 2803 2278 2832 in
2291 2801 2370 2832 Prae-

1306 2841 1395 2870 missis
1410 2841 1455 2872 seu
1468 2842 1563 2879 aliquo
1574 2840 1794 2872 Praemifforum
1811 2840 1961 2871 necessaria
1973 2841 2076 2872 fuerint
2088 2841 2134 2872 seu
2148 2840 2370 2880 quomodolibet

1306 2887 1462 2948 oportlilinQ
1480 2882 1565 2911 etiam
1586 2880 1608 2910 si
1629 2880 1690 2910 talia
1711 2880 1763 2911 sint
1786 2890 1851 2919 quae
1872 2880 1909 2911 de
1924 2879 1951 2911 se
1966 2879 2140 2911 Mandatum
2152 2880 2243 2918 magis
2257 2878 2370 2916 exigant

1306 2921 1313 2948 i
1339 2920 1380 2948 eci
1407 2929 1436 2949 e·

1317 2929 1566 2995 pProniittentes,
1585 2956 1663 2988 bona
1677 2956 1747 2988 Fide
1760 2957 1793 2988 &
1809 2957 1839 2987 in
1855 2955 1956 2987 Verbo
1972 2954 2003 2986 R
2040 2957 2068 2987 io
2078 2979 2088 2994 ,
2104 2965 2160 2994 pro
2168 2954 2268 2985 Nobis
2274 2953 2368 2992 ‚Hae-

1308 2995 1436 3034 redibus,
1454 2996 1488 3026 &
1504 2995 1716 3027 Succefforibus
1732 2995 1851 3032 nostris,
1870 3005 1901 3025 ea
1914 2995 2010 3025 omnia
2044 2995 2167 3025 abituros
2188 2991 2259 3023 Nos
2277 2992 2368 3031 Rata,

1309 3033 1416 3073 Grata,
1434 3034 1468 3064 &
1485 3034 1580 3064 Firma
1593 3036 1820 3074 imperpetuum,
1838 3043 1902 3072 quae
1916 3043 1966 3071 pei·
1977 3033 2070 3064 dietos
2081 3031 2194 3062 nostros
2211 3030 2371 3063 Ambasfia-

1309 3082 1401 3111 tores,
1420 3072 1571 3109 Oratores,
1590 3071 1811 3104 Commiffiirios
1827 3096 1836 3110 ,
1856 3072 2073 3108 Procuratores,
2090 3070 2124 3100 &
2148 3068 2302 3107 Nuncios,
2321 3078 2369 3101 aut

1310 3111 1396 3142 Duos
1417 3121 1518 3142 eorum
1533 3135 1543 3149 ,
1562 3111 1695 3142 Traeiata
1710 3135 1720 3150 ,
1740 3110 1982 3145 Communioeta,
1998 3108 2216 3147 Appunetuata,
2232 3107 2369 3139 Concor-

1308 3150 1387 3186 data,
1405 3150 1450 3180 seu
1466 3148 1612 3181 Conclusa
1623 3150 1726 3180 fuerint
1739 3150 1768 3179 in
1785 3147 1950 3185 Praemisfis,
1965 3147 2012 3176 seu
2026 3147 2122 3184 aliquo
2136 3145 2369 3184 Praemifforum,

1307 3189 1357 3219 sub
1369 3187 1485 3228 Ipoteca
1499 3189 1532 3219 δε
1548 3187 1734 3227 Obligatione
1746 3189 1880 3218 omnium
1894 3184 2043 3216 Bonorum
2064 3184 2229 3215 nostrorum
2249 3185 2370 3222 praesen-

1308 3228 1380 3258 tium
1395 3227 1428 3257 &
1446 3227 1614 3257 futurorum.

1346 3265 1379 3296 In
1402 3266 1480 3304 cujus
1497 3266 1537 3296 rei
1553 3264 1767 3296 Testimonium
1788 3264 1836 3294 has
1858 3262 1965 3295 Literas
1984 3260 2091 3293 nostras
2106 3260 2166 3292 fieri
2179 3260 2299 3293 fecimus
2313 3261 2370 3295 Pa-

1310 3312 1409 3335 tentes.

1345 3379 1435 3410 Teste
1451 3378 1558 3417 meipso
1573 3378 1647 3417 apud
1659 3378 1814 3417 Wyndefiire
1823 3377 1971 3416 ,Decimo
1986 3377 2089 3415 quinto
2105 3375 2151 3407 die
2165 3375 2371 3417 Augusti,An-

1313 3428 1353 3448 no
1368 3418 1466 3455 Regni
1481 3417 1572 3447 nostri
1588 3417 1702 3455 Qiarto
1715 3417 1839 3447 decimo.

1507 3494 1561 3522 Per
1579 3491 1661 3531 ipsitm
1681 3495 1796 3531 Regem,
1810 3491 1849 3528 ό·
1871 3492 1904 3523 de
1924 3495 2005 3523 Data
2021 3493 2174 3532 praedift‘a,
2191 3494 2370 3524 Austoritate

1545 3530 1735 3560 parliamenti.

1349 3606 1470 3647 Jacobus
1482 3630 1491 3643 ,
1509 3606 1568 3637 Dei
1587 3606 1688 3638 Gratia
1704 3632 1714 3645 ‚
1732 3610 1792 3637 Rex
1810 3610 1963 3646 Scotorum,
1980 3608 2112 3640 universis
2134 3610 2169 3641 &
2191 3608 2315 3647 singulis,
2332 3605 2367 3636 ad

1313 3656 1438 3686 quorum
1453 3645 1580 3676 Notitias
1596 3647 1742 3684 praesentes
1759 3646 1863 3677 Literae
1873 3649 2069 3686 pervenerint,
2088 3647 2222 3678 Salutem.

1352 3685 1432 3715 Cum
1451 3685 1524 3714 nulla
1546 3686 1721 3722 permittatur
1740 3684 1827 3715 Hosti
1840 3685 1968 3716 Humani
1985 3685 2108 3718 Generis
2122 3686 2152 3716 in
2162 3682 2370 3715 Administran-

1314 3724 1354 3755 do
1368 3722 1495 3753 Pericula
1511 3723 1730 3754 Discenlionum
1744 3723 1875 3755 Potentia
1892 3732 1982 3763 tanta,
2001 3724 2080 3764 quod
2098 3734 2152 3762 pro
2166 3722 2215 3753 suo
2234 3719 2370 3764 Benepla-

1314 3761 1846 3832 {iffi„zssssepssffssci‘riilasst‘irssssziss
1859 3761 2228 3832 Qfflaeffss‘ssrsszi‘ffi
2240 3758 2368 3828 53⁶&ss}

1315 3840 1376 3870 sum
1396 3838 1505 3868 Datum
1528 3838 1569 3868 est
1591 3847 1619 3869 ut
1638 3840 1711 3869 inter
1731 3841 1792 3868 Nos
1812 3824 2072 3871 &³8erenisfimum
2097 3846 2131 3868 ac
2150 3834 2369 3867 Illustrisfimum

1315 3878 1477 3915 Principem
1502 3877 1678 3906 Edwardum
1700 3878 1812 3915 Angliae
1840 3880 1936 3915 Regem
1963 3876 2077 3908 Consan
2099 3875 2212 3904 uineum
2238 3873 2369 3919 nostrum

1316 3915 1502 3947 Carissimum
1558 3914 1622 3952 post
1647 3915 1736 3947 multa
1761 3916 2005 3947 Praedecessorurn
2031 3922 2072 3944 no
2098 3921 2193 3941 rorum
2218 3912 2371 3944 commissa

1317 3954 1434 3992 Praelia,
1451 3953 1487 3983 de
1511 3940 1610 3984 Medis
1629 3954 1662 3984 &
1687 3954 1793 3985 Mediis
1813 3951 2023 3985 Reconsiliandi
2037 3950 2154 3980 Amoris
2171 3950 2205 3981 &
2221 3949 2369 3982 Amicitiae

1318 3993 1421 4024 Sermo
1434 3993 1467 4023 &
1481 3991 1629 4023 ‘tractatus
1642 3993 1805 4030 haberetur,
2049 4027 2055 4033 ,
2095 4026 2102 4033 ,
2197 4028 2202 4032 ¹

1355 4031 1494 4071 Adeoque
1515 4031 1587 4061 inter
1608 4031 1723 4063 nostros
1744 4032 1778 4063 &
1791 4030 1873 4069 ipfius
1893 4028 2105 4066 Confingumei
2113 4025 2204 4058 nostri
2221 4025 2373 4096 Οοηιῦτὲἱς-

2332 4072 2375 4096 10⁶

2369 293 2437 321 Edv.
2451 301 2494 328 4.·,
2552 302 2555 318 s
