2555 4266
53 1203 132 1234 'Ann.
143 1204 183 1237 D.

69 1253 94 1275 ,ι
100 1251 168 1281 505.

51 1286 104 1310 Aa.
124 1293 168 1349 ἴθ’
195 1311 349 1351 >Johannis
378 1312 466 1341 ultimi
495 1313 548 1348 Epi
561 1314 614 1348 copi
632 1313 697 1339 Loci
722 1310 793 1340 illius
809 1335 818 1349 ,
846 1310 999 1341 Personam
1021 1312 1129 1342 sincere
1153 1312 1265 1344 Dileffi

51 1360 110 1388 Par.
128 1370 173 1388 20.

50 1402 87 1425 H.
96 1406 180 1436 7.p.i.

51 1444 87 1463 m.
104 1447 150 1472 24.

42 2511 64 2530 0
81 2511 164 2540 xm.

48 2559 59 2576 1
69 2559 77 2576 Ι
86 2559 111 2586 3·

42 2624 122 2656 Ann.
135 2604 182 2656 D.-

92 2673 160 2706 505.

42 2784 102 2812 fat.
117 2796 161 2814 20.

45 2822 79 2851 H.
89 2834 102 2859 7
111 2847 115 2852 .
124 2835 160 2854 m.

216 210 303 247 '‘a-16

257 377 324 405 pnes
338 377 352 396 a
372 365 471 395 nostro
490 365 601 396 Sennor
618 363 665 394 affi
686 363 712 393 le
728 364 815 402 plugo
827 386 837 399 ,
864 361 1066 392 conformamo
1084 361 1153 391 Nos
1172 369 1229 391 con
1247 359 1277 390 su

67 368 121 391 HN}
151 373 178 399 7,
217 378 361 437 ζΙΟῙυηωά
377 428 387 442 ,
412 413 430 443 y
448 404 547 434 damos
563 404 589 433 le
606 403 726 433 Gracias
744 412 797 440 por
815 400 886 431 todo
903 400 932 430 io
952 409 1009 438 que
1026 399 1088 431 faze
1100 423 1111 439 ,
1137 409 1227 431 como
1247 408 1276 429 es

216 453 396 512 ragrdicha
415 476 577 520 Sereniffima
599 483 710 518 Reyna,
727 477 820 509 nostra
842 477 971 516 Muger,
989 488 1045 516 que
1067 477 1150 508 Sama
1174 475 1276 507 Gloria

216 522 302 559 haya,
320 520 393 550 dexo
407 516 552 550 ordenado
568 528 619 556 por
634 519 662 548 fii
676 517 866 548 Testamento
880 527 937 555 que
950 517 1101 547 fueffemos
1124 515 1192 545 Nos
1213 514 1276 545 Ad-

214 558 393 589 ministrador
407 568 424 598 y
442 557 633 588 Governador
655 555 691 586 de
713 556 755 586 los
769 554 886 595 Reynos
899 556 934 586 de
948 555 1078 598 Camila,
1092 553 1129 584 de
1143 553 1226 583 Leon
1236 575 1246 590 ,
1258 561 1277 590 y

216 598 253 627 de
271 597 423 634 Granada,
441 597 502 628 &c.
521 606 612 627 como
626 595 655 626 lo
671 595 784 633 sornos,
801 605 855 633 por
870 595 896 624 la
911 592 1087 624 Sereniffima
1099 594 1193 628 Reyna
1215 594 1276 621 Do-

214 648 253 666 na
265 635 366 673 Juana
381 634 474 665 nostra
487 635 542 672 Fija
552 658 562 672 ,

252 674 281 704 Y
298 684 351 711 por
367 684 422 711 que
440 673 475 703 de
491 674 533 703 los
546 673 698 712 Negocios
713 671 883 702 escrevimos
899 680 913 699 a
928 669 944 698 l'
957 669 1062 699 130έῖον
1077 668 1110 698 de
1124 667 1153 697 Ia
1160 667 1274 706 Puebla,

211 712 312 742 nostro
329 711 527 750 Enibaxador,
544 723 599 749 que
615 721 673 741 con
688 721 740 741 vos
755 709 829 747 esta,
847 707 1098 739 affectuosamente
1117 716 1169 741 vos
1191 715 1273 746 roga-

212 761 278 781 mos
291 750 317 780 le
331 751 414 781 dedes
428 760 520 780 entera
534 751 575 780 Fe
590 760 606 789 y
624 750 762 785 Crencia,

250 792 320 829 llluy
346 788 524 828 Esclarestido
539 812 549 827 ,
578 788 663 826 nostro
685 797 745 825 muy
770 789 839 814 Caro
855 796 876 825 y
898 796 956 823 muy
980 783 1092 814 Amado
1112 786 1271 822 Hermam,

206 827 310 864 nostro
332 828 443 858 Sennor
464 827 548 859 todos
568 825 680 863 tempos
702 834 754 855 vos
778 824 847 864 haya
866 834 903 854 en
922 826 952 854 su
969 822 1085 861 especial
1101 821 1216 853 Guarda
1236 822 1271 853 &

208 865 408 897 ReconIenda.

248 942 299 974 De
318 943 343 974 la
366 942 443 973 Villa
467 944 499 972 de
520 943 634 972 Medina
657 939 710 970 del'
732 944 847 979 Campo,
865 950 879 971 a
903 940 968 978 xxvj
986 939 1056 970 Dias
1071 938 1125 970 del’
1147 938 1216 970 Mes
1235 938 1272 969 de

209 981 417 1019 Noviembre,
435 982 472 1012 de
487 981 554 1011 Mil.
568 991 586 1021 y
600 981 781 1018 Quincentos
793 990 810 1020 y
827 987 935 1018 quarto.

516 1110 565 1143 Dc
588 1106 831 1152 Restitutionibus
854 1112 884 1143 E
885 1119 956 1141 xon.

204 1195 319 1254 REX
334 1195 474 1227 Escaetori
492 1194 542 1226 suo
556 1196 585 1224 in
600 1194 748 1225 Comitatu
763 1194 939 1232 cornubie,
963 1194 1100 1227 Salutemj

296 1235 378 1265 Cum
395 1234 541 1265 Dominus
555 1237 675 1275 Summuf
690 1233 835 1272 Pontifex,
854 1243 943 1271 nuper
968 1233 1092 1265 Vacante
1115 1234 1187 1266 Sede
1207 1235 1267 1268 Ec·

207 1272 296 1304 clefiae
324 1273 496 1304 Cathedralis
521 1272 685 1302 Exonieniis
698 1295 707 1309 ,
732 1281 781 1310 per
798 1273 930 1303 Mortem
945 1295 955 1310 ,
981 1273 1067 1304 bonae
1086 1273 1242 1305 Memoriae
1257 1298 1267 1314 ,

209 1351 337 1390 Magistri
356 1354 475 1387 Hugcmis
494 1349 533 1378 Ol
551 1361 592 1378 om
605 1348 719 1387 ejufiiem
738 1349 859 1389 Ecclefiae
877 1349 968 1379 Elem
984 1351 1011 1379 in
1032 1351 1114 1388 ipfius
1130 1350 1266 1383 Ecclefiae

207 1389 384 1429 Episcopum
404 1388 560 1427 praefecerit
578 1389 610 1418 ὃ(
631 1387 794 1426 Pastorem,
815 1389 884 1419 sicut
899 1399 949 1427 per
970 1388 1076 1420 Literas
1094 1389 1209 1421 Bullatas
1222 1392 1266 1429 ip-

205 1429 257 1459 fius
275 1428 399 1458 Domini
418 1430 515 1458 Summi
532 1425 688 1465 Ponti-ficis,
711 1426 811 1457 Nobis
830 1426 897 1459 inde
914 1426 1051 1466 direcihs,
1075 1427 1176 1459 Nobis
1193 1438 1266 1461 con-

200 1467 270 1506 stat,

238 1506 326 1544 Nos,

196 1557 206 1571 a
237 1544 297 1575 Pro
318 1555 355 1575 eo
372 1544 452 1583 quod
476 1544 552 1575 idem
577 1543 688 1574 Eleffus
709 1545 843 1575 omnibus
855 1545 888 1577 &
902 1545 1012 1584 singulis
1028 1545 1149 1585 Verbis,
1167 1545 1267 1577 Nobis

200 1584 235 1615 δί
252 1583 383 1614 Coronae
396 1583 500 1614 nostrae
513 1582 763 1622 praejudicialibus,
782 1584 810 1613 in
826 1583 907 1615 dictis
932 1584 1032 1614 Literis
1056 1584 1168 1615 Bullatis
1193 1595 1267 1616 con-

200 1624 301 1659 tentis,
321 1631 420 1652 coram
443 1622 543 1652 Nobis
567 1622 659 1659 palam
681 1622 715 1653 &
737 1622 864 1661 expresse
886 1624 1078 1663 renunciavit,
1099 1625 1133 1655 &
1156 1623 1266 1655 Gratiae

200 1661 307 1691 nostrae
321 1661 347 1690 se
363 1656 506 1698 snbmifit,

241 1699 418 1730 Fidelitatem
437 1698 513 1737 ipfius
533 1698 623 1728 EleHi
647 1700 792 1737 cepimus,
815 1699 849 1730 &
869 1699 1055 1737 Temporalia
1077 1699 1266 1740 Episcopatus

200 1737 287 1776 illius,
305 1746 389 1775 prout
404 1738 492 1767 moris
507 1736 566 1774 est,
586 1737 772 1769 Restituimus
786 1737 898 1775 eidem,

237 1776 275 1806 Et
290 1777 357 1805 ideo
374 1776 443 1805 Tibi
460 1774 646 1813 Praecipimus
664 1776 743 1813 quod
759 1777 843 1806 eidem
865 1776 961 1806 ΕΙεέῖο
983 1776 1169 1814 Temporalia
1193 1788 1266 1816 prae-

198 1814 291 1852 dieta,
309 1824 378 1844 cum
394 1814 581 1852 pertinentiis,
600 1815 630 1844 in
648 1814 751 1845 Balliva
769 1815 838 1853 tua,
855 1815 912 1845 fine
928 1814 1079 1854 dilatione,
1097 1816 1214 1848 Liberes
1235 1819 1265 1849 in

200 1853 293 1884 forma
307 1853 460 1890 praedicta,
479 1853 555 1883 salvo
566 1852 634 1891 Jure
650 1853 804 1892 cujussibet.

236 1929 327 1962 Teste
343 1930 429 1970 Rege
442 1929 515 1968 apud
530 1929 636 1969 Knoll,
654 1930 682 1968 vj
700 1929 746 1960 die
755 1930 888 1969 Januarii.

673 2009 727 2037 Per
743 2011 836 2037 Breve
850 2008 883 2038 de
898 2009 1018 2038 Privato
1029 2009 1129 2047 sigillo.

196 2085 367 2118 Confimiiia
382 2084 479 2116 Brevia
494 2083 650 2123 diriguntur
665 2083 861 2115 Escaetoribus
877 2084 956 2115 subsc
973 2086 980 2114 i
1003 2087 1057 2123 tis,
1075 2087 1106 2117 in
1132 2085 1264 2119 Comita-

365 2124 439 2154 tibus
451 2123 625 2163 subscriptis,
642 2122 693 2154 sub
709 2123 809 2156 eadem
826 2122 922 2161 Data,
939 2124 967 2156 v'
989 2124 1088 2162 elicet,

660 166 1925 241 ’CO'N'VENTIONESsL'ITE'RAE,

65 286 144 318 ΜΠ·
161 285 205 320 D·
220 300 277 321 nor
295 290 319 320 la
337 290 412 321 tiene
430 299 465 319 en
484 287 512 318 su
532 287 632 318 Gloria
648 310 658 323 ,
682 296 739 324 que
755 296 784 316 es
803 295 902 325 meyor
920 294 937 323 y
956 293 1016 314 mas
1037 290 1173 321 perpetuo
1198 281 1278 326 Rey-

98 334 182 364 1504-
222 340 262 360 no
276 352 285 366 ,
311 339 365 367 que
384 329 425 358 los
445 337 498 364 que
516 336 586 365 aqua
604 327 676 357 tcnia
689 349 699 361 ,
726 324 787 354 esto
803 324 871 354 Nos
888 322 923 352 da
941 322 1045 352 mucha
1063 321 1276 357 Consolacion,

1314 276 1364 306 dus
1381 283 1511 320 ternpore
1529 275 1654 308 Domini
1675 279 1713 308 E.
1736 286 1819 317 nuper
1843 272 1922 316 Regis
1941 277 2054 318 Ang’lt‘ae
2073 278 2158 314 Te‘rtri
2178 279 2373 322 Progenitoris
2389 273 2522 313 Arm-Di

1312 314 1400 345 nostri
1413 315 1510 346 habuit
1523 317 1557 347 &
1575 317 1717 355 percepit,
2407 322 2496 353 1505'·

1349 352 1521 385 Habendam
1537 355 1572 385 &
1586 353 1801 392 Percipiendam
1816 356 1963 387 annuatim
1976 355 2136 389 Liberatam
2154 359 2313 399 hujusmodi
2329 360 2370 390 ei·
2383 357 2446 382 Hen—
2467 363 2497 389 7·

1311 391 1378 422 dem
1393 391 1518 431 Thomae,
1531 393 1644 432 fingulis
1657 393 1765 433 Annis,
1782 394 1901 425 durante
1916 394 2096 432 Beneplacito
2108 397 2224 437 nostro,
2237 399 2272 430 ad
2287 408 2370 438 mag-

1311 440 1377 461 nam
1389 430 1592 462 Garderobam
1607 432 1751 470 nostram,
1769 442 1818 471 per
1840 432 1946 463 Manus
1961 432 2097 464 Custodis
2110 434 2167 466 five
2181 436 2287 469 Clerici
2300 439 2371 476 ejus-

1310 468 1378 498 dem
1397 479 1450 507 pro
1471 477 1606 509 tempore
1627 470 1784 509 existentis;
1802 470 1850 501 Eo
1870 471 1950 509 quod
1971 471 2094 509 expreffa
2109 475 2219 504 mentio
2241 476 2277 506 de
2298 486 2370 507 vero

1313 506 1419 537 Valore
1431 517 1527 538 annuo
1541 508 1754 540 Praemissorum
1768 510 1813 540 seu
1826 510 1942 549 alicujus
1955 519 2074 549 eorum,
2090 520 2137 542 aut
2148 511 2184 542 de
2196 513 2254 544 aliis
2273 514 2370 546 Donis

1312 544 1369 588 sive
1382 544 1621 589 Conceffionibus
1630 571 1639 587 ,
1654 548 1739 578 eidem
1750 547 1857 578 Thomae
1867 559 1917 586 per
1931 548 2001 579 Nos
2014 558 2077 580 ante
2090 549 2154 580 haec
2174 558 2304 588 tempora
2325 554 2367 585 fa-

1311 583 1382 621 ctis,
1401 593 1429 612 in
1445 583 1630 616 Praesentibus
1646 588 1768 618 minime
1784 587 1857 617 facta
1871 587 1978 623 existit,
1995 595 2041 618 aut
2063 588 2161 626 aliquo
2181 588 2308 628 Statuto,
2326 593 2374 623 As

1311 620 1378 665 Clu,
1404 621 1611 662 Ordinatione,
1630 625 1677 656 seu
1697 625 1880 665 Provisione,
1906 627 1935 655 in
1957 627 2133 657 contrarium
2154 626 2247 666 facio,
2270 629 2347 660 edito

1309 660 1457 700 ordinato,
1484 661 1530 692 seu
1553 663 1686 702 proviso,
1709 673 1757 695 aur
1775 665 1867 703 aliqua
1883 664 1936 695 alia
1956 664 2019 702 Re,
2041 663 2152 704 Causa,
2177 666 2224 697 vel
2245 654 2367 700 Materifi

1308 707 1505 738 quacumque,
1523 710 1583 731 non
1599 701 1793 740 obstantibus,

1346 736 1464 768 Proviso
1480 738 1590 776 semper
1609 740 1690 778 quod
1705 740 1792 770 didius
1807 740 1936 780 Thomas,
1954 742 2072 773 durante
2090 741 2158 772 Vita
2168 741 2286 781 praefatt‘
2310 747 2367 774 R0-·

1303 779 1379 815 geri,
1398 775 1498 808 habeat
1513 777 1724 809 Allocationem
1745 779 1878 809 Annuam
1891 781 2030 811 dictarum
2045 780 2225 820 gludraginta
2250 785 2369 813 Marca-

1306 824 1382 853 rum,
1400 815 1435 846 &
1449 825 1509 846 non
1523 815 1592 847 ultra
1603 840 1613 856 ,
1630 818 1681 854 ὃς,
1700 817 1766 854 post
1779 817 1936 849 Decessum
1957 819 2033 859 ipfius
2053 823 2165 858 Rogeri,
2183 820 2283 852 habeat
2305 821 2366 859 ple-

1306 862 1374 883 nam
1395 853 1609 885 Allocationem
1628 856 1767 886 dictarum
1787 857 1984 896 ,Quadraginta
2005 857 2155 889 Librarum
2181 868 2338 890 annuarum
2353 884 2365 899 ,

1306 891 1410 960 abfiue
1422 891 1632 963 Interrgcptione
1644 895 1689 926 seu
1705 894 1945 927 contradictione
1955 895 2076 935 aliquali.

1393 939 1488 970 cujus,
1542 942 1570 963 c.

1342 1007 1433 1041 Teste
1446 1008 1531 1049 Rege
1544 1010 1618 1049 apud
1631 1010 1907 1052 Wllmonasterium,
1921 1011 2058 1044 vicefimo
2072 1012 2150 1044 sexto
2162 1012 2220 1046 Die
2229 1013 2365 1054 Januarii.'

1942 1091 1996 1119 Per
2007 1088 2090 1128 ipfiaem
2100 1092 2206 1129 Regem.

1510 1235 1531 1256 ³*
1554 1237 1605 1270 De
1623 1236 1796 1271 Tranando
1817 1250 1888 1271 cum
1914 1240 1998 1272 Duce
2019 1241 2162 1273 Saxoniae.
2381 1244 2401 1266 ⁴¹¹
2420 1245 2506 1276 xm:

1303 1318 1417 1389 RE}
1430 1320 1576 1369 Omnibus
1607 1322 1642 1354 ad
1655 1333 1745 1363 quos,
1762 1324 1823 1356 &c.
1843 1323 1979 1356 Salutem.v
2377 1294 2454 1353 Xgn
2468 1320 2512 1353 D·

1418 1368 1495 1390 eiatis
1509 1371 1569 1399 quo
1605 1361 1691 1400 Nos,
2365 1386 2369 1390 -
2402 1369 2490 1399 1505·

1339 1394 1392 1439 De
1410 1397 1617 1438 Fidelitatibus,
1642 1400 1805 1439 industriis,
1837 1402 1871 1434 &
1889 1402 2016 1441 providis
2034 1402 2427 1445 Circumspestionibus,an·
2447 1411 2495 1429 ²0·

1302 1431 1489 1468 Diletstorum
1506 1438 1540 1469 &
1554 1439 1578 1469 F
1579 1438 1694 1470 idelium
1713 1439 1947 1472 Consiliariorum
1960 1441 2141 1481 nostrorum,
2158 1443 2413 1478 Ricardi‘Nan-‚H-
2431 1449 2458 1475 7-

1299 1471 1353 1512 fim
1372 1473 1510 1514 Deputati
1528 1477 1617 1508 nostri
1638 1477 1721 1509 Villae
1738 1479 1772 1510 &
1789 1479 1984 1510 Marchiarum
2005 1479 2106 1511 Calefii
2118 1504 2129 1520 ,
2155 1480 2266 1511 Nicolai
2292 1480 2516 1521 Wst.Franc.20.‘

1302 1512 1417 1555 Legum
1446 1513 1586 1546 Doc‘toris
1602 1540 1612 1552 ,
1638 1519 1760 1554 Hugonis
1786 1521 1902 1557 Conwey
1925 1518 2101 1550 Thesaurarii
2118 1519 2207 1550 nostri
2220 1520 2366 1558 praedictae
2378 1520 2414 1546 H·
2433 1526 2458 1553 7-
2476 1526 2515 1553 ⁷⁷²2

1301 1550 1387 1621 Xsfflae
1405 1550 1506 1585 Calefii
1523 1555 1557 1588 &
1576 1554 1776 1589 Marchiarum·
1789 1557 1930 1598 ejusdem,
1956 1557 2198 1598 quamplurimum
2215 1557 2366 1590 confiden-
2379 1566 2408 1593 4·

1350 1612 1360 1626 '
2359 1610 2364 1620 i

1340 1628 1419 1666 Ipsos
1431 1631 1543 1664 nostros
1557 1643 1641 1665 veros
1655 1635 1874 1668 &indubitatos
1890 1636 2125 1676 Commiffarios,
2134 1637 2288 1675 Oratores,
2297 1635 2370 1667 Pro-

1303 1676 1464 1709 curatores,
1482 1673 1515 1704 &
1530 1672 1690 1710 Deputatos
1708 1674 1903 1714 Affignamus,
1918 1675 2069 1715 Facimus,
2086 1674 2314 1714 constituimus,
2330 1676 2368 1708 δε

1302 1705 1483 1744 Deputamus
1497 1721 1546 1748 per
1559 1711 1729 1751 Praesentes,
1970 1732 1973 1735 <

1340 1746 1449 1791 Dant&
1467 1750 1501 1780 &
1515 1749 1719 1782 Concedentes
1729 1751 1849 1789 eisdem,
1868 1750 1994 1782 Duobus
2011 1758 2058 1782 aut
2071 1749 2179 1782 Tribus
2192 1761 2296 1783 eorum
2308 1751 2370 1790 ple-'

1301 1794 1406 1830 nariam
1433 1785 1608 1819 Potestatem
1634 1791 1667 1821 &
1694 1791 1902 1825 Auctoritatem
1926 1799 1959 1820 ac
1987 1789 2159 1821 Mandatum
2183 1790 2310 1829 generale
2331 1791 2369 1822 δε

1301 1823 1435 1868 speciale,
1453 1825 1589 1857 Nomine
1605 1827 1721 1867 nostro,
1739 1829 1773 1860 &
1812 1838 1845 1859 ro
1861 1827 1978 1866 Nobis,
2002 1828 2128 1867 Regnis,
2153 1828 2270 1867 Patriis,
2292 1828 2368 1868 Ter-

1303 1861 1542 1909 ris,'Dominiis,
1560 1865 1705 1906 Subditis‚
1723 1868 1758 1898 &
1806 1866 1903 1897 asianis
1921 1867 2024 1897 nostris
2043 1866 2287 1906 quibuscumque,
2299 1875 2370 1898 cum

1301 1900 1454 1932 Carissimo
1472 1902 1694 1942 consanguineo
1714 1905 1814 1936 nostro
1833 1904 1969 1936 Domino
1988 1908 2099 1944 Georgia
2117 1905 2216 1936 Ducz
2230 1908 2370 1943 Samnio,

1303 1939 1511 1973 Lanoiueio
1535 1947 1564 1973 in
1590 1943 1741 1982 Thoringen
1758 1964 1779 1982 ,›
1796 1943 2015 1977 MARGRAFIO
2038 1945 2072 1974 de
2097 1943 2230 1984 Myszen
2245 1963 2255 1982 ,
2280 1945 2370 1982 Regiae

1302 1981 1483 2022 Romanorum
1508 1983 1672 2023 Magestaris
1693 1981 1732 2018 (ἓν
1755 1986 1832 2013 Sacri
1856 1986 1965 2021 Imperii
1981 1982 2184 2014 Gubernatore
2203 1981 2370 2014 Haereditae-

1300 2026 1343 2047 rio
1360 2021 1389 2048 in
1408 2019 1495 2060 Frifia
1512 2043 1522 2059 ,
1549 2022 1606 2052 five
1625 2024 1682 2061 ejus
1700 2022 1824 2053 Oratore
1839 2045 1850 2060 ,
1876 2021 2083 2052 Ambaffiatore
2095 2042 2107 2059 ,
2133 2018 2340 2052 Commiflario
2355 2044 2368 2059 ,

1300 2054 1491 2088 Procuratore
1504 2084 1514 2098 ,
1541 2059 1576 2089 δε
1594 2060 1742 2099 Deputato
1758 2083 1768 2100 ,
1793 2060 1851 2092 five
1869 2059 2040 2098 Oratoribus
2055 2082 2065 2098 ,
2090 2058 2343 2097 Ambaffiatoribus
2355 2081 2367 2097 ,

1297 2094 1523 2136 Commiffariis,
1538 2096 1789 2138 procuratoribus,
1803 2100 1838 2131 &
1851 2098 2019 2138 Deputatis,
2038 2097 2210 2132 Potestatem
2225 2097 2368 2142 sufficieti-

1298 2141 1358 2164 tem
1377 2136 1412 2165 ab
1431 2136 1535 2167 eodem
1556 2136 1783 2175 Consangui‘neo
1802 2137 1902 2170 nostro
1919 2137 2104 2175 habentibus,
2121 2136 2158 2167 de
2175 2138 2209 2169 δε
2228 2136 2369 2175 supea-

1242 2182 1244 2184 ’
1299 2173 1427 2211 micitia,
1447 2173 1536 2214 Liga,
1554 2177 1588 2207 ὃς
1603 2176 1860 2209 Consoederatione
1877 2178 1948 2208 inter
1964 2177 2033 2208 Nos
2046 2175 2175 2207 habenda
2190 2176 2225 2207 &
2246 2174 2369 2207 conclu·-

233 2202 374 2241 Efiaetori
386 2203 462 2240 Regis
477 2204 507 2231 in
519 2205 591 2232 Com.
607 2203 717 2233 Devon.

232 2241 374 2279 Efiaetori
388 2244 466 2277 Regis
482 2244 511 2269 in
527 2245 599 2270 Com.
612 2244 689 2270 Surr.
708 2240 747 2277 ὦ·
763 2240 864 2281 Suffix.

232 2280 373 2318 Eftaetori
391 2282 468 2316 Regis
482 2283 511 2308 in
526 2283 598 2309 Com.
611 2279 706 2309 Sutht.

231 2317 372 2356 Eftaetori
387 2320 464 2355 Regis
476 2320 506 2348 in
519 2321 592 2348 Com.
609 2318 702 2348 Midd.

175 2372 178 2375 Ι
231 2392 269 2424 Et
287 2394 460 2426 Mandatum
473 2395 515 2426 cst
534 2395 693 2435 Militibus,
711 2397 775 2428 &cj

516 2528 543 2556 θῑ·
568 2531 627 2562 Pro
654 2531 730 2575 Rege
753 2532 937 2565 Armorum.

199 2611 319 2668 REX
334 2610 551 2650 omnibus,'ad
564 2617 637 2650 quos
648 2638 657 2650 ,
671 2616 733 2644 &e
755 2614 888 2647 Salutem.

298 2652 396 2681 Sciatis
412 2652 491 2687 quud
501 2672 510 2687 ,

236 2686 317 2718 Cum
337 2698 397 2719 non
416 2690 447 2719 fit
464 2687 592 2718 Novum
611 2688 649 2717 set
661 2687 719 2725 jam
738 2686 784 2718 diii
801 2689 838 2719 ab
855 2691 976 2728 antiquis
998 2692 1173 2730 temporibus
1191 2692 1260 2723 Usi-

199 2734 289 2757 tatum
309 2726 388 2765 quod
407 2748 416 2764 ,
443 2728 515 2756 inter
533 2734 650 2756 caeteros
668 2725 813 2756 Officiales
832 2728 866 2757 &
886 2729 1036 2758 Ministros
1054 2752 1064 2766 ,
1090 2740 1162 2768 quos
1178 2730 1261 2760 Prin-

199 2766 296 2805 cipum
314 2765 457 2803 lateribus,
476 2774 529 2802 pro
543 2774 656 2807 eorum·
666 2764 880 2803 Magnificentia
897 2774 981 2804 atque
993 2766 1110 2805 Gloria,
1125 2768 1260 2799 adhaereri

198 2804 298 2841 decet,
313 2814 413 2835 corum
449 2804 552 2843 quibus
565 2801 669 2833 Officii
685 2803 842 2833 Armorum
868 2803 945 2835 Cura
969 2807 1179 2843 committitur,
1197 2806 1261 2837 Co-

197 2845 272 2881 piam
288 2844 389 2874 habere
408 2828 525 2879 debeat,
549 2850 580 2871 ut
605 2851 659 2871 nec
679 2849 790 2878 tempus
810 2841 956 2872 Bellorum
980 2853 1072 2881 neque
1094 2843 1176 2874 Pacis
1202 2845 1258 2876 fine

197 2881 434 2950 cogyenientibus
447 2881 481 2911 δε
497 2880 567 2918 aptis
583 2877 721 2910 lilinistris
734 2880 833 2910 debeat
847 2881 996 2921 praeteriri,

270 2930 303 2950 os
321 2931 329 2949 i
354 2929 408 2950 itur

233 2929 472 2991 Conficieranssnis
486 2957 578 2989 aciem
592 2957 621 2987 in
636 2956 781 2988 laudabilia
796 2957 932 2996 Servitia,
941 2968 1004 2998 quae
1015 2958 1144 2991 Dilecstus
1158 2959 1258 2991 Nobis

190 2997 308 3027 Thomas
330 2995 455 3033 Writhe,
473 2996 537 3025 alias
559 2995 651 3026 dietus
674 2994 870 3036 anbwgfhrd,
887 2996 971 3026 Filius
987 2997 1128 3035 Johannis
1144 3000 1258 3038 lVrythe

194 3045 284 3072 nuper
298 3035 367 3065 dieri
382 3037 484 3064 Garter
499 3033 623 3064 defundii
634 3057 643 3072 ,
661 3035 690 3063 in
708 3035 760 3064 hiis
777 3045 841 3073 quae
859 3035 893 3066 ad
907 3035 1050 3066 Officium
1068 3036 1135 3067 illud
1152 3037 1258 3075 specia-

195 3084 225 3104 re
241 3073 449 3112 intelliguntur,
468 3073 626 3109 excercuit,
644 3072 810 3113 dirigentes,

233 3111 366 3142 Eundem
382 3119 546 3149 propterea,
564 3111 597 3139 ἃ·
615 3120 674 3139 non
688 3112 783 3142 minus
794 3112 834 3142 ob
846 3112 992 3144 Solertiam
1010 3114 1043 3145 ὃς
1058 3113 1256 3153 sagacitatem,

195 3151 304 3187 quasin
322 3160 357 3180 eo
372 3150 432 3180 satis
457 3148 592 3179 habemus
611 3148 778 3187 exploratas,
795 3154 824 3179 in
844 3152 1022 3190 Principalem
1041 3152 1194 3182 Heraldum
1217 3153 1256 3188 &

195 3187 362 3226 Officiarium
375 3187 461 3218 incliti
474 3187 556 3227 nostri
569 3186 681 3215 Ordinis
694 3190 815 3217 Garterii
828 3193 1026 3230 Armorumque
1039 3194 1135 3228 Regem
1149 3192 1254 3229 Angli-

196 3238 303 3265 corum,
320 3237 354 3259 ex
378 3225 478 3258 Gratia
503 3224 599 3256 nostra
618 3225 728 3263 speciali
744 3225 910 3265 Ereximus,
930 3229 1075 3266 Facimus,
1095 3228 1256 3261 Constitui-

198 3276 279 3304 mus,
296 3268 329 3297 δε
354 3265 578 3302 ordinavimus,
595 3265 628 3295 δε
650 3263 835 3302 Creavirnus,
860 3275 893 3296 ac
918 3276 966 3301 per
991 3266 1144 3297 Praesentes
1164 3268 1255 3307 Erigi-

197 3314 275 3340 mus,
295 3304 440 3341 Facimus,
458 3302 684 3341 Censtituimus,
701 3302 894 3341 OrdinamuS,
911 3303 1069 3343 Creamus,
1096 3307 1129 3336 &
1156 3306 1254 3337 Coro·

196 3352 313 3381 namus,
330 3353 363 3373 ac
380 3344 403 3373 ei
419 3341 561 3373 Officium
576 3341 661 3379 illud,
679 3351 792 3372 necnon
806 3341 831 3370 le
846 3345 950 3371 Garter
963 3343 1081 3381 Stilum,
1099 3343 1254 3383 Titulum,

196 3381 366 3419 Libertates,
387 3382 420 3414 &c
434 3380 662 3411 Praeeminentias
685 3379 845 3418 hujusmodi
866 3380 978 3410 Officio
1001 3382 1202 3412 convenientia
1219 3383 1254 3414 &

196 3420 416 3457 concordantia,
434 3430 467 3450 ac
490 3421 526 3450 ab
548 3420 666 3457 antiquo
689 3420 835 3458 consueta,
854 3417 965 3448 Damus
986 3419 1019 3449 &
1038 3418 1251 3459 Concedimus,

196 3466 231 3488 ac
245 3458 252 3486 i
275 3457 333 3487 sum
348 3459 377 3488 in
393 3458 496 3488 eisdem
510 3458 617 3488 realiter
631 3457 817 3495 investimus,

232 3495 243 3525 Ι
266 3495 423 3534 abendum,
441 3496 668 3534 occupandum,
687 3498 720 3527 ἃ
737 3495 954 3526 Excercendum
966 3493 1109 3526 Officium
1122 3496 1204 3532 illud,
1222 3507 1255 3528 ac

195 3531 337 3570 Nomen,
352 3534 452 3564 Stilum
462 3558 470 3572 ,
483 3535 615 3565 Titulum
625 3557 634 3572 ,
653 3537 685 3566 &
702 3535 925 3572 praeeminentias
940 3534 1074 3572 praedicta
1087 3535 1170 3565 eidem
1185 3536 1256 3565 Tho-

197 3583 262 3609 mae,
281 3572 398 3603 durante
412 3572 591 3611 Beneplacito
606 3573 720 3610 nostro,
738 3583 804 3604 cu’n
819 3574 953 3602 omnibus
963 3571 1095 3610 Juribus,
1109 3572 1255 3612 proficuis,

197 3610 480 3648 Commoditatibus,
498 3612 530 3642 &
546 3611 753 3641 Emolumenris
768 3611 861 3642 eidem
876 3611 990 3641 Officio
1013 3611 1254 3650 qualitercumque

196 3648 298 3679 debitis
309 3650 508 3685 pertinentibus
523 3650 579 3679 five
593 3650 795 3687 speffiaritibus,

233 3686 271 3717 Et
288 3688 401 3717 ulterius
416 3687 616 3717 concessimus
632 3690 664 3719 ἃ
677 3699 725 3726 pei·
742 3689 892 3719 Praesentes
915 3687 1111 3718 Concedimus
1133 3688 1252 3725 praesato

196 3724 320 3763 Thomae,
336 3727 364 3755 in
380 3725 498 3762 Regem
521 3726 678 3755 Armorum
703 3728 890 3765 Anglicorum
912 3736 943 3757 ut
963 3725 1109 3765 praefertur
1130 3726 1253 3765 Erecto,

196 3763 303 3794 ratione
318 3766 350 3795 ὃς
366 3765 448 3795 caussi
462 3763 567 3794 Officii
584 3764 654 3794 illius
672 3765 826 3802 (videlicet)
844 3765 960 3795 durante
975 3763 1044 3794 Vita
1066 3766 1162 3801 Rogeri
1184 3769 1252 3794 Μα-

196 3800 281 3829 chado
307 3802 369 3831 alias
388 3802 457 3832 dieu
479 3801 650 3831 clarencewe
670 3806 746 3839 Regis
765 3806 913 3832 Armorum
926 3803 1054 3833 Partium
1077 3802 1251 3834 Australium

198 3839 395 3877 Quadraginta
412 3844 526 3869 Mai-car
535 3848 583 3877 per
596 3842 727 3877 Annum,
746 3841 779 3871 &
797 3841 858 3877 post
882 3840 1038 3871 Decessurn
1062 3840 1138 3879 ipfius
1158 3843 1254 3877 Rogeri

201 3876 397 3914 Qzadraginta
421 3878 524 3908 Libras
540 3886 588 3915 per
612 3882 728 3907 Annum
743 3900 753 3915 ,
779 3888 830 3915 pro
856 3878 952 3908 Vadiis
971 3880 1005 3909 ὃς
1028 3878 1129 3909 Feodis
1148 3879 1253 3910 Officii

200 3914 325 3955 praedicti
334 3938 343 3953 ,
354 3916 389 3946 de
404 3916 493 3947 Parva
508 3915 648 3946 Custuma
662 3916 755 3945 nostra
768 3917 796 3945 in
806 3915 894 3947 Portu
908 3917 1039 3947 Civitatis
1055 3916 1158 3946 nostrae
1170 3917 1253 3947 Lon-

198 3950 312 3993 domae,
329 3963 378 3989 per
402 3954 506 3984 Manus
532 3954 780 3984 Custumariorum
800 3954 857 3984 five
878 3953 1078 3985 Collectorum
1102 3953 1255 3985 Custumae

184 3987 340 4055 >praedictae
361 3992 389 4019 in
412 3992 500 4022 Portu
522 3993 660 4030 praediCm
673 4002 724 4029 pro
742 4001 870 4029 tempore
885 3993 1030 4029 existenti,
1046 3992 1081 4022 ad
1096 3992 1253 4023 Terminos

211 4024 313 4055 'aschae
337 4028 368 4056 &
393 4028 486 4059 Saneri
510 4029 657 4059 Michaelis
677 4030 849 4066 Archangeli
872 4040 921 4067 per
944 4032 1063 4068 :equales
1086 4029 1254 4069 Portiones³

195 4064 252 4094 una
269 4072 338 4106 cum
356 4065 402 4106 tali
421 4066 547 4096 Liberata
561 4067 687 4098 Vesturae
703 4068 815 4104 qualem
831 4068 864 4098 ὃς
879 4068 983 4098 eisdem
1001 4067 1092 4098 modo
1107 4068 1139 4098 δε
1162 4069 1257 4100 fcrmi

195 4109 279 4140 prout
296 4100 392 4139 aliquis
407 4103 473 4135 alius
485 4104 645 4142 hujusmodi
662 4109 722 4137 Rex
739 4109 888 4137 Armorum
906 4106 962 4137 five
977 4106 1136 4143 Principalis
1154 4109 1213 4137 Her
1225 4119 1257 4140 ,4-

1244 2210 1245 2214 ’
1298 2211 1391 2242 denda
1415 2211 1682 2255 Communicandi,
1697 2215 1872 2254 TraClandi,
1890 2214 2110 2252 Conveniendi,
2126 2213 2369 2254 Appunetuandi',

1301 2247 1508 2290 Componendi
1518 2277 1528 2292 ,
1546 2254 1578 2284 &
1594 2254 1712 2286 finaliter
1728 2254 1951 2293 Concludendi,

1336 2289 1468 2321 Necnon
1484 2291 1520 2322 de
1535 2294 1568 2324 ὃ(
1586 2293 1666 2331 super
1679 2293 1837 2332 hujusmodi
1852 2292 2086 2325 communicatis
2096 2316 2106 2332 ,
2125 2291 2284 2331 Tmctatis,
2300 2292 2369 2331 Άβὲ

1299 2329 1475 2370 Ρυηέέμεῑὶε,
1494 2332 1527 2362 &
1541 2330 1694 2364 Conclufis
1710 2333 1818 2364 Literas
1831 2331 1941 2363 nostras
1958 2331 2282 2369 Patentes,eorumdem
2297 2340 2365 2372 om:

1298 2367 1379 2398 nium
1394 2369 1428 2400 &
1444 2368 1617 2406 singulorum
1633 2370 1884 2416 confirmatorias,
1904 2371 2020 2416 Magno
2034 2369 2134 2410 Sigillo
2146 2369 2248 2400 nostro
2261 2368 2367 2407 figfflfl-

1299 2409 2099 2488 tasflsserg'ispgqaiieeatiicaisbgoffsiffiiisd:riigcolriibesslcarecii‘eitfis,
2125 2446 2238 2486 Magno
2262 2445 2364 2490 Sigillo

1295 2483 1410 2527 praefati
1433 2485 1627 2526 Confhnguinei
1647 2488 1729 2528 nostri
1750 2488 1892 2527 figillatasv,
1907 2487 1943 2518 ab
1966 2487 2093 2517 Oratore
2115 2485 2174 2517 five
2192 2485 2365 2516 Oratoribus

1298 2524 1421 2561 ejuidern
1437 2523 1570 2564 Petendi,
1587 2525 1745 2565 Exigendi,
1762 2528 1797 2558 &
1812 2525 1985 2564 Recipiendi
1996 2549 2006 2563 ,

1337 2561 1376 2593 Et
1398 2564 1561 2603 generaliter
1584 2567 1682 2596 omnia
1699 2565 1845 2596 Praernisia
1863 2565 1897 2596 &
1918 2562 2133 2594 Praemissorum
2151 2560 2254 2601 fingula
2270 2561 2360 2601 quali-

1299 2608 1468 2640 tercumque
1484 2605 1683 2634 concernentia
1700 2603 1860 2635 Exercendi
1877 2603 1911 2633 &
1928 2601 2123 2640 Expediendi,
2149 2601 2186 2644 ita
2203 2601 2239 2631 &
2256 2601 2364 2632 eodem

1300 2639 1392 2670 modo
1406 2640 1476 2672 ficut
1494 2641 1564 2671 Nos
1578 2642 1626 2679 ipfi
1645 2642 1801 2674 faceremus
1819 2641 1839 2672 fi
1855 2642 1884 2671 in
1905 2640 2027 2671 Persona
2045 2639 2140 2670 nostra
2156 2638 2361 2682 interessemus,

1297 2688 1332 2747 {ac
1352 2680 1435 2709 etiam
1454 2680 1473 2710 fi
1493 2680 1554 2710 talia
1573 2680 1625 2712 sint
1645 2690 1711 2719 quae
1726 2680 1900 2712 Mandatum
1915 2680 1952 2710 de
1969 2679 1997 2710 se
2017 2679 2105 2717 magis
2127 2685 2238 2716 exigant
2255 2677 2363 2715 specia—

1308 2726 1324 2746 e
1338 2728 1343 2733 .

1333 2740 1534 2786 Promittentes
1547 2780 1556 2793 ,
1579 2757 1656 2787 bona
1681 2757 1751 2787 Fide
1770 2758 1804 2788 &
1826 2757 1855 2785 in
1877 2754 1978 2785 Verbo
1997 2752 2096 2792 Regio
2111 2776 2121 2790 ,
2145 2762 2179 2783 ea
2202 2753 2304 2784 omnia
2325 2753 2361 2784 &
2403 2751 2405 2753 ’

1296 2791 1403 2860 ἓξὲυὴι
1425 2793 1495 2824 Nos
1518 2793 1609 2832 Rata,
1627 2794 1736 2834 Grata,
1753 2795 1788 2826 δε
1812 2793 1908 2824 Firma
1929 2792 2075 2824 habituros
2094 2792 2130 2822 &
2149 2790 2363 2831 observaturos,

1333 2840 1359 2860 c.

1333 2868 1368 2899 In
1380 2871 1426 2908 cuj
1431 2880 1460 2900 us
1467 2893 1478 2909 ,
1497 2872 1560 2903 &c.

1294 2994 1314 3024 b
1332 2955 1422 3000 Teste
1443 2955 1526 2996 Rege
1546 2954 1621 2996 apud
1643 2955 1918 2998 Wstmonalterium,
1933 2953 2070 2986 vicesimo
2092 2953 2218 2986 fieeundo
2237 2951 2283 2984 die
2303 2951 2358 2988 Fe}

1315 3004 1406 3025 ruaru.

1925 3071 1980 3100 Per
1995 3067 2078 3108 ipfiem
2091 3068 2198 3106 Regem:

1418 3212 1478 3243 Pro
1503 3207 1639 3242 Subditis
1661 3209 1854 3255 Ispcmiarum
1874 3205 1911 3239 de
1932 3207 2070 3240 Licentia
2091 3202 2224 3249 concaeffit.
2553 3210 2555 3229 l

1353 3301 1412 3333 EX
1449 3303 1510 3334 ὅτε.
2338 3312 2342 3316 -
2367 3297 2500 3337 Ann.Di,

1293 3305 1350 3360 R
1407 3325 1489 3371 dum
1506 3351 1582 3373 verae
1599 3340 1668 3371 Paci
1683 3338 1860 3371 Concordiae
1878 3347 1962 3378 atque
1985 3336 2129 3369 Amicitiae
2144 3339 2155 3380 ,
2180 3336 2255 3380 inter
2272 3336 2351 3368 Prae-
2385 3347 2471 3377 1505.
2549 3318 2555 3360 i

1290 3379 1456 3410 excellentes
1469 3380 1620 3417 praesertim
1636 3380 1670 3410 &
1687 3378 1856 3409 Constantes
1870 3376 1966 3408 Princi
1986 3386 2031 3412 es,
2048 3384 2082 3405 ea
2092 3375 2130 3418 'fit
2147 3383 2215 3405 mita
2232 3374 2298 3418 Lex-
2313 3376 2348 3417 ὃς
2361 3380 2414 3406 An.
2433 3388 2480 3406 20.

1291 3416 1402 3447 Natura
1415 3440 1425 3455 ,
1449 3426 1480 3448 ut
1506 3426 1612 3455 quanto
1630 3418 1721 3453 magis
1739 3417 1936 3454 experimento
1989 3411 2347 3458 ratitudinissCognationis
2360 3420 2394 3444 H.
2413 3426 2441 3448 7·

1291 3454 1478 3486 Affinitatisve
1503 3454 1705 3485 necessitudine
1729 3461 1919 3490 renovantur,
1952 3461 2029 3482 tanto
2051 3451 2165 3494 uberius
2188 3454 2426 3490 augentur,1bid.

1291 3494 1444 3530 ampliant,
1466 3495 1499 3524 ὃς
1517 3492 1660 3528 crescunt,
1677 3491 1849 3529 sanioresque
1873 3490 1991 3520 Fructus
2013 3498 2071 3519 ven
2093 3489 2211 3519 Amoris
2235 3490 2269 3520 ὅ(
2294 3490 2350 3530 Be-
2547 3516 2550 3526 ,

1290 3531 1460 3562 nevolentiae
1476 3531 1535 3560 tam
1553 3531 1624 3561 inter
1641 3529 1740 3567 seipsos
1751 3530 1838 3566 quam
1852 3538 1953 3559 eorum
1965 3527 2084 3566 Regna,
2102 3527 2221 3566 Terras,
2236 3527 2348 3567 Patrias,
2364 3556 2367 3558 .
2470 3531 2490 3546 ’ἢ
2548 3559 2549 3567 ¹

1291 3570 1501 3638 Diff'inia't&
1513 3568 1650 3637 Sussdxifos
1666 3568 1791 3606 pariunt,
1808 3567 1975 3606 proferunt,
1990 3568 2023 3598 &
2039 3565 2219 3605 producunt,
2471 3582 2478 3586 „

1364 3609 1409 3637 inc
1425 3610 1452 3636 ei
1505 3609 1544 3637 uo
1617 3616 1649 3637 os

1328 3618 1543 3676 Consideraiites
1555 3645 1632 3676 illum
1649 3630 1827 3675 c'onstantem
1840 3642 1957 3673 firmum
1972 3643 2006 3674 &
2020 3642 2188 3674 benivolum
2197 3642 2348 3681 Animum,

1289 3693 1378 3722 quem
1392 3684 1584 3714 Sereniss'imus
1603 3693 1687 3721 atque
1712 3682 1917 3714 Potentiffimus
1938 3682 2073 3720 Princeps
2093 3681 2278 3712 Ferdinandm
2293 3684 2349 3718 vA·
2547 3711 2549 3718 s

1289 3733 1417 3759 ragommz
1433 3721 1471 3756 &⁴
1485 3723 1620 3761 utriusque
1632 3720 1732 3750 Cicilia:
1747 3724 1825 3759 Rex,
1842 3730 1873 3750 ac
1889 3719 2010 3758 Castellae
2019 3743 2029 3758 ,
2047 3723 2187 3756 Legionis,
2201 3721 2348 3758 Granatae,
2546 3735 2548 3766 3

1289 3760 1349 3796 &a
1368 3760 1539 3790 Gubernator
1555 3766 1592 3796 (y
1604 3759 1823 3799 Ad721i71ish·ator
1839 3759 1934 3788 Frater
1952 3758 2046 3789 noster
2067 3757 2268 3795 Chariffimus,
2286 3757 2348 3787 tam
2546 3771 2547 3798 3

1289 3799 1323 3829 ad
1342 3798 1410 3829 Nos
1423 3800 1508 3836 quam
1523 3799 1557 3830 ad
1573 3799 1677 3828 Pacem
1691 3797 1724 3828 ὃ(
1743 3797 1924 3833 Amicitiam,
1942 3796 2095 3827 inter-Nos
2110 3796 2205 3825 initam
2219 3795 2253 3824 &
2274 3804 2348 3825 con·
2543 3812 2546 3832 i

1290 3838 1407 3874 clusam,
1425 3847 1485 3867 non
1502 3837 1594 3867 modo
1607 3837 1774 3866 inconcusse
1788 3834 1993 3865 observandam
2009 3836 2042 3866 ὃς
2056 3831 2285 3871 confovendam,
2307 3834 2347 3866 set
2542 3843 2545 3847 ·

1289 3877 1373 3905 etiam
1384 3875 1539 3913 augendam
1555 3876 1588 3905 ὃ(
1604 3874 1807 3911 ampliandam,
1825 3874 1912 3911 gerit,
2022 3910 2029 3916 ·
2141 3908 2147 3915 .

1327 3913 1590 3943 Animadvertentes
1615 3914 1724 3950 insuper
1746 3920 1912 3942 renovatam
1939 3908 2115 3953 Affinitatem
2138 3915 2212 3939 inter
2230 3909 2299 3953 Nos
2312 3909 2348 3940 &

1291 3952 1461 3989 praedietum
1480 3951 1693 3981 Sereniffimum
1714 3950 1840 3980 Fratrem
1858 3948 2008 3984 nostrum,
2036 3947 2174 3977 mediante
2193 3947 2348 3978 Matrimo-

1291 3991 1340 4019 nio
1365 3989 1442 4026 quod
1469 3990 1540 4019 inter
1560 3988 1775 4020 Illustrisiimurn
1795 3990 1940 4017 Henricum
1956 3983 2064 4015 Walliae
2081 3984 2135 4028 ¹³.ss
2146 3994 2155 4014 1
2166 3993 2263 4015 Nc1P
2275 3992 2346 4022 ΕΜ,

1293 4027 1430 4057 Cornubiae
1455 4026 1514 4056 Du
1526 4037 1543 4057 c
1553 4037 1570 4057 E
1582 4035 1608 4056 M
1623 4049 1632 4064 ,
1658 4037 1688 4056 ac
1713 4026 1820 4065 Cestriae
1839 4023 1933 4054 CoM
1943 4031 1952 4050 1
1964 4031 2014 4051 τΕ
2027 4030 2054 4051 Μ
2074 4022 2180 4052 Filium
2196 4023 2230 4054 &
2245 4022 2348 4052 Haere-

1293 4066 1359 4095 dem
1384 4065 1512 4094 nostrum
1533 4064 1739 4095 Chariisimum
1755 4085 1765 4101 ,
1787 4065 1820 4094 δι’.
1837 4059 2047 4091 Sereniffimam
2069 4060 2227 4091 Dominam
2243 4061 2349 4089 Princi-

1290 4102 1384 4143 piſjfzm
1403 4105 1565 4132 Katerinam
1582 4102 1688 4140 prct‘iazi
1704 4102 1802 4132 Fratris
1817 4098 1903 4130 nostri
1920 4098 2020 4129 Filiam
2035 4097 2261 4165 Dilec‘iiffitnarlgi
2280 4097 2352 4166 5133

2263 4143 2279 4163 u
2335 4159 2336 4162 ,
