2555 4266
561 133 1474 190 CONVENTIONES,
1565 134 2010 184 LITERAE,

1308 221 1364 260 Et,
1383 222 1404 253 fi
1425 221 1571 261 praedic'ii,
1589 224 1686 261 Major
1702 247 1712 262 ,
1730 225 1764 255 δε
1789 226 1947 253 comanitas
1960 245 1971 260 ,
1992 222 2027 253 &
2041 219 2197 261 Succeffbres
2215 217 2274 258 sui,
2294 217 2345 250 ali·
2367 209 2444 242 ᾸΠΠ-
2458 209 2502 246 Di
2518 237 2520 241 ·

1273 270 1334 299 quo
1347 270 1477 299 tempore
1490 261 1606 300 futuro,
1623 262 1659 292 de
1673 262 1758 293 dietis
1780 262 1924 300 Dampnis
1946 261 2045 299 faffm,
2063 260 2183 298 habitis,
2202 259 2260 290 five
2280 267 2344 296 per-
2388 259 2475 289 1440·
2531 277 2535 291 l

1274 301 1403 339 petratis,
1421 300 1576 339 faciendis,
1594 301 1640 331 leu
1656 301 1846 338 perpetrandis
1858 323 1869 338 ,
1895 299 2136 331 Emendationem
2161 300 2207 330 seu
2229 297 2344 328 Satisfa-
2367 294 2434 319 Hm·
2449 291 2493 320 ⁶··
2530 307 2536 341 j

166 163 244 192 122

8 235 83 268 Arm·
101 232 142 264 D·
161 238 194 269 &
216 236 350 275 operandi
364 235 444 273 super
462 233 572 265 dissam
585 234 709 279 Terram
727 243 820 278 meam
830 256 840 272 ,
863 231 1128 277 perv-Quadraginta
1140 226 1232 259 Pedes

38 282 122 313 1443·
160 276 196 306 de
217 276 304 307 Affisa
320 276 576 318 Quadratos,extra
591 276 624 306 ὃ(
639 283 716 305 circa
727 273 885 318 ⁴praedi-etos
898 272 1012 315 Viginti
1027 269 1161 307 Quatuor
1176 266 1231 296 Pe-

7 319 74 343 Hen-
96 313 114 342 6
163 316 228 353 des,
245 317 278 346 ὃ(
294 324 362 344 curn
375 314 512 343 omnibus
526 313 585 344 aliis
595 314 648 343 iuis
660 312 855 349 Pertinentiis,
871 307 1114 348 praefatis,Adae,
1130 305 1168 342 ό
1184 308 1232 334 Co-

35 485 55 505 *
70 486 126 514 XI.

46 3570 67 3594 .
86 3575 140 3642 XJ‘
180 3614 240 3632 rum
256 3602 371 3632 suorum
383 3602 511 3640 aliquali,
527 3603 580 3634 hac
594 3603 721 3642 praelenti
735 3600 930 3632 Conceffione
951 3601 984 3631 &
1004 3599 1233 3635 Confirmatione

162 357 295 384 munitati
313 355 448 382 civitatis
465 352 603 390 praedia‘lae
611 375 622 390 ,
639 349 677 386 ὠ·
692 350 878 391 Succefforibus
895 350 967 387 suis,
983 347 1072 378 libere
1085 368 1096 384 ‚
1121 345 1233 384 quiete,

163 394 273 432 integre
286 416 295 429 ,
318 392 351 421 &
371 390 546 422 haereditarie
559 390 753 429 impertuiim,

202 430 367 461 Reddendo
380 429 490 468 michi,
508 429 696 466 Haeredibus,
714 428 748 458 &
772 426 927 463 Affignatis
949 426 1019 456 meis
1040 422 1232 468 TresnDena-

162 472 220 501 rios
236 469 459 508 sterlingorum,
478 470 496 487 ³
514 469 545 498 in
561 467 646 499 Festo
661 466 760 497 Sancti
784 464 937 495 Michaelis
960 463 1105 494 annuatim
1122 470 1231 504 imper-

200 509 282 576 tigiim
292 530 302 546 ,
318 507 527 577 pig-omnibus
545 506 604 536 aliis
618 505 746 537 Servitiis
769 503 946 535 Secularibus
958 525 969 540 ,
1001 499 1180 537 DemandrS,
1196 499 1229 529 ὅ(

196 557 211 576 e
235 557 266 577 us
286 556 343 578 cun
377 556 398 576 ts

202 584 241 616 Et
258 595 311 625 ego
325 570 461 623 praedieta
470 583 565 614 Alicia
574 583 608 614 &
615 581 751 613 Haeredes
763 582 819 612 mei
829 580 998 619 praedie’cam
1007 578 1143 622 Placeam
1151 574 1228 605 Ter-

165 634 223 661 rae,
241 634 311 655 cum
330 624 421 654 libero
436 623 557 654 introitu
572 623 604 653 ὅ(
622 621 727 659 Exitu,
742 631 776 651 ac
794 629 865 650 cum
879 619 966 649 libera
984 617 1115 660 Licentia
1128 614 1162 645 &
1172 614 1232 644 Po-

165 662 263 694 testate
279 663 359 701 super
372 663 480 693 dietam
501 661 625 692 Terram
647 669 744 690 meam
766 658 895 689 Fodendi
909 658 941 687 &
959 655 1109 699 Operandi
1120 676 1130 691 ,
1147 659 1231 696 prout

162 701 355 741 supraditstum
372 701 431 739 est,
451 701 485 731 &
501 709 570 730 curn
586 700 723 729 omnibus
737 697 796 727 aliis
811 698 864 727 suis
878 695 1075 732 Pertinentiis,
1095 691 1232 731 praefatis,

166 742 263 779 Adae,
282 742 315 772 ὃς
333 742 554 777 communitati,
570 739 604 769 &
625 734 810 775 Succeffbribus
832 735 884 765 suis
905 732 1039 763 Civitatis
1066 730 1232 770 praedi&ae‚

164 788 267 810 contra
282 789 383 809 omnes
398 778 509 808 Gentes
533 776 790 808 Warantizabimus
811 775 844 805 &
874 770 1072 811 Defenderam,
1099 780 1151 808 ac,
1177 777 1232 805 pro

163 818 307 857 praedidio
317 818 424 848 Annuo
432 815 562 846 Redditu
575 815 683 845 Trium
697 813 890 844 Denariorum
899 834 908 849 ,
917 820 983 847 erga
996 808 1156 854 Capitalem
1165 807 1232 853 Dp-

165 858 280 888 minum
291 857 313 887 F
315 856 381 888 eodi
398 855 470 886 illius
482 855 631 894 Aequitare
645 850 1006 887 tenemur&lObligamur
1019 855 1233 886 imperpetuum

163 905 215 935 per
232 895 390 925 Praesentes.
997 927 1002 931 Ι
1030 926 1034 931 Ι

200 933 234 965 In
250 936 327 972 cujus
342 934 382 963 rei
394 931 615 964 Testimonium
630 930 698 961 huic
714 927 843 970 praesenti
856 926 952 959 Cartae
973 925 1112 963 Sigillum
1130 932 1230 953 meum

164 973 444 1042 npssoaspissmdmiae
459 1032 468 1048 ,
494 1009 631 1039 vicesimo
648 1007 706 1038 Die
726 1006 871 1037 Februarii
886 1027 896 1043 ,
923 1003 1012 1034 Anno
1030 1001 1126 1041 Regni
1142 999 1233 1040 Regis

167 1050 309 1081 Edwardi
322 1053 410 1080 Tertii
424 1060 439 1079 a
457 1047 648 1086 Conquestu,
670 1045 813 1077 Vicesimo
826 1044 942 1074 oe'tavo.

202 1127 333 1158 Omnibus
348 1125 448 1167 christi
461 1124 614 1163 Fidelibus,
638 1122 674 1154 ad
690 1131 760 1166 quos
782 1120 899 1164 praesens
923 1118 1070 1158 Scriptum
1098 1117 1234 1148 Indenta-

167 1174 228 1198 tum
245 1167 422 1204 pervenerit,
439 1164 609 1201 Richardus,
628 1160 807 1203 permiffione
825 1158 948 1196 Divma,
971 1157 1074 1202 Abbas
1092 1154 1233 1196 Monaste-

166 1210 202 1236 rii
216 1209 300 1236 Beati
316 1208 395 1235 Petri
411 1199 762 1244 llsestrnonasterierifis,t&
780 1197 1001 1242 ejusd-em1L0ci
1019 1199 1097 1226 Prior
1113 1194 1233 1240 &Con-

165 1255 267 1276 ven¹us
282 1267 291 1283 ,
314 1244 382 1275 Sedi
405 1242 582 1281 Apostolicae
603 1239 768 1270 immediate
791 1237 920 1275 Subieeii
935 1259 946 1275 ,
971 1234 1097 1267 Salutem
1123 1244 1154 1265 in
1168 1234 1236 1265 Do-

169 1293 308 1353 ¹1¹¹}ngss
319 1321 404 1358 Nos,
423 1320 458 1350 ad
474 1317 677 1349 Reverentiam
699 1314 778 1352 Dei,
797 1314 831 1345 ὅ(
850 1314 893 1345 ob
913 1314 994 1352 pium
1016 1313 1171 1356 memoriae-
1189 1311 1237 1341 O—

170 1371 238 1400 puS,
259 1362 292 1392 &
315 1361 451 1390 sinceram
472 1357 674 1388 Dileffionem
690 1379 700 1392 ,
720 1363 805 1393 quam
831 1362 896 1392 erga
911 1376 921 1391 ,
944 1353 1108 1391 spectabiles
1134 1350 1237 1392 Viros,

172 1401 294 1431 Amicos
308 1398 419 1428 nostros
433 1398 609 1437 praecipuos,
629 1394 785 1431 Majorem,
812 1391 1017 1421 Aldermannos
1029 1415 1038 1430 ,
1058 1393 1092 1423 ὃς
1114 1393 1237 1421 Commu-

171 1443 289 1469 nitatem
302 1436 402 1466 inclitae
418 1439 553 1466 Civitatis
569 1433 718 1464 Londom'ae
735 1432 859 1471 gerimus
872 1432 905 1462 &
919 1431 1056 1461 habemus
1071 1453 1081 1468 ,
1108 1430 1236 1461 unanimi

172 1476 292 1509 Affensu
303 1499 312 1514 ,
332 1474 479 1505 Consensu
490 1497 499 1512 ,
516 1476 549 1506 &
564 1472 718 1504 Voluntate
731 1469 847 1507 nostris,
865 1479 936 1499 cum
946 1470 1030 1507 plena
1046 1468 1237 1499 Deliberano-

173 1526 211 1547 ne
226 1516 311 1546 totius
326 1514 414 1544 nostri
430 1513 575 1551 Capituli,
593 1508 741 1549 Conceffiffe
763 1510 796 1540 &
817 1506 994 1547 Confirmaffi’
1016 1507 1134 1537 Roberto
1157 1509 1235 1537 Lar-

168 1566 219 1593 ge,
238 1565 307 1584 nunc
323 1553 430 1622 Μῗέονί
445 1554 478 1585 &
496 1553 666 1582 Comunitatr'
682 1551 815 1579 Civitatis
828 1547 966 1586 predici‘ae
977 1570 990 1586 ,
1003 1548 1038 1578 &
1053 1545 1238 1586 Surceffizrr'bus

183 1604 239 1630 uis,
259 1601 351 1623 unum
396 1603 411 1622 a
432 1600 463 1622 ut

165 1593 194 1633 f
209 1631 302 1663 Simul
316 1641 386 1661 cum
401 1602 566 1671 qpuib’usdam
584 1627 740 1664 FontibuS,
755 1634 789 1656 ex
807 1634 896 1669 parte.
907 1624 1011 1656 Boiiali
1031 1624 1155 1664 ejusdem
1180 1624 1241 1655 Ca-

171 1672 252 1710 pitis,
271 1672 305 1702 8(
319 1669 536 1700 occidentaliter
552 1667 645 1698 eidem
659 1665 753 1706 Capiti
769 1673 910 1704 contiguis
926 1665 959 1694 &
976 1665 1108 1703 annexis,

213 1709 276 1747 Qui
291 1708 407 1746 quidem
422 1708 527 1739 Fontes
546 1707 698 1738 continent
713 1705 743 1734 in
759 1703 960 1741 Longitudine
982 1714 997 1733 a
1036 1703 1153 1733 medidie
1179 1700 1237 1733 Ca-

173 1750 233 1788 pite
249 1748 407 1785 Viginti&
421 1746 612 1777 Sex'Particas
647 1744 679 1775 δε
696 1744 727 1772 in
742 1741 906 1772 Latitudine
920 1751 1006 1772 unam
1047 1743 1185 1780 articam,

213 1787 285 1819 Une
297 1796 368 1817 cum
384 1786 489 1825 Augeis
505 1768 708 1822 Sesperafibus,
727 1781 882 1819 Fontibus,
901 1781 933 1811 &
949 1779 1089 1810 Cisternis
1108 1781 1241 1819 congruis

173 1836 209 1858 ac
227 1826 482 1864 convenientibus,
500 1823 535 1854 ad
549 1822 772 1856 includendum,
793 1819 1009 1858 recipiendum,
1026 1819 1060 1850 &
1073 1819 1241 1850 habendum

174 1865 290 1904 Aquam
305 1863 448 1894 salientem
461 1872 494 1893 ac
509 1870 711 1898 emanentem,
730 1859 759 1888 in
773 1858 901 1897 quodam
916 1857 1020 1889 Claulo
1034 1857 1133 1888 nostro
1152 1868 1241 1889 voca-

173 1911 206 1935 to
223 1903 326 1933 Oxlese
360 1902 431 1933 infra
439 1901 563 1932 Terram
579 1902 611 1932 &
626 1897 820 1929 procinetum
836 1896 961 1927 Manerii
969 1896 1057 1928 nostri
1064 1897 1100 1928 de
1108 1896 1168 1928 Pad
1189 1907 1241 1936 ng-

174 1951 245 1980 ton,
263 1943 293 1972 in
307 1926 460 1971 C'omiratu
475 1939 686 1975 Middlesexiae,
704 1937 740 1967 de
753 1935 837 1965 Petra
851 1936 884 1966 &
898 1936 989 1966 Caice
1010 1937 1056 1966 vel
1079 1936 1131 1966 alia
1146 1951 1155 1966 ι
1186 1946 1243 1966 ate-

173 1982 212 2012 ria
227 1990 407 2020 quacumque
421 2003 431 2019 ,
455 1989 523 2010 cum
546 1977 664 2009 Fossatis
686 1975 851 2014 caeterisque
875 1974 1021 2005 Machinis
1042 1975 1091 2005 sub
1106 1975 1140 2006 ὃς
1165 1975 1244 2015 supra

173 2021 322 2065 terraneis,
341 2018 472 2058 Erigere,
490 2017 682 2055 Construere,
710 2013 823 2044 Ponere
838 2035 849 2052 ,
875 2013 908 2044 ὅ(
922 2013 1036 2045 Habere
1061 2013 1170 2045 valeant
1190 2015 1245 2045 im-

175 2067 379 2137 pessgtlffitrsss’,
398 2095 431 2126 &
445 2095 561 2125 Fistulas
583 2094 728 2137 plumbeas
743 2115 753 2135 ,
775 2090 945 2136 caeterasque
972 2090 1123 2135 Machinas
1144 2091 1194 2122 sub
1212 2092 1246 2123 ὃς

180 2136 259 2174 supra
277 2144 412 2166 terraneas
423 2157 433 2172 ,
448 2135 477 2164 in
495 2134 593 2172 quibus
610 2133 692 2172 Aqua
705 2135 761 2169 ipla
774 2141 803 2161 in
823 2131 855 2161 ὅ(
870 2141 886 2160 a
900 2130 1038 2168 praedi&o
1059 2129 1166 2160 Clauso
1188 2130 1247 2161 Ca-

179 2176 253 2215 pite,
275 2174 431 2211 Fontibus,
450 2172 608 2214 Cisteran,
626 2172 735 2202 caeteris
749 2179 865 2213 quoque
882 2168 1029 2199 Machinis
1041 2192 1052 2208 ,
1076 2169 1246 2200 descendere

180 2215 214 2244 ὃ(
229 2214 379 2244 decurrere
398 2211 488 2242 valeat
504 2235 513 2251 ,
539 2215 625 2249 utque
637 2210 745 2240 dietam
760 2208 917 2238 Civitatem
932 2230 942 2245 ,
968 2208 1062 2238 subtus
1077 2217 1248 2248 quamcum-

201 2263 234 2282 ue
253 2252 375 2282 Terram
394 2249 521 2280 nostram
537 2250 681 2289 (exceptis
695 2248 792 2278 Terris
813 2245 939 2276 Manerii
960 2246 1049 2277 nostri
1065 2246 1102 2276 de
1123 2246 1198 2277 Hida
1220 2249 1248 2278 in

179 2263 331 2322 tCor-nitatii
349 2289 490 2329 praedits’co
512 2288 715 2326 pertinentibus
738 2287 794 2317 sive
812 2285 1019 2323 spectantibus)
1049 2285 1248 2317 intermediam

181 2331 287 2361 rec'tius
304 2330 336 2360 ὅ(
352 2327 540 2358 commodius
555 2336 662 2364 ponere
676 2327 709 2357 ὃ(
727 2326 798 2363 poni
812 2324 923 2361 facere,

217 2370 395 2405 Terramque
411 2367 488 2396 iilam
503 2365 699 2396 intermediam
718 2365 873 2403 Frangere,
892 2362 1004 2393 fodere
1017 2386 1027 2402 ,
1053 2363 1086 2394 &
1110 2363 1250 2395 celeritate

178 2407 338 2439 rationabili
351 2406 510 2443 Coopei‘ire
518 2429 526 2443 ,

219 2446 255 2476 Et
273 2445 367 2484 Caput
380 2442 727 2481 huiusmodi,curr2dic'tis
742 2441 850 2477 Augeis
864 2440 1069 2478 Sesperalibus,
1089 2440 1250 2481 Fontibus,

181 2484 337 2521 cisternis,
356 2484 464 2513 caeteris
484 2493 598 2521 quoque
615 2481 762 2512 Machinis
778 2481 890 2519 politis,
904 2479 1063 2521 ponendis,
1084 2481 1118 2510 &
1140 2480 1250 2511 facien—

183 2524 242 2562 dis,
260 2533 292 2552 ac
309 2531 399 2552 totam
416 2522 529 2559 Aquam
546 2523 575 2550 in
593 2520 695 2550 eisdem
711 2519 925 2558 colligendam,
949 2518 1177 2549 descendendam
1188 2544 1197 2558 ,
1215 2521 1249 2552 &

180 2561 369 2599 currendam,
387 2571 456 2591 cum
472 2560 563 2591 liberis
580 2558 699 2589 introitu
723 2558 756 2588 &
772 2557 858 2587 Exitu
879 2558 914 2587 ad
935 2558 1055 2587 eandem
1069 2581 1079 2596 ,
1104 2568 1152 2595 per
1174 2560 1249 2590 anti-

180 2612 249 2640 quas
263 2600 329 2630 Vias
341 2601 374 2631 ἃ
389 2599 508 2630 Semitas
524 2598 632 2628 ibidem
648 2598 754 2627 ulitatas
768 2598 801 2627 &
819 2595 964 2626 consuetas
973 2619 983 2634 ,

221 2639 266 2670 Ac
305 2638 404 2668 omnia
444 2638 477 2669 ὅ(
518 2636 626 2673 singula
658 2635 804 2666 praemissa
845 2636 883 2665 eis
925 2644 1041 2674 quoque
1084 2634 1252 2675 necessaria,

184 2679 289 2710 totiens
329 2677 457 2715 quotiens
490 2675 641 2706 necessarie
674 2675 780 2713 fuerit,
816 2673 1064 2711 Supervidendum
1082 2696 1091 2711 ,
1122 2673 1251 2704 Perseiu-

183 2717 301 2747 tandum
319 2738 328 2754 ,
360 2714 561 2754 Reparandurn
579 2738 587 2754 ,
628 2715 661 2745 δε
680 2712 915 2750 Renovandurn,
947 2710 1105 2751 Recipere,
1120 2713 1252 2751 l-labere,

182 2755 299 2803 Tenere
311 2776 322 2792 ,
347 2754 380 2784 ὅ(
396 2753 540 2784 Poss‘idere
556 2751 659 2794 possint
680 2752 741 2782 Sibi
759 2751 792 2782 &
808 2750 1022 2782 Succefforibus
1040 2750 1091 2781 suis
1105 2752 1249 2793 imperpe—

177 2803 335 2863 tuiffiigvffo
354 2833 410 2875 sem
433 2842 462 2862 er
477 2831 574 2870 quod,
592 2827 663 2859 infra
676 2827 788 2871 dietum
804 2826 939 2872 Clausum
956 2826 992 2857 de
1007 2826 1146 2872 Oselese,
1163 2828 1244 2867 Aqua

178 2880 350 2909 competens
365 2880 394 2900 in
438 2870 533 2901 ublico
547 2869 581 2900 ad
601 2867 828 2898 Deserviendum
843 2866 943 2896 Nobis
960 2866 1124 2906 praediehs,
1143 2868 1245 2897 Abba-

177 2913 220 2948 ti,
241 2912 348 2947 Priori,
369 2911 402 2940 ὃς
428 2911 581 2939 Conventui
599 2929 609 2945 ,
630 2916 663 2936 ac
686 2904 872 2944 Succeffinibus
899 2904 1000 2935 nostris
1013 2928 1023 2944 ,
1050 2905 1194 2937 Firmanis
1210 2908 1243 2938 &-

177 2949 357 2979 Tenentibus
369 2949 441 2979 diffi
458 2947 584 2978 Manerii
600 2945 688 2975 nostri
700 2944 735 2975 de
748 2944 923 2983 Padyngton
940 2967 950 2983 ,
969 2946 1019 2983 qui
1034 2953 1088 2982 pro
1111 2953 1243 2986 tempore

176 2987 297 3026 fuerint,
316 2988 527 3024 imperpetuum
545 2984 732 3022 Reservetur,

214 3026 378 3057 Reddendo
393 3026 460 3056 inde
474 3025 574 3055 Nobis
585 3023 706 3062 praefatis
716 3045 726 3060 ,
743 3021 874 3060 Abbati,
891 3024 997 3060 Priori,
1016 3021 1051 3051 ὃς
1072 3024 1241 3062 Conventui,

177 3075 211 3096 ac
225 3064 410 3104 Surceffirribus
428 3063 547 3101 nostris,
566 3064 595 3093 in
611 3062 634 3092 F
635 3061 696 3092 esto
709 3061 806 3091 saneti
820 3060 896 3090 Petri
910 3060 988 3099 quod
1004 3060 1109 3091 dicitur
1121 3062 1155 3092 ad
1166 3062 1240 3093 Vin-

178 3104 257 3142 cula,
275 3103 354 3134 Duas
369 3103 470 3133 Libras
488 3101 590 3142 Piperis
604 3101 748 3130 annuatim
764 3101 854 3140 imper
926 3101 996 3138 iim,

214 3142 278 3173 Etsi
297 3144 446 3181 contingat
460 3141 573 3172 dietum
592 3138 799 3169 Monasterium
813 3148 851 3168 no
878 3148 943 3168 rum
957 3139 986 3168 in
1008 3137 1135 3170 futurum
1188 3149 1238 3178 per

177 3180 412 3212 Desiccationem
435 3180 468 3211 δε
491 3178 721 3209 SubtraCtionem
744 3177 929 3220 antiquorum
947 3176 1085 3207 Fontium
1103 3201 1113 3218 ‚
1141 3164 1236 3224 {ivo-

178 3220 398 3297 stieng?
399 3219 436 3288 ‘1³13'
439 3215 822 3298 effitssssstgzzffiffeg‘jfzz
827 3214 933 3284 {33¹³
929 3215 1167 3288 Jefflssmffiness
1175 3228 1236 3288 Εέῑῖ

178 3297 361 3329 cendentium
372 3320 380 3335 ,
397 3298 431 3328 &
445 3295 528 3326 dieto
544 3293 723 3325 Monasteno
743 3292 845 3322 nostro
859 3292 895 3322 ad
910 3302 987 3322 nunc
1001 3292 1217 3327 deservientium
1226 3319 1236 3334 ,

179 3333 212 3363 fit
230 3335 319 3372 Aqute
340 3335 484 3375 Suffragio
502 3333 597 3371 aliquo
626 3331 717 3362 niodo
736 3330 901 3361 destitutum
923 3330 1074 3361 occasione
1094 3333 1235 3370 praesentis

177 3370 392 3412 Conceffionis,
411 3372 491 3415 quod
507 3380 611 3403 extunc
623 3371 699 3401 bene
714 3369 795 3400 liceat
809 3369 842 3399 &
856 3369 954 3399 licebit
978 3369 1077 3400 Nobis
1094 3371 1235 3412 praefatis,

178 3409 308 3448 Abbati,
328 3414 429 3451 Priori,
448 3413 482 3445 ὃς
499 3413 670 3447 Conventui,
688 3417 722 3438 ac
737 3406 924 3447 Succefforibus
937 3407 1233 3448 nostris,praedi6kum

176 3448 288 3486 Caput,
307 3459 375 3479 cum
391 3451 498 3488 Augeis
509 3449 694 3487 Sesperalibus
707 3469 717 3485 ,
743 3446 898 3490 Fontibus,
916 3447 950 3477 &
967 3445 1123 3485 Cisternis‚
1141 3458 1175 3479 ac
1191 3450 1233 3480 Α-

177 3497 266 3525 quam
282 3486 318 3516 de
332 3488 365 3516 ὃς
381 3489 410 3516 in
431 3490 534 3519 eisdem
553 3495 735 3519 emanentem
759 3486 794 3517 δε
814 3485 955 3515 salientem
970 3506 980 3522 ,
1003 3494 1074 3515 cum
1095 3488 1234 3519 omnibus

177 3535 279 3556 eorum
292 3526 479 3565 pertinentiis,
492 3526 632 3566 Reseifire,
650 3524 778 3563 Habere,
803 3524 837 3554 &
862 3523 989 3562 Poffidere
1007 3523 1064 3553 fine
1080 3524 1235 3556 Contradi-

180 3564 276 3595 &ione
295 3567 311 3580 ⁶
331 3563 473 3593 dierorum
489 3566 628 3602 Majorum
649 3567 759 3594 Civium
779 3561 893 3601 ejusdem
908 3564 1043 3591 Civitatis
1059 3563 1093 3593 ὃ(
1107 3564 1233 3603 Succeffo-

180 3642 210 3672 in
224 3641 318 3680 aliquo
332 3650 393 3671 non
409 3639 554 3670 obstante:

218 3680 255 3711 Et
273 3678 354 3718 quod
373 3678 423 3717 ipsi
435 3701 445 3716 ,
469 3680 565 3715 MaJ’or
579 3679 612 3709 ὃς
628 3683 783 3710 emunitas
798 3702 809 3717 ,
833 3689 867 3710 ac
889 3676 1043 3718 Succeffiires
1056 3678 1113 3717 sui,
1131 3681 1234 3711 omnia

176 3718 331 3756 Dampna,
350 3727 415 3755 quae
427 3715 495 3747 Nos
509 3716 594 3753 dieii,
610 3718 726 3756 Abbas,
745 3721 843 3756 Prior,
860 3719 894 3749 &
915 3721 1086 3755 Conventus,
1104 3726 1151 3748 aut
1168 3721 1233 3748 Suc-

176 3756 282 3795 ceffires
298 3755 402 3795 nostri,
420 3755 514 3798 aliquo
528 3763 659 3791 tempore
671 3756 784 3795 futuro,
799 3756 994 3787 sustinebimus
1009 3778 1020 3796 ‚
1045 3765 1079 3786 ac
1102 3755 1231 3788 Firmarii

179 3796 214 3825 &
229 3796 376 3825 Tenentes
399 3792 599 3825 Manenorum
627 3793 789 3824 nostrorum
809 3795 845 3826 de
866 3795 960 3835 Padyn
982 3804 1033 3825 ton
1060 3794 1095 3824 &
1116 3794 1232 3835 Eybery

177 3833 384 3876 praedietorum
398 3832 588 3867 sustinebunt,
606 3832 713 3873 ratione
726 3831 926 3872 Scrutationis,
945 3803 1230 3873 fficparadonigRe-

177 3873 354 3909 novationis,
374 3871 544 3907 Frafflonis,
562 3867 701 3899 Foffionis
713 3891 723 3905 ,
741 3869 875 3902 &diarum
899 3874 934 3904 &
955 3871 1146 3902 faciendarum
1158 3873 1230 3904 infra

174 3907 297 3938 Terram
313 3910 439 3940 nostram
451 3907 620 3948 praedieiam
632 3906 667 3937 de
681 3905 779 3946 Padyn
815 3919 872 3948 on,
891 3910 991 3941 Nobis
1006 3910 1145 3949 praefiitis,
1164 3911 1230 3941 Ab-

176 3945 238 3974 bati
249 3969 258 3983 ,
277 3949 380 3986 Priori,
398 3950 431 3980 &
447 3949 615 3984 conventui,
633 3955 668 3976 ac
688 3917 872 3984 Succeffitribus
890 3949 1011 3987 nostris,
1037 3949 1177 3980 Firmariis
1193 3951 1227 3982 &

176 3983 358 4014 Tenentibus
372 3986 470 4016 nostris
484 3985 594 4016 ibidem
602 3984 668 4024 ,qui
683 3993 736 4021 pro
749 3991 878 4021 tempore
894 3985 1018 4025 fuerint,
1043 3989 1146 4019 totiens
1159 3999 1231 4026 quo-

177 4025 250 4055 tiens
266 4022 438 4060 Darnpnum
451 4023 510 4054 fieri
525 4020 939 4061 contigerit,Emendationem
952 4025 998 4057 seu
1004 4026 1232 4062 Satisfatilionem

173 4070 335 4101 congruam
355 4061 480 4100 facient,
501 4070 533 4094 ut
545 4061 586 4094 est
595 4061 720 4100 justum:

1274 338 1422 378 ebonem,
1440 341 1468 370 in
1485 339 1578 370 forma
1616 339 1747 377 raedidta,
1765 339 1837 368 infra
1854 347 1944 368 unum
1958 338 2111 377 Mensem,
2127 337 2192 376 post
2212 336 2344 368 Praemu-

1273 378 1435 417 nitionem,
1452 378 1558 415 Majori
1637 381 1793 407 camerario
1816 379 1952 406 civitatis
1968 377 2108 414 praedic‘iae
2123 400 2133 416 ,
2159 375 2204 407 vel
2227 377 2276 405 uni
2290 385 2343 405 eo-

1272 426 1353 453 rum,
1371 425 1416 447 aut
1430 416 1644 448 Succefforibus
1660 417 1728 454 suis,
1741 417 1789 454 qui
1797 425 1851 453 pro
1865 423 1996 451 tempore
2009 415 2128 454 fuerint,
2144 415 2250 446 faistam
2260 424 2340 452 ,non

1271 456 1392 486 fecerint
1405 455 1453 486 seu
1469 457 1562 487 facere
1576 455 1796 486 contradixerint
1813 454 1846 485 &
1864 452 2049 483 recusaverint
2065 476 2075 492 ,
2100 462 2147 484 aut
2168 454 2270 492 aliquas
2290 452 2343 483 Li-

1271 493 1391 524 bertates
1416 517 1426 533 ,
1464 494 1641 525 Franchefias
1662 517 1672 532 ,
1698 494 1745 524 seu
1770 492 1982 530 Aequietantias
1996 513 2007 529 ,
2032 491 2126 529 aliquo
2149 492 2205 524 alio
2229 492 2342 530 mod0,

1272 533 1423 564 occasione
1439 532 1639 564 Conceffionis
1653 535 1687 565 &
1704 530 1941 563 Confirmationis
1956 529 2154 568 praedictarum
2169 555 2178 568 ,
2196 530 2342 562 clamave-

1271 572 1326 601 rint
1349 572 1434 609 quem
1458 572 1634 609 praemiffum
1656 571 1697 602 est
1714 596 1723 607 ,
1760 569 1838 610 quod
1860 578 1966 600 extunc
1990 568 2064 598 bene
2084 569 2166 611 liceat
2184 570 2219 599 &
2241 568 2341 600 licebit

1270 608 1370 639 Nobis
1385 611 1522 648 praefatis,
1542 611 1675 648 Abbati,
1695 613 1808 647 Priori,
1835 609 1868 639 δε
1890 612 2047 637 Conventa}
2063 630 2073 645 ,
2099 617 2134 637 ac
2153 607 2342 647 Succeffbribus

1270 647 1372 678 nostris
1394 649 1568 686 praedietum
1595 649 1692 687 Caput
1707 671 1717 686 ,
1742 659 1812 679 cum
1836 648 1939 686 Augeis
1960 646 2165 683 Sesperalibus,
2184 645 2342 684 Fontibus,

1270 685 1425 725 Cisternis,
1446 687 1574 727 Fistulis,
1599 687 1676 725 Pipis
1699 688 1863 724 Plumbeis,
1890 685 2051 722 caeterisque
2074 684 2219 715 Machinis
2233 706 2244 721 ,
2270 694 2343 715 cum

1270 727 1408 756 omnibus
1422 726 1473 756 suis
1489 728 1681 764 pertinentiis,
1701 735 1731 757 ut
1746 726 1918 764 praedictum
1936 724 1977 755 est
2016 723 2151 754 Reseifire
2169 745 2179 759 ,
2206 722 2343 754 Rehabe—

1270 773 1318 807 req,
1338 763 1500 808 Poffidereq,
1519 767 1553 797 &
1575 765 1709 796 Retinere
1725 788 1735 803 ,
1764 764 1908 804 quousque
1928 764 1964 794 de
1982 746 2125 800 bampnis
2138 760 2283 800 praedietis
2307 762 2343 792 ὃς

1271 811 1356 832 etiam
1372 802 1504 841 Expeniis
1519 804 1553 834 ea
1566 805 1718 835 occasione
1731 804 1831 834 habitis
1849 804 1974 841 plenarie
1995 801 2078 832 fuerit
2095 801 2191 831 Nobis
2213 800 2248 831 &
2269 800 2345 831 Suc-

1273 840 1435 872 cefforibus
1450 842 1551 872 nostris
1567 843 1736 873 satisfactum
1751 844 1784 874 ὅ(
1801 842 1997 880 persolutum,
2015 841 2067 871 hiis
2088 837 2287 872 Conceffione
2305 840 2342 871 &

1273 877 1504 910 Confirmatione
1519 882 1548 911 in
1565 881 1658 920 aliquo
1676 891 1737 911 non
1753 881 1941 911 obstantibus:

1309 917 1346 948 Et
1362 918 1395 948 ad
1412 928 1514 948 onines
1534 919 1597 949 istas
1612 919 1829 951 Conventiones
1842 920 1875 950 &
1890 918 2099 956 Conditiones,
2117 928 2151 949 ex
2169 928 2246 956 parte
2267 926 2345 955 prae-

1271 955 1416 987 dietorum
1432 958 1551 993 Majorr‘s
1565 959 1598 989 ὅ(
1612 961 1794 988 Comunitatis
1808 961 1945 987 Civitatis
1955 958 2096 997 praedr‘etae
2116 958 2150 988 &
2165 957 2342 996 Succeffimcm

1268 995 1376 1035 fiturum
1389 996 1592 1034 praedietomm
1609 997 1684 1027 bene
1701 997 1734 1027 &
1750 995 1867 1027 fideliter
1891 996 2046 1027 Tenendas
2061 998 2094 1028 &
2111 995 2343 1034 Perimplendas,

1272 1034 1402 1072 praedie'ti
1417 1036 1514 1072 Major
1528 1035 1560 1066 &
1575 1038 1731 1064 Comunitas
1747 1034 1889 1071 Obligant
1902 1034 1930 1065 se
1945 1036 1978 1067 ὃς
1994 1035 2176 1067 Succeffores
2190 1035 2253 1067 suos
2270 1034 2343 1065 No-

1272 1075 1316 1104 bis
1330 1074 1470 1112 praefatis,
1488 1073 1616 1113 Abbati,
1637 1077 1747 1113 Priori,
1766 1073 1800 1104 &
1823 1076 1994 1112 conventui,
2019 1076 2054 1106 &
2076 1073 2261 1114 Succefforibus
2287 1083 2345 1104 no-

1272 1111 1332 1143 stris
1349 1123 1396 1151 per
1411 1111 1579 1144 Praesentes:

1312 1151 1350 1182 Et
1366 1151 1434 1182 Nos
1450 1152 1577 1192 praefati,
1593 1153 1691 1192 Major
1707 1151 1740 1183 &
1755 1153 1931 1188 comanitas,
1947 1148 2194 1187 Scriptipraedieti
2209 1151 2345 1182 Conten-

1274 1198 1335 1221 tum
1352 1191 1550 1229 emologantes
1566 1214 1575 1229 ,
1599 1191 1632 1222 ὅ(
1656 1191 1801 1221 ἀίἃοῐιιτῃ
1824 1189 1967 1227 Abbatis,
1993 1190 2114 1227 Prioris,
2130 1189 2165 1220 ἃ
2186 1190 2346 1219 conventis

1275 1228 1485 1261 Conceffiones
1506 1231 1535 1261 in
1562 1229 1666 1260 eodem
1689 1239 1722 1260 ex
1744 1229 1881 1260 benivolo
1900 1229 1934 1260 &
1958 1227 2077 1258 cordiali
2099 1237 2202 1259 eorum
2223 1227 2346 1259 Affeetu

1272 1267 1427 1307 gratiffime
1443 1268 1607 1299 Proceffiffe
1622 1269 1784 1306 sentientes,
1803 1267 1853 1297 sub
1875 1265 1954 1297 dieta
1970 1265 2150 1297 Conditione
2172 1265 2347 1298 Reseismam

1275 1307 1403 1346 Capitis,
1422 1307 1604 1345 Augearum,
1623 1306 1776 1345 Piparum,
1795 1305 2024 1343 Fistularum‚&
2042 1304 2252 1337 Conductuum
2268 1315 2346 1343 prae-

1274 1346 1421 1377 ditiorum
1431 1369 1441 1385 ,
1458 1357 1574 1377 necnon
1594 1345 1801 1377 Restriffiones
1814 1345 1847 1376 &
1864 1344 2062 1375 Retraffiones
2077 1344 2170 1382 Aquae
2183 1344 2349 1382 praedietae,

1274 1395 1309 1416 eit
1325 1386 1411 1417 causis
1428 1386 1590 1423 praedietis,
1608 1386 1640 1416 &
1664 1395 1723 1415 non
1747 1385 1825 1415 aliter
1839 1406 1850 1423 ,
1877 1393 1930 1421 pro
1950 1382 2052 1413 Nobis
2074 1385 2107 1414 &
2132 1383 2349 1414 Succefforibus

1276 1423 1393 1461 nostris,
1411 1424 1627 1463 Concedimus,
1647 1422 1850 1461 Ratificamus,
1870 1422 2093 1460 Approbamus,
2110 1422 2143 1453 &
2157 1432 2203 1453 eas
2217 1433 2270 1460 pro
2277 1421 2351 1452 No-

1276 1464 1320 1508 bis
1335 1463 1599 1532 &ZSuccefforibus
1613 1462 1715 1493 nostris
1731 1462 1874 1501 praedicns
1889 1461 1950 1492 fieri
1973 1462 2169 1500 promittimus
2191 1461 2350 1492 nullatenus

1278 1512 1320 1533 im
1342 1513 1357 1533 e
1379 1513 1429 1534 ire.

1333 1552 1351 1571 n
1368 1551 1490 1580 quorum
1507 1542 1643 1572 omnium
1660 1542 1694 1573 &
1711 1540 1889 1577 singulorum
1904 1537 2126 1569 Testimonium
2142 1539 2190 1570 uni
2205 1538 2283 1570 Parti
2297 1537 2353 1570 hu·

1277 1580 1321 1618 jus
1342 1580 1447 1621 Scripti
1466 1580 1624 1619 indentari,
1644 1590 1728 1618 penes
1743 1580 1836 1611 dictos
1850 1577 1998 1616 Maiorem
2015 1579 2049 1610 &
2066 1577 2155 1608 Cives
2177 1577 2355 1616 remanenti,

1280 1619 1347 1650 Nos
1360 1619 1609 1658 praefati,Abbas,
1629 1618 1729 1657 Prior,
1747 1619 1780 1650 &
1801 1617 1971 1648 Conventus
1987 1617 2121 1653 Sigillum
2143 1616 2275 1647 nostrum
2291 1615 2359 1647 Co-

1284 1668 1390 1697 mune,
1408 1660 1439 1689 in
1455 1658 1562 1689 Domo
1577 1657 1673 1689 nostra
1694 1657 1852 1696 Capitulari
1868 1656 1944 1695 apud
1963 1654 2257 1688 Westmonasterium
2280 1664 2355 1692 prae-

1281 1697 1411 1736 dietum,
1429 1697 1561 1728 duximus
1575 1696 1795 1737 apponendum,
1936 1699 1938 1701 '

1317 1736 1449 1767 Alteram
1465 1738 1536 1767 vero
1552 1736 1666 1766 Partem
1684 1758 1694 1774 ,
1719 1735 1813 1766 versus
1828 1733 1944 1765 eosdem
1965 1734 2128 1773 Abbatem,
2147 1732 2299 1771 Priorem,
2315 1733 2351 1764 ὅτ.

1281 1774 1474 1806 Conventum
1495 1783 1691 1805 remanentem
1704 1796 1715 1812 ,
1740 1773 1811 1804 Nos
1831 1773 1901 1803 disti
1918 1794 1928 1810 ,
1954 1772 2054 1811 Major
2076 1774 2111 1805 &
2126 1771 2231 1811 Cives,
2249 1771 2353 1811 sigillo

1280 1815 1382 1845 nostro
1395 1813 1527 1845 Comuni
1542 1815 1570 1843 in
1585 1813 1739 1853 Guyhalda
1752 1813 1839 1843 dieiae
1853 1810 1986 1842 Civitatis
2004 1812 2126 1842 fecimus
2142 1811 2335 1842 communiri.

1318 1853 1388 1884 Dat.
1408 1854 1504 1891 primo
1520 1852 1579 1883 Die
1597 1851 1716 1890 Martii,
1734 1852 1824 1882 Anno
1840 1850 1967 1881 Domini
1993 1850 2153 1881 Millefimo
2169 1872 2179 1888 ,
2205 1849 2356 1888 Qiadrin-

1282 1892 1446 1930 gentesmo,
1467 1891 1632 1922 Tricesimo
1648 1901 1746 1929 nono,
1764 1891 1798 1922 δε
1814 1890 1904 1920 Anno
1919 1888 2022 1928 Regni
2035 1891 2114 1928 Regis
2122 1891 2256 1928 Henrict,
2275 1887 2355 1920 Sexti

1283 1931 1349 1970 post
1364 1930 1568 1971 Conquestum
1577 1953 1587 1969 ,
1606 1929 1737 1961 Decimo
1751 1929 1879 1967 octavo,

1322 2009 1507 2048 Approbare‚
1526 2007 1681 2045 ratificare,
1698 2009 1732 2039 ὃ(
1750 2005 1935 2045 confirmare,

1322 2048 1410 2086 Nos,
1431 2048 1639 2086 supplicationi
1655 2046 1801 2085 praedietae
1814 2054 1982 2083 annuentes,
2008 2045 2108 2075 omnia
2125 2044 2263 2083 praedieta
2287 2042 2357 2074 Do-

1284 2097 1356 2117 num
1368 2110 1378 2125 ,
1396 2086 1644 2124 Conceffionem,
1663 2085 1797 2123 Cartam,
1818 2085 1852 2116 &
1869 2083 2036 2123 Scriptum,
2055 2085 2089 2116 ὃς
2105 2084 2203 2114 omnia
2221 2082 2357 2113 Conten-

1285 2135 1312 2156 ta
1328 2127 1357 2156 in
1372 2126 1476 2156 eisdem
1486 2149 1496 2165 ,
1513 2126 1549 2156 de
1564 2125 1662 2155 Gratia
1675 2123 1771 2155 nostra
1785 2122 1914 2162 speciali,
1929 2126 2131 2161 Accepimus,
2148 2125 2184 2152 A
2195 2121 2360 2160 probamus,

1285 2163 1464 2211 Rattficamus
1475 2187 1485 2200 ,
1504 2165 1537 2196 &
1554 2163 1769 2203 Confirmamus,
1787 2171 1872 2201 prout
1888 2161 2033 2201 Donum,
2050 2161 2157 2193 Conce
2191 2171 2229 2201 ο,
2253 2159 2359 2199 Carta,

1288 2205 1321 2235 ὃς
1338 2205 1485 2242 Scriptum
1500 2204 1545 2234 illa
1559 2203 1762 2233 rationabiliter
1775 2200 1926 2233 testantur:

1324 2242 1363 2274 Et
1379 2244 1503 2280 ulterius,
1522 2242 1559 2272 de
1573 2242 1695 2272 uberiori
1709 2241 1811 2272 Gratia
1825 2239 1940 2279 nostra,
1958 2238 2130 2279 Conceffimus
2145 2240 2179 2271 &
2195 2241 2355 2269 Licentiam

1289 2283 1419 2312 Dedimus
1456 2292 1507 2320 pro
1522 2281 1623 2311 Nobis
1636 2280 1669 2311 ὅ(
1693 2279 1867 2310 Haeredibus
1891 2278 1992 2309 nostris
2010 2301 2019 2317 ,
2046 2288 2183 2316 quantum
2203 2279 2234 2307 in
2255 2277 2357 2308 Nobis

1289 2320 1346 2358 est,
1363 2306 1482 2358 praesatis
1497 2329 1574 2350 nunc
1596 2319 1702 2358 Majori
1716 2341 1726 2357 ,
1752 2318 1951 2355 Aldermanis,
1968 2318 2002 2348 &
2026 2317 2140 2347 Civibus
2155 2316 2236 2355 quod
2252 2315 2307 2357 Ipsi
2321 2317 2358 2348 &

1288 2359 1470 2390 Succeffores
1486 2359 1526 2389 sui
1547 2368 1649 2388 omnes
1669 2356 1840 2399 supradietas
1863 2357 1975 2393 Augoes
2000 2355 2138 2386 Ventosas
2162 2355 2302 2393 suspirales
2322 2355 2358 2386 ἃ

1288 2399 1352 2429 alias
1367 2398 1426 2428 Res
1439 2399 1472 2429 ὅ(
1486 2397 1637 2428 Machinas
1650 2400 1859 2434 qualcumque,
1876 2395 1961 2426 dietis
1977 2393 2182 2426 Conduffibus
2197 2394 2360 2425 deservien-

1288 2445 1327 2467 tes
1343 2438 1388 2468 vel
1402 2437 1597 2474 deservituras,
1616 2436 1695 2473 supra
1709 2435 1742 2466 ὃ(
1763 2434 1859 2465 subtus
1882 2443 2096 2473 quamcumque
2117 2433 2234 2464 Partem
2257 2433 2362 2463 Terrae

1289 2476 1394 2506 nostrae
1409 2477 1442 2506 ὅ(
1455 2476 1573 2506 aliorum
1588 2483 1845 2512 quoiumcumque
1858 2472 1965 2503 fituatas
1978 2494 1988 2510 ,
2013 2471 2152 2509 depositas
2166 2494 2176 2509 ‚
2201 2472 2248 2502 vel
2258 2472 2359 2509 jacen-

1288 2524 1346 2553 tes,
1363 2525 1397 2546 ac
1414 2514 1607 2553 imposterum
1624 2511 1809 2551 providendas
1822 2513 1856 2544 &
1871 2510 2057 2549 disponendas
2068 2534 2079 2548 ,
2096 2509 2227 2549 Erripere
2251 2512 2285 2541 ὃ(
2302 2509 2357 2540 As-

1309 2563 1399 2585 Ostare

1289 2565 1308 2591 p
1326 2593 1364 2623 Et
1379 2577 1442 2623 ali’as
1454 2592 1489 2622 de
1504 2601 1603 2629 novo,
1621 2589 1655 2620 ad
1669 2597 1762 2619 totam
1777 2588 1910 2627 Aquam,
1928 2588 1987 2617 tim
2007 2586 2043 2618 de
2067 2585 2174 2617 eisdem
2202 2587 2356 2626 Capitibus

1288 2633 1321 2663 &
1339 2632 1497 2668 Fontibus,
1514 2632 1542 2660 in
1558 2629 1667 2665 Dono,
1685 2627 1898 2664 Conceffione,
1917 2625 2007 2657 Carta
2021 2649 2031 2663 ,
2050 2625 2084 2656 δε
2107 2624 2224 2663 Scripto
2249 2627 2356 2665 praedi-

1289 2672 1342 2701 ctis
1357 2670 1517 2706 contentis,
1536 2669 1621 2706 quem
1645 2667 1679 2696 de
1705 2665 1764 2696 aliis
1788 2665 1985 2703 Capitibus&
2007 2665 2147 2695 Fontibus
2189 2665 2354 2698 uibuscum-

1289 2715 1359 2747 que,
1379 2709 1414 2738 de
1429 2717 1536 2739 caetero
1551 2706 1635 2736 dietis
1650 2704 1764 2734 Civibus
1787 2705 1822 2736 &
1847 2707 2014 2734 comunitati
2036 2702 2170 2741 adquiren
2193 2705 2214 2734 is
2235 2705 2281 2736 vel
2304 2714 2353 2742 ap-

1287 2747 1433 2786 pruandis,
1452 2744 1664 2786 Recipiendum
1683 2744 1702 2762 ⁵*
1724 2744 1757 2774 &
1783 2742 2021 2774 Conducendum
2045 2741 2137 2772 versus
2157 2743 2191 2774 &
2214 2743 2288 2774 infra
2308 2744 2353 2774 di-

1288 2787 1365 2818 etam
1380 2785 1537 2815 Civitatem
1553 2806 1564 2822 ,
1590 2793 1622 2813 ac
1638 2782 1710 2812 infra
1727 2782 1759 2812 &
1779 2781 1875 2813 subtus
1898 2791 2110 2820 quamcumque
2134 2779 2250 2813 Partem
2275 2781 2350 2814 Altae

1286 2825 1352 2856 Viae
1370 2823 1491 2863 nostrae,
1511 2823 1544 2854 &
1557 2821 1641 2859 alibi,
1659 2823 1729 2851 intra
1745 2821 1848 2851 Fontes
1862 2822 1895 2852 &
1911 2819 2015 2859 Capita
2029 2820 2063 2851 &
2077 2820 2186 2851 dietam
2194 2819 2353 2853 Civitatem

1284 2864 1461 2895 intermediae
1499 2871 1614 2892 necnon
1628 2861 1662 2892 ἃ
1677 2860 1748 2890 infra
1764 2860 1872 2891 diCiam
1887 2858 2060 2897 Civitatem,
2075 2858 2272 2898 quoscumque
2289 2859 2351 2890 Au-

1283 2913 1347 2943 geas
1362 2886 1526 2943 Suspiraies,
1545 2898 1715 2943 Standardos
1730 2921 1740 2936 ,
1765 2898 1934 2942 caeterasque
1958 2897 2114 2929 Machinas
2146 2896 2206 2941 ‚sub
2219 2896 2350 2940 &nsupra

1282 2951 1435 2979 terraneas,
1461 2940 1544 2971 dietis
1567 2937 1772 2969 Conduetibus
1792 2947 1894 2978 quovis
1917 2936 2006 2967 modo
2020 2945 2091 2966 nece
2187 2959 2197 2974 ,
2212 2935 2351 2975 ubilibet,

1282 2989 1365 3019 prout
1377 2981 1458 3011 decet
1473 2980 1505 3010 &
1518 2978 1569 3008 ubi
1584 2977 1684 3007 melius
1700 2977 1740 3007 eis
1753 2975 1813 3007 fieri
1830 2976 1991 3013 videbitur,
2007 2974 2145 3012 Erigere,
2163 2973 2292 3014 Ponere,
2312 2975 2349 3007 <Se

1281 3021 1365 3057 Erigi
1385 3019 1416 3050 &
1433 3018 1508 3050 Poni
1522 3017 1630 3054 facere,
1649 3017 1682 3048 &
1697 3015 1736 3045 illi
1750 3015 1788 3046 fic
1799 3015 1896 3046 Eree‘ti
1910 3015 1945 3045 δε
1961 3013 2048 3044 Positi
2090 3011 2173 3042 fimul
2193 3022 2264 3044 cum
2286 3022 2348 3046 tota

1280 3062 1364 3099 Aqua
1382 3060 1412 3088 in
1427 3057 1550 3095 eisdem,
1568 3065 1584 3085 a
1597 3053 1821 3093 quibuscumque
1836 3053 1973 3084 Fontibus
1985 3051 2019 3083 &
2036 3034 2186 3089 Capitibus
2196 3074 2208 3090 ,
2220 3051 2345 3084 colle&

1279 3101 1312 3131 &
1335 3096 1495 3136 colligenda
1510 3118 1520 3134 ,
1543 3095 1710 3125 decurrente
1729 3093 1763 3124 δι
1781 3090 1957 3123 decurrenda
1971 3113 1981 3128 ,
2004 3099 2121 3134 necnon
2151 3100 2345 3129 quaecumque

1277 3137 1382 3168 Terras
1393 3136 1427 3167 &
1441 3135 1624 3165 Tenementa
1637 3155 1647 3171 ,
1672 3131 1815 3162 Redditus
1827 3153 1837 3169 ,
1865 3129 2083 3161 Conventiones
2099 3151 2109 3166 ‚
2133 3129 2169 3161 δί
2184 3128 2344 3171 neemias,

1278 3187 1328 3214 per
1344 3175 1537 3214 quoscumque
1554 3171 1742 3210 imposterum
1757 3194 1769 3210 ,
1793 3171 1822 3201 in
1844 3168 2080 3201 Sustentationern
2100 3188 2110 3205 ‚
2137 3166 2344 3208 Ereftionern,

1275 3215 1523 3250 Fabricationem,
1547 3209 1863 3248 Conservationem,&
1881 3207 2134 3239 Manutentionem
2151 3207 2284 3237 omniurn
2303 3208 2340 3239 ὃς

1273 3253 1449 3291 singulorum
1465 3248 1675 3281 Conducstuum
1691 3256 1913 3286 caeterarumque
1932 3245 2132 3277 Machina-rum
2147 3243 2343 3277 Οοηίὶῑυᾶο.

1273 3303 1336 3324 rum
1361 3292 1407 3322 seu
1423 3288 1701 3325 construendorum,
1714 3287 1801 3317 dictae
1821 3285 1940 3317 Civitati
1955 3291 2086 3322 appruata
2108 3283 2142 3314 &
2161 3284 2341 3326 appruanda,

1272 3333 1334 3363 data
1343 3355 1352 3370 ‚
1366 3330 1459 3368 faeta,
1470 3330 1504 3360 &
1518 3328 1625 3367 legata,
1637 3335 1683 3357 aut
1697 3324 1851 3363 conceffa,
1873 3325 1917 3355 vel
1939 3323 2024 3354 dietis
2037 3321 2154 3365 civibus·
2167 3323 2202 3354 &
2214 3327 2342 3356 Comm-

1272 3375 1330 3401 tati
1343 3378 1460 3409 quoquo
1477 3367 1569 3398 modo
1585 3365 1676 3404 faeta,
1690 3364 1754 3395 data
1769 3386 1779 3402 ‚
1805 3362 1956 3400 concessa,
1978 3360 2025 3393 vel
2039 3359 2130 3398 legata
2145 3369 2174 3391 in
2191 3360 2339 3402 futurum,

1271 3407 1554 3479 {iffssssffo’nssffit
1562 3403 1726 3480 ‘3252ss
1739 3398 2061 3470 pzfljggrgasffissfimg
2063 3399 2189 3468 ciffi-'31¹¹
2191 3409 2202 3431 t
2208 3400 2338 3471 23:³2³,ss

1270 3489 1401 3516 manituti
1413 3485 1493 3514 diclae
1515 3484 1651 3512 civztatis
1669 3463 1774 3516 liber'e,
1792 3479 1902 3518 quiete,
1922 3479 1956 3510 &
1974 3462 2094 3521 {acifice
2110 3478 2149 3507 im
2185 3462 2339 3516 'petuum,

1268 3525 1370 3564 absque
1387 3522 1617 3562 Impedimento,
1636 3516 1791 3555 Molestia,
1806 3517 1852 3547 vel
1869 3516 2076 3555 inquietatione
2093 3526 2134 3546 no
2159 3517 2183 3546 ri
2201 3517 2248 3549 vel
2261 3516 2337 3547 Hae-

1270 3564 1373 3595 redum
1390 3562 1555 3592 nostrorum
1575 3565 1841 3596 quorumcumque,

1308 3602 1439 3639 Statuto,
1456 3599 1493 3630 de
1510 3597 1606 3628 Terris
1624 3596 1658 3627 δε
1675 3594 1862 3626 Tenementis
1878 3592 1913 3624 ad
1933 3595 2053 3623 Manum
2065 3597 2209 3625 Mortuum
2222 3603 2275 3625 nou
2282 3599 2333 3631 po·

1270 3641 1364 3671 viendis
1379 3639 1476 3676 edito,
1490 3635 1536 3667 vel
1553 3635 1648 3673 aliquo
1667 3633 1778 3664 Statuto
1795 3642 1923 3672 quocum
1945 3642 1980 3663 ue
1995 3642 2055 3662 non
2073 3633 2223 3671 obstante,

1307 3679 1439 3709 Necnon
1457 3685 1494 3706 eo
1514 3673 1594 3713 quod
1611 3671 1734 3710 expressa
1754 3672 1863 3702 mentio
1880 3670 1916 3701 de
1969 3671 2044 3702 alote
2068 3671 2206 3711 Capitum
2221 3693 2232 3708 ‚
2258 3669 2334 3700 Fon-

1268 3718 1361 3755 tium,
1376 3718 1409 3748 &
1430 3712 1638 3746 Conductuum
1657 3710 1860 3748 praedictorum
1879 3731 1889 3747 ,
1923 3710 1957 3741 &
1974 3711 2011 3740 de
2027 3709 2086 3740 aliis
2103 3719 2168 3749 quae
2185 3707 2281 3747 Major
2298 3708 2333 3739 &

1270 3759 1429 3785 Comunitas
1447 3752 1532 3783 didiae
1548 3750 1680 3781 Civitatis
1697 3749 1858 3786 habent,ex
1877 3748 1971 3780 Dono
1990 3750 2023 3779 δε
2043 3746 2238 3779 Conceffione
2256 3746 2333 3776 Pro-

1269 3795 1431 3862 gffiorulm
1448 3787 1787 3859 Rostrorgxmgffigemlgaec
1805 3795 1936 3825 tempora
1951 3811 1961 3828 ,
1985 3789 2016 3819 in
2033 3786 2161 3825 praesenti
2180 3784 2252 3816 faeta
2270 3795 2333 3816 non

1268 3842 1286 3862 e
1351 3841 1378 3869 t,
1405 3840 1447 3860 im
1470 3839 1519 3860 ier
1539 3838 1557 3858 n
1749 3849 1755 3856 .

1306 3870 1341 3900 In
1361 3869 1458 3907 cujus,
1477 3868 1539 3898 &c.
2155 3899 2162 3906 ἠ

1303 3907 1393 3939 Teste
1410 3906 1490 3946 Rege
1500 3904 1576 3943 apud
1590 3902 1751 3943 Cheftwyk,
1760 3903 1898 3935 vicefimo
1913 3903 2013 3941 quinto
2029 3900 2077 3931 die
2092 3899 2181 3937 Junii.

1268 3988 1322 4017 Per
1337 3988 1430 4014 Breve
1445 3982 1478 4011 de
1494 3984 1616 4011 Privato
1629 3981 1719 4019 Sigillo
1741 3981 1780 4017 ώ-
1801 3982 1834 4011 de
1858 3980 1929 4010 data
1946 3977 2083 4017 praedieta
2104 3999 2114 4015 ,
2150 3979 2334 4010 Audoritate

1306 4023 1503 4060 firmamenti,
1520 4019 1618 4060 &pro
1641 4024 1744 4060 viginti
1758 4019 1854 4052 Libris
1861 4017 1962 4058 filictis
1979 4021 2012 4049 in
2025 4018 2191 4056 Hanapenv.

2281 4094 2332 4123 Su-

2392 2760 2413 2781 *
2433 2763 2490 2794 XI.
