2555 4266
786 155 828 202 13*
858 156 898 200 i?
983 161 1019 203 A&
1054 158 1092 205 (3
1128 162 1168 203 '1⁴
1205 161 1242 204 Ji

52 248 121 280 Ann
142 245 182 278 D.
195 248 277 286 ipsius
290 247 470 279 Liberatione
485 245 592 286 pridem
607 246 693 285 faeta,
699 253 813 277 necnon
828 245 1028 279 Traditionern
1042 251 1077 281 δε
1091 248 1246 280 Liberario-

50 295 159 354 aas·

88 1280 129 1315 Ἠ

196 297 265 317 nem
279 294 422 317 certorum
441 285 600 324 Obfidum‚

230 325 334 363 Prour,
351 320 507 354 secundum
522 325 602 362 vim,
620 323 759 362 formam,
777 324 810 355 &
826 324 961 356 effed’mm
976 326 1047 356 dieti
1062 326 1247 364 Appunetua-

194 364 281 393 menti
297 385 306 400 ,
331 363 414 392 nobis
429 362 582 400 faciendas,
607 363 678 392 idem
699 361 912 403 Consanguineus
930 364 1016 404 noster
1038 366 1121 394 nobis
1134 374 1246 395 tenerur

196 401 364 437 (videlicet)
387 402 416 430 in
433 401 547 431 Locum
564 401 704 432 Oblidum
717 403 775 440 jam
791 402 1006 433 Defunfmrum
1017 426 1026 441 ,
1045 403 1109 433 ali-*as
1136 413 1184 440 per
1203 403 1246 432 di-

193 439 266 468 Hum
281 439 506 476 Consanguineum
522 439 637 478 nostram
656 439 754 470 NobiS
770 441 970 478 lihemtorum,

227 476 402 514 Ferendum,
420 477 615 518 Exigendum,
635 479 848 519 Optinendum,
867 480 900 509 ὅτ.
915 478 1142 518 Recipiendum‚

228 515 275 546 Ac
288 516 322 546 ad
333 515 482 556 praefatum
496 517 720 556 Confhnguinenm
735 516 850 557 nostrum
863 517 900 547 de
914 516 1140 556 quibuscumque
1156 516 1247 548 Pecu-

189 554 302 584 niarum
317 554 458 594 Summis,
476 557 512 587 ab
533 556 592 594 ipso
607 556 743 586 Nomine
768 554 862 585 nostro
888 555 1091 594 Recipiendis,
1110 556 1246 595 Quietan-

191 591 278 631 dum,
295 593 328 624 &
347 593 454 625 Literas
469 595 697 634 Quietantiarum
711 593 879 624 sufficienter
893 593 959 624 inde
980 594 1171 632 Faciendum,

231 631 276 661 Ac
298 631 334 663 de
354 633 387 662 ὅ(
409 632 488 672 super
511 632 677 669 Preemiffis,
699 630 734 662 ’δε
749 641 848 662 eorum
866 631 1009 671 quolibet,
1028 632 1244 671 Traeiandum,

191 668 438 709 Tranfigendum,
457 671 536 702 Com
577 670 722 708 nendum,
741 671 774 700 &
789 670 1057 709 Concordandutn,

226 707 394 747 Caeteraque
409 706 509 740 omnia
525 709 577 739 aia
599 711 631 740 &
655 708 760 745 singula
781 708 957 739 Faciendum
975 732 985 748 ,
1009 709 1245 748 Excercendnm,

190 745 225 778 &
240 746 456 785 Expediehdum
466 770 476 786 ,
495 756 557 785 quae
571 748 600 778 in
617 746 765 778 Praemisfis
783 748 816 777 &
832 748 910 778 circa
923 758 954 778 ea
968 747 1117 788 neceffaria
1136 748 1240 779 suerint

188 786 234 854 {eu
248 785 466 853 qulomodolibet
484 794 627 824 oportuna
640 808 650 824 ,
678 787 762 816 ctiam
781 786 801 816 fi
826 785 995 817 Mandatum
1018 787 1130 824 exigant
1153 789 1245 824 magis

256 834 280 854 ta
291 834 307 854 e
625 836 627 838 ·

201 834 446 901 Pelgrom'ittentes,
464 863 493 893 in
510 864 601 893 verbo
628 863 723 902 Regio
739 885 748 900 ,
770 861 839 893 Nos
852 862 958 894 Ratum
970 886 979 901 ‚
994 864 1027 895 &
1051 862 1195 902 Gratum,
1212 864 1246 895 &

189 900 321 931 Firmum
336 901 476 931 habituros
493 901 628 940 quicquid
651 911 699 939 per
720 901 812 932 dic‘tos
827 900 1062 941 Commiffarios,
1089 902 1125 932 N
1129 904 1245 941 uncios,

187 939 222 969 &
239 938 396 977 Deputatos
408 939 519 970 nostros
553 949 599 970 aut
616 939 698 970 Duos
720 939 906 978 eorumdem,
926 941 1036 971 Actum
1056 940 1104 972 seu
1120 940 1245 972 Gestum

187 976 271 1046 fueIrit
285 979 315 1007 in
326 977 496 1021 'Prtemisfiffi
515 965 559 1009 seu
574 978 667 1017 aliquo
679 977 904 1009 Praemifforum.

247 1025 322 1085 nT‘eu
334 1018 538 1093 gsfiesget'apud
554 1053 833 1096 Wrstmonastermm‚
853 1054 1043 1087 Duodecimo
1064 1056 1109 1087 die
1129 1055 1206 1095 Julii.

689 1135 742 1162 Per
758 1134 850 1162 Breve
867 1132 899 1161 de
914 1134 1032 1163 Privato
1045 1131 1145 1170 sigillo.

542 1280 591 1312 De
604 1278 695 1324 fhlvo
721 1276 884 1312 condemn.

48 1361 175 1394 Ann.D.
193 1364 338 1419 REX,
356 1373 406 1402 per
419 1362 523 1394 Literas
538 1362 595 1394 suas
617 1363 747 1394 Patentes
763 1386 772 1401 ,
799 1364 885 1402 usque
911 1361 1062 1394 secundum
1079 1361 1168 1392 Diem
1186 1360 1250 1392 De-

66 1411 150 1441 1434·

47 1445 100 1468 Ao.
115 1450 156 1477 ¹3-

45 1485 81 1506 H.
101 1481 128 1505 6.

271 1404 393 1434 cembris
406 1404 541 1440 proximo
557 1402 680 1433 futurum
692 1402 850 1440 duraturas,
867 1401 983 1439 suscepit
996 1403 1025 1430 in
1040 1400 1146 1431 salvum
1161 1403 1195 1432 &
1207 1401 1246 1431 se-

189 1449 291 1472 curum
305 1440 494 1472 Conductum
508 1442 588 1471 suum
598 1463 607 1478 ‚
625 1450 658 1471 ac
674 1441 703 1471 in
731 1440 944 1471 Prooeffionem
958 1462 967 1478 ,
991 1439 1162 1469 Tuitionem
1177 1461 1187 1476 ,
1211 1440 1244 1469 &

191 1479 393 1510 Defenlionem
405 1479 462 1509 suas
476 1479 604 1517 speciales
619 1502 629 1518 ,
654 1478 816 1517 Johannem
831 1480 863 1509 de
885 1478 1032 1517 Vendosme
1047 1477 1193 1515 Militem,
1211 1479 1245 1508 &

44 1517 341 1554 franc-13.Blaunchet
353 1518 408 1547 d'E
432 1517 562 1548 oute-ville
581 1517 782 1557 Armigerurn,
801 1518 829 1547 in
845 1517 921 1547 Villa
941 1517 1031 1554 Regis
1055 1515 1155 1546 Calefii
1171 1525 1245 1553 prae·

45 1560 80 1583 H.
98 1557 126 1584 6.
139 1556 329 1587 m.sentialiter
346 1557 390 1586 exi
417 1564 511 1594 entes,
528 1556 563 1586 ad
579 1556 768 1596 quascumque
782 1556 876 1586 Partes
885 1555 1100 1593 proprias,infra
1108 1554 1245 1593 Regnum

52 1602 95 1622 11.

57 2878 77 2899 *
93 2880 133 2909 X.

59 2919 126 2954 598.

183 1594 274 1632 Regis
288 1595 431 1632 Franciae,
449 1605 520 1625 cum
536 1594 644 1625 Tribus
656 1595 848 1625 Servientibus
867 1595 918 1624 suis
935 1596 966 1625 in
981 1593 1130 1624 Comitiva
1143 1593 1240 1624 suavel

187 1633 274 1672 infra,
294 1633 478 1671 transeundo,

219 1671 258 1702 Et
271 1671 373 1703 abinde
386 1673 416 1702 in
431 1671 541 1702 dieram
556 1670 662 1701 Villam
671 1670 867 1710 Calefii,cum
882 1671 977 1709 Auro,
994 1670 1142 1707 Argento,
1157 1669 1245 1709 &Jo-

185 1710 307 1750 calibus,
322 1721 357 1780 gc
374 1710 473 1749 Equis,
495 1710 611 1748 Rebus,
628 1711 661 1741 δε
677 1710 818 1741 Herneliis
832 1710 885 1741 suis
905 1711 985 1740 licitis
1002 1709 1243 1748 quibuscumque,

187 1758 320 1780 revenien
342 1760 361 1780 o

222 1787 336 1820 Ibidem
349 1772 506 1826 rrlorando,
522 1788 556 1818 &
571 1786 674 1817 exinde
688 1787 781 1818 versus
793 1795 882 1825 partes
898 1788 1038 1825 proprias,
1065 1786 1166 1824 absque
1179 1796 1245 1824 per-

187 1828 349 1858 turbatione
363 1827 408 1858 seu
422 1826 627 1864 impedimento
649 1836 832 1864 quocumque
846 1849 856 1864 ‚
881 1835 949 1856 cum
974 1826 1168 1856 Servientibus
1190 1825 1242 1856 suis

189 1866 347 1904 praedietis,
364 1865 523 1904 redeundog

222 1904 343 1935 Proviso
354 1904 461 1942 semper
473 1902 553 1942 quod
566 1901 860 1941 praedietiJohannes
883 1903 917 1934 &
934 1901 1106 1940 Blaunchet,
1124 1912 1158 1933 ac
1180 1902 1245 1933 Ser-

187 1944 295 1974 vientes
309 1944 349 1973 sui
364 1942 508 1980 praedieti,
526 1942 601 1971 bene
621 1943 655 1973 δε
679 1940 798 1971 honeste
815 1941 841 1972 se
865 1940 984 1972 habeant
1007 1942 1040 1972 ὅ(
1061 1950 1157 1980 gerant
1178 1950 1243 1981 erga

188 1981 305 2020 Regem
320 1983 353 2013 ὃς
370 1981 511 2019 Populum
526 1980 627 2018 suum,

222 2021 260 2052 Et
275 2021 442 2060 quicquam,
456 2019 533 2058 quod
541 2020 571 2049 in
586 2019 676 2058 Regis
690 2029 724 2050 ac
738 2017 865 2049 fidelium
873 2017 1034 2056 Ligeorum
1042 2018 1157 2049 suorum
1165 2018 1244 2050 Prae-

188 2060 328 2098 judicium
335 2059 385 2127 fvel
401 2058 572 2099 Dampnum
585 2060 686 2088 cedere
701 2058 789 2089 valeat
808 2079 818 2096 ,
844 2067 904 2088 non
926 2065 1095 2096 attemptent
1110 2081 1119 2096 ,
1143 2058 1189 2089 seu
1203 2067 1244 2089 at·

186 2107 247 2130 tem
270 2107 319 2129 tari
346 2105 436 2128 aeiant

221 2109 268 2168 ΑΞ
282 2137 360 2175 quod
376 2120 603 2174 ipfi,²existentes
624 2134 653 2165 in
666 2135 802 2173 aliquibus
818 2133 900 2164 Villis
914 2157 924 2173 ,
953 2134 1076 2173 Castris,
1102 2136 1135 2166 ὃς
1156 2136 1244 2167 Locis

184 2174 265 2212 Regi
279 2175 495 2213 obedientibus,
512 2175 685 2212 quicquam,
709 2174 787 2212 quod
809 2182 909 2204 contra
927 2173 1097 2204 Traetazum
1117 2177 1195 2205 Pacis
1202 2175 1243 2215 fi-

182 2214 275 2252 valis,
293 2215 364 2243 inter
379 2212 483 2249 Regna
503 2212 595 2250 Regis
610 2213 632 2242 F
634 2214 737 2244 ranciae
752 2213 786 2243 ὃ(
801 2212 913 2251 Angliae
926 2212 1010 2243 fastae
1032 2214 1066 2244 &
1081 2214 1240 2253 concluiae,

181 2253 285 2283 cedere
299 2252 404 2289 valeat,
423 2261 472 2288 per
485 2251 528 2290 se,
545 2251 590 2282 vel
614 2261 662 2289 per
675 2252 743 2282 alios
757 2273 768 2290 ,
794 2251 886 2289 palam
902 2252 947 2282 vel
963 2253 1096 2291 occulte,
1117 2254 1241 2283 minime

185 2292 302 2330 dicant,
319 2291 456 2328 scribant,
471 2290 517 2321 vel
533 2299 702 2328 procurent,

218 2330 366 2368 Quodque
383 2329 422 2359 illi
445 2330 553 2360 nullum
577 2328 744 2359 Castrorum
760 2351 770 2367 ,
794 2328 1019 2367 Fortalitiornm‚
1042 2330 1087 2360 vel
1103 2330 1240 2361 Villarum

179 2366 274 2406 Regis
290 2369 463 2399 firmatarum
479 2367 681 2407 ingrediantur,
695 2368 798 2406 absque
813 2377 848 2397 eo
864 2368 943 2404 quod
959 2369 1008 2405 ipsi
1026 2368 1171 2406 praesentes
1185 2370 1237 2401 Li-

179 2414 252 2437 teras
267 2407 356 2446 Regis
369 2407 435 2437 salvi
452 2406 623 2437 Conduetfis
640 2407 817 2444 Capitaneis,
836 2405 995 2444 Majoribus
1007 2430 1017 2445 ,
1042 2407 1171 2448 Ballivis,
1189 2409 1234 2440 seu

185 2444 363 2475 Custodibus
376 2445 545 2475 eorumdem
560 2445 688 2482 primitus
701 2444 913 2483 demonstrent,

216 2483 253 2514 Et
269 2484 348 2522 quod
362 2483 429 2522 ipfi,
446 2484 475 2513 in
490 2484 571 2515 dieto
586 2483 692 2523 Regno
710 2484 803 2521 Regis
820 2484 843 2514 F
845 2484 966 2521 ranciae,
984 2483 1147 2523 existentes,
1164 2487 1194 2516 in
1209 2496 1239 2516 a-

179 2521 260 2560 liquo
275 2521 451 2560 Civitatum,
471 2521 659 2560 Castrorum,
683 2522 820 2553 Villarum
838 2522 1009 2553 firmatarum
1026 2547 1035 2562 ,
1062 2525 1106 2555 vel
1122 2525 1240 2555 Fortali-

180 2561 289 2593 tiorum
305 2560 413 2599 Regis,
427 2571 486 2591 non
502 2571 650 2592 morentur
664 2561 732 2591 ultra
746 2570 833 2592 unam
846 2562 1102 2601 noetemtantum,
1119 2563 1169 2593 nisi
1177 2562 1239 2593 fue-

183 2601 220 2630 rit
233 2599 316 2630 caus&⁴
332 2602 424 2636 gravis
438 2599 622 2639 infirmitatis,
637 2609 685 2641 aut
698 2599 755 2631 alia
770 2600 853 2631 causi
865 2600 989 2631 evidenti
1004 2602 1038 2631 &
1053 2601 1203 2642 probabili.

219 2638 308 2669 Teste
323 2639 405 2678 Rege
419 2639 491 2677 apud
506 2639 708 2678 Dogmersjeld,
728 2649 808 2670 nono
824 2639 870 2670 die
887 2639 1036 2671 Oetobris.

911 2718 966 2746 Per
984 2716 1140 2748 Concilium.

357 2862 379 2882 ⁴*
405 2861 464 2895 Ad
486 2861 679 2895 Fernana'um
701 2862 856 2907 Infantem
879 2864 1068 2910 Portugaliae.

38 2955 117 2988 Anu,
129 2956 173 2988 D·
184 2949 240 3004 H
251 2948 385 2986 Enricur,
403 2947 462 2978 Dei
481 2947 598 2987 Gratia,
618 2950 678 2977 Rex
699 2948 812 2986 Angliae
831 2948 869 2983 ὠ
889 2951 1013 2979 Franciae
1028 2973 1038 2989 ,
1055 2949 1093 2984 &
1110 2953 1241 2981 Dominus

61 3003 148 3035 1434-

40 3037 96 3063 An.
113 3045 154 3072 ¹3·

39 3076 75 3100 H.
98 3073 127 3101 6.

211 3023 216 3029 ι
259 2986 420 3025 Hiberniae,
439 2986 539 3030 Illustri
554 2987 587 3017 &
602 2986 709 3017 Nobili
724 2987 794 3018 Viro
830 2989 971 3017 Fernando
994 2987 1107 3028 Infanti
1124 3000 1157 3020 ac
1174 2990 1242 3021 Fra-

183 3031 235 3068 tn,
254 3023 426 3056 Serenisfimi
441 3024 579 3064 Principis
593 3047 603 3063 ,
620 3025 760 3069 'Edwardi
773 3049 783 3064 ,
800 3010 858 3057 bei
868 3025 972 3070 'Gratia
987 3049 997 3064 ,
1015 3030 1091 3065 Regis
1106 3030 1239 3066 Portuga-

182 3060 227 3091 ltae
241 3063 280 3098 (ly
297 3064 446 3104 Algarbzsst',
464 3063 684 3103 Consangumeo
699 3063 798 3095 nostro
817 3064 1109 3104 carlffimo,Salutem
1123 3068 1155 3097 ὅτ.
1172 3068 1243 3099 Pro-

40 3113 99 3138 Pen.
107 3111 171 3142 cler,
182 3100 315 3138 speritatis
324 3104 493 3134 continuum
509 3102 733 3134 Incrementum.

39 3147 101 3176 Pell.

221 3140 385 3172 Revertitur
409 3142 445 3173 de
472 3142 581 3180 Regno
602 3141 702 3172 nostro
725 3140 837 3180 Angliae
860 3142 888 3170 in
915 3141 1013 3173 Solum
1040 3143 1164 3175 Patrium
1188 3147 1244 3177 cir-

181 3180 356 3218 cumspeetae
375 3180 536 3212 Prudentiae
549 3182 602 3212 Vir
618 3179 761 3220 Johannes
775 3181 895 3210 Roderici
908 3180 1000 3212 die‘tus
1013 3184 1152 3222 Trigeyro,
1171 3184 1243 3216 Scu-

99 3217 105 3223 ”
134 3224 137 3227 ’
180 3218 246 3248 tifer
262 3219 297 3250 de
315 3219 416 3249 Domo
432 3215 501 3250 dit‘i‘ci
517 3219 689 3250 Sereniffimi
705 3218 844 3257 Principis
856 3217 948 3256 Regis
963 3219 1128 3260 Portugaliae
1143 3224 1176 3254 &
1193 3225 1244 3255 Al-

181 3257 274 3294 garbii
293 3258 392 3295 Fratris
406 3268 440 3288 ac
457 3257 665 3298 Confinguinei
680 3257 766 3288 nostri
782 3258 989 3296 praecariffimi,

216 3295 363 3335 'Qi,›ut³
370 3297 577 3336 informamur,
593 3305 627 3327 ex
647 3295 796 3326 *Parentela
808 3313 822 3334 ›,
840 3296 962 3327 Generis
984 3296 1118 3329 Claritate
1136 3300 1242 3340 nitida,

184 3331 303 3373 Ortus,
317 3334 426 3374 Habitu
453 3335 490 3365 M
500 3344 511 3365 1
523 3345 545 3366 L
556 3344 567 3365 1
577 3345 600 3366 T
610 3344 622 3365 r
632 3344 664 3366 AE
679 3357 688 3373 ,
719 3342 783 3373 quae
799 3335 830 3365 in
853 3334 962 3373 Regno
983 3335 1154 3375 Portugaliae
1169 3363 1180 3379 ‚
1207 3341 1243 3372 de

184 3370 260 3402 A'vr
269 3382 282 3403 s
296 3375 480 3412 nominatur,
492 3374 614 3413 insigniri
626 3373 741 3407 affectat
749 3396 759 3411 ,

219 3409 290 3441 Nos
303 3413 394 3451 ⁴igitur
409 3412 626 3452 (Oonfiznguinee
645 3412 789 3452 cartffime)
809 3411 1013 3444 considerantes
1028 3437 1038 3453 ,
1065 3423 1150 3453 prout
1171 3419 1243 3448 dieze

184 3446 315 3493 Johanne
329 3451 464 3482 referente
478 3474 489 3490 ,
505 3451 659 3482 didicimus
666 3467 682 3490 r,
695 3450 776 3489 quod
791 3450 883 3482 vestra
897 3452 1044 3483 Nobilitas
1057 3454 1145 3486 diebae
1161 3457 1243 3487 Mili-

181 3493 231 3515 ttae
246 3486 425 3526 Gubernator
441 3490 474 3521 δι
488 3489 618 3521 Provisor
631 3489 723 3520 existit
737 3513 747 3528 ,
765 3497 940 3520 memoratum
959 3490 1118 3529 Johannem
1132 3517 1142 3532 ,
1168 3497 1242 3533 apud

181 3533 237 3554 nos
248 3525 284 3555 &
294 3526 407 3558 nostros
421 3527 584 3563 Mami-itate
598 3529 729 3559 laudabili
751 3528 1075 3568 accircumspeetione-
1084 3534 1203 3570 provida
1215 3535 1242 3565 se

182 3567 333 3600 gerentem
348 3568 570 3604 ,ssquemetiam
593 3567 698 3598 Virum
715 3567 839 3605 probum
858 3568 892 3598 &
912 3569 941 3598 in
965 3570 1077 3608 agendis
1095 3570 1241 3603 strenuum

181 3610 346 3645 reputamus
356 3625 367 3640 ‚
384 3605 457 3642 apud
474 3605 599 3637 vestram
625 3605 819 3637 Nobilitatem
838 3605 1122 3639 Recommendatum
1136 3611 1239 3642 *haberi

184 3639 327 3670 fincerirer
342 3643 496 3674 &oramus
503 3667 512 3682 ‚

220 3677 326 3723 Sicque
340 3701 350 3716 ,
367 3678 479 3721 suorum
503 3682 676 3714 Meritorum
699 3683 732 3714 &
754 3682 853 3713 harum
875 3683 1034 3715 nostrarum
1058 3686 1157 3717 intuitu
1173 3687 1243 3719 Pre-

183 3724 272 3755 cum,
289 3718 359 3746 rdem
371 3712 514 3763 Joffimfes'·
529 3721 627 3752 eadem
642 3721 751 3751 Militia*
766 3743 776 3758 ‚
794 3730 862 3753 cum
877 3722 937 3759 ejus
950 3723 1045 3753 habitu
1060 3734 1093 3754 ac
1107 3725 1243 3757 Praeben-

183 3755 244 3824 “³2’'
255 3755 357 3824 vfstsfz.
369 3755 550 3800 Bemgmtatis
563 3759 674 3791 favente
689 3760 741 3790 fibi
755 3759 858 3790 Gratia
870 3782 880 3798 ‚
899 3759 1029 3791 honorari
1050 3762 1077 3792 se
1093 3765 1244 3800 gratuletur

175 3810 178 3814 ·
231 3803 264 3828 gn
274 3802 375 3834 igniri,
766 3805 768 3807 ·
815 3800 818 3805 '

223 3831 313 3871 Cujus
334 3832 492 3870 Promotio
510 3835 595 3865 nobis
613 3845 730 3873 accepta
747 3836 837 3875 foret,
853 3836 886 3867 &
901 3835 1005 3867 nostrae
1027 3839 1116 3869 menti
1132 3840 1243 3874 cederet

179 3870 220 3901 nd
226 3869 486 3909 :complacent—iam
500 3872 680 3910 slrigl.ll¹c1„1·(÷1!‘i.>

218 3908 419 3942 ›Nobilitatem
440 3910 563 3941 vestram
583 3912 801 3952 (Coussngumee
819 3912 971 3953 carissime)
991 3913 1137 3948 conservet
1159 3919 1244 3951 Altis-

176 3945 316 4016 ⁴1imsus=33t
329 3949 436 3988 dirigat
450 3950 486 3981 'in
498 3954 649 3981 seranum.

246 3995 330 4025 cnpt.

195 4110 197 4114 A
208 4061 295 4093 Dors.

1325 165 1357 206 P
1372 167 1435 210 «υ
1479 166 1511 210 Β
1550 169 1583 209 L
1621 165 1641 210 1
1679 171 1717 214 o
1756 173 1803 215 A.
2302 200 2348 245 ¹3

1292 256 2042 343 mizff‘zs'efflzszzzzzsemeres?2
2058 269 2133 310 aad
2146 271 2483 358 monaste-2³33?-

1646 372 1826 412 Praesentibus
1846 378 1969 407 Dominit
1975 402 1987 417 a
2349 361 2413 387 Hm.
2429 359 2457 384 6.

1329 443 1417 474 Ebor.
1839 450 1912 482 Suff.

1329 482 1466 526 Dunelm.
1838 489 1954 528 Tiptot.

1330 521 1466 552 Lincoln.
1844 528 1962 560 Bathon.
1979 526 2072 563 Cane.

1328 559 1372 588 W
1374 570 1424 590 arr.
1844 565 2004 599 Cromwell
2013 571 2096 600 Thes.

1327 597 1363 628 N
1365 599 1521 630 orthumbr.

1844 607 1887 634 Et
1904 605 2032 638 Custode
2048 608 2151 643 Privati
2166 613 2260 654 Sigilli.

1295 674 2342 701 Ἣ

1605 724 1664 758 Ad
1686 728 1796 773 Regem
1820 729 2005 776 Portugaliae.

1290 807 1506 870 SErenissimo
1526 811 1561 842 ὃς
1583 809 1764 842 Inclitiffimo
1787 811 1912 851 Principi
1929 837 1939 853 ,
1959 815 2103 846 Edwardo
2119 840 2128 856 ,
2156 817 2211 850 Dei
2225 818 2323 852 Gratia

1317 886 1322 892 .
1345 850 1495 885 Regnorum
1510 848 1674 893 Portugaliae
1688 849 1728 884 ὠ·
1743 850 1873 889 Algarbii
1888 855 1970 891 Regi,
1987 857 2120 895 Cepteque
2137 859 2252 888 Domino
2262 847 2342 898 ‚Fral
2357 837 2428 868 Ann'
2444 837 2487 870 D‘

1289 894 1324 933 tri
1342 886 1375 917 &
1392 885 1615 924 Consangumeo
1630 887 1730 932 nostro
1745 890 1945 926 praecariffimo
1955 915 1964 931 ‚
1980 894 2114 923 Henricus
2127 917 2137 932 ,
2155 897 2254 927 eadem
2270 898 2344 930 Gra-
2359 885 2469 940 A¹434'

1289 932 1345 962 na,
1358 926 1424 968 .&c.
1443 925 1570 956 Salutem
1585 928 1619 958 δε
1635 935 1751 957 internae
1766 927 1924 959 dilectionis
1938 932 2106 962 continuum
2120 934 2345 976 incrementum,
2360 925 2468 980 Ηηζςιζ·

1329 964 1447 1007 Litteras
1469 964 1569 1008 vestr3ae
1589 965 1762 1004 Serenitatis‚
1780 977 1868 1004 nuper
1889 969 1974 998 nobis
1995 971 2183 1009 praesentatas,
2203 982 2342 1012 gratanter
2360 974 2390 1017 μ’
2426 975 2433 981 ”

1290 1011 1455 1039 recipientes
1469 1026 1478 1042 ,
1497 1013 1527 1032 in
1549 1002 1669 1040 ipsarum
1692 1004 1759 1034 serie
1780 1014 1915 1036 contenta
1934 1009 2069 1040 nonnulla
2090 1010 2195 1048 Spiritu
2219 1012 2345 1053 moestO,
2375 1001 2428 1055 {⁷²⁰⁴

1289 1040 1394 1078 reliqua
1407 1043 1478 1072 vero
1492 1051 1560 1072 cum
1578 1042 1670 1072 cordis
1687 1042 1832 1085 hillaritate
1849 1044 2012 1084 sucepimus.
2361 1040 2380 1056 “¹

1293 1117 1298 1123 ·
1329 1078 1516 1123 Advertentes
1528 1080 1660 1117 equidem
1681 1081 1791 1118 (Frater
1803 1083 1836 1112 &
1851 1082 2064 1122 Consanguinee
2078 1087 2294 1125 praecariffime)
2312 1091 2344 1122 &

1290 1118 1494 1161 intelli-gentes,
1512 1128 1546 1148 ex
1561 1119 1735 1156 inspectione
1748 1121 1917 1160 earundem,
1933 1123 2114 1154 inclitiffimae
2128 1127 2348 1168 recordationis,

1293 1156 1381 1186 vestri
1403 1156 1548 1188 Genitoris
1570 1157 1714 1196 nostrique
1734 1158 1879 1190 Avunculi
1900 1160 2050 1200 carissimi,
2070 1162 2143 1193 dum
2167 1166 2196 1194 in
2218 1166 2347 1199 humanis

1292 1195 1413 1233 agebat,
1431 1205 1465 1225 ex
1480 1196 1536 1226 hoc
1553 1195 1656 1227 Seculo
1672 1197 1827 1227 transitorio
1840 1198 1874 1228 &
1887 1198 1978 1229 fallaci
1993 1199 2172 1240 Deceffum‚

1329 1232 1419 1271 Cujus
1434 1234 1537 1264 Anima
1553 1244 1699 1271 precamur
1715 1236 1743 1265 in
1757 1236 1840 1266 Sorte
1855 1236 2001 1275 Justorum
2019 1249 2054 1269 ac
2072 1240 2180 1278 Quiete
2197 1243 2330 1281 perpetua

1295 1272 1511 1314 cum-omnibus
1525 1271 1650 1311 Sanetis,
1670 1274 1904 1306 Benedifflonem
1918 1278 2057 1316 accipiat,
2338 1268 2349 1283 ²

1329 1308 1502 1353 Dilectionis
1516 1310 1695 1354 &tCaritatis
1709 1312 1915 1352 finceriffimae,
1931 1324 2017 1354 quam
2039 1325 2104 1353 erga
2126 1317 2210 1357 Nos,
2226 1318 2347 1360 Regna,

1293 1347 1453 1387 Dominia,
1471 1348 1601 1393 Subditos
1609 1372 1620 1393 ‚²
1636 1351 1669 1381 &
1683 1349 1831 1393 subjectos
1845 1352 1954 1383 nostros
1978 1354 2081 1386 assidue
2097 1358 2231 1395 gerebat,
2248 1359 2349 1391 intime

1290 1386 1444 1417 recolentes
1459 1409 1470 1426 ,
1488 1396 1555 1418 tanti
1570 1387 1706 1426 Prmcrpis
1719 1388 1915 1421 Subtraffione
1928 1392 2024 1424 tristati
2040 1417 2050 1432 ,
2066 1393 2222 1432 plurimum
2235 1396 2350 1429 doleba-

1290 1435 1363 1455 mus.

1324 1463 1539 1507 Considerantes
1560 1472 1656 1495 tamen
1676 1465 1755 1502 quod
1779 1466 1951 1499 conditionis
1975 1469 2106 1502 humanae
2122 1474 2273 1510 proprium
2288 1474 2348 1513 est,

1288 1502 1464 1546 utquisque,
1483 1503 1546 1546 post
1561 1503 1641 1541 hujus
1657 1503 1834 1542 AErumpnas
1850 1505 1959 1545 Seculi,
1975 1508 2025 1538 alia
2040 1509 2256 1551 Retributionis,
2266 1522 2349 1550 prout

1286 1541 1339 1584 suis
1353 1541 1400 1571 hic
1417 1550 1517 1576 meruit
1532 1542 1615 1579 gestis
1628 1541 1743 1580 ,Secula
1753 1545 1898 1582 metiatur,
1917 1554 2160 1587 memoratumque
2180 1550 2347 1588 Principem

1289 1578 1559 1611 V1etorios1ffimum
1573 1580 1688 1612 summo
1696 1591 1765 1612 cum
1773 1581 1894 1614 Honore
1903 1584 1935 1616 &
1945 1584 2104 1619 feliciffime
2115 1597 2148 1619 ac
2164 1589 2253 1620 modo
2260 1589 2347 1621 Chri·-

1288 1617 1457 1649 stianisfimo
1471 1618 1744 1658 Obiiffe,s1ngulare
1756 1621 1820 1650 Nos
1834 1620 1978 1652 Gaudium
1992 1624 2080 1654 rursus
2094 1626 2208 1665 invasit,
2223 1628 2347 1665 plenarie

1286 1656 1460 1701 confidentes
1469 1658 1548 1702 quod
1556 1667 1687 1697 tempora
1700 1659 1767 1697 fibi,
1776 1660 1836 1690 tarn
1846 1660 1923 1691 Vivo
1931 1683 1940 1698 ,
1949 1663 2033 1700 quarn
2043 1662 2174 1695 Obeunti
2181 1665 2288 1703 ,felicia
2296 1667 2346 1698 de-

1288 1696 1429 1728 stivanerit
1438 1695 1592 1728 Altislimus
1599 1698 1633 1728 ad
1641 1698 1679 1728 sui
1688 1697 1827 1728 Nominis
1834 1698 1997 1730 inclitisfimi
2006 1699 2141 1732 Gloriam
2150 1703 2183 1733 &
2190 1703 2350 1736 Honorem.

1325 1734 1350 1764 V
1353 1737 1434 1766 erum
1455 1736 1632 1776 (Seremffime
1656 1739 1779 1775 Princeps
1803 1737 1897 1768 Frater
1916 1739 1949 1768 &
1969 1738 2186 1779 Consanguinee
2208 1746 2348 1781 praecaris·

1287 1773 1375 1811 sime)
1396 1774 1431 1804 de
1447 1785 1502 1814 eo,
1518 1775 1595 1815 quod
1615 1775 1705 1807 vestra
1720 1775 1854 1807 serenitas
1869 1776 1938 1807 Nos
1957 1778 2065 1816 insuper
2081 1779 2237 1812 informare
2250 1782 2346 1814 decre-

1288 1814 1345 1850 vit,
1366 1813 1519 1843 Personam
1541 1813 1681 1851 (scilicet)
1701 1813 1792 1845 vestra
1809 1813 2049 1847 minclitislimam
2067 1820 2095 1848 in
2112 1818 2193 1850 Solio
2211 1820 2349 1860 Paterno,

1287 1850 1417 1882 Fratrum
1439 1851 1583 1882 Infantum
1597 1876 1607 1890 ,
1639 1852 1792 1884 Comitum
1806 1876 1816 1893 ‚
1839 1853 1998 1885 Procerum
2012 1879 2022 1894 ‚
2047 1857 2079 1887 &
2101 1858 2219 1889 univerfi
2241 1860 2346 1900 Populi

1287 1891 1400 1920 summo
1414 1900 1483 1921 cum
1497 1901 1613 1929 amore,
1629 1894 1644 1908 ³*
1663 1891 1698 1921 ad
1713 1891 1818 1931 Regiae
1833 1891 2010 1923 Celiitudinis
2022 1894 2142 1933 Fastigia
2157 1897 2345 1937 sublimatam,
2382 1909 2402 1930 ιι
2419 1912 2446 1939 χ
2474 1910 2478 1918 ³

1287 1938 1320 1959 ac
1338 1928 1437 1968 Regna
1457 1930 1541 1959 vobis
1561 1940 1577 1960 a
1600 1929 1734 1960 Domino
1755 1930 1906 1961 commissa
1927 1931 2045 1969 pacifice
2065 1935 2221 1973 gubernare
2235 1959 2245 1974 ,
2262 1934 2345 1968 omrii
2450 1933 2457 1940 ⁶

1286 1968 1388 1998 mentis
1408 1967 1538 2006 applausu
1553 1991 1563 2006 ,
1580 1978 1635 2006 pro
1654 1968 1730 2000 tantfi
1752 1970 1836 2000 vobis
1857 1979 1873 1999 a
1895 1969 2037 2001 salvatore
2058 1973 2158 2003 nostro
2171 1973 2286 2013 desuper
2300 1977 2344 2007 in-
2389 1959 2457 2011 529—

1285 2006 1371 2045 pensa
1387 2005 1506 2043 Gratia,
1523 2006 1579 2037 suae
1594 2006 1738 2045 Majestati
1753 2007 1902 2038 Altiffimae
1919 2009 2046 2040 Laudem
2060 2010 2178 2050 damus,

1325 2044 1455 2076 Eandem
1468 2044 1625 2076 affectuose
1639 2054 1781 2084 precantes
1796 2054 1826 2076 ut
1842 2046 2056 2079 Fraternitatem
2070 2049 2194 2081 vestram
2210 2055 2364 2089 praecari&
2397 2071 2400 2075 ⁴

1287 2082 1389 2114 fimam
1404 2107 1414 2122 ,
1429 2085 1460 2114 in
1480 2082 1564 2114 Pacis
1587 2086 1680 2123 quiete
1703 2084 1903 2124 Incolumem,
1922 2096 1993 2117 cum
2014 2089 2110 2118 omnis
2123 2089 2195 2119 boni
2211 2091 2348 2124 Succeffu

1289 2122 1460 2160 Prosperum
1470 2145 1480 2161 ,
1498 2122 1622 2160 dirigere
1637 2124 1670 2154 ὅ(
1685 2123 1849 2155 conservare
1863 2124 2012 2163 dignetur,
2088 2133 2089 2136 ’

1323 2161 1414 2201 Cujus
1439 2161 1473 2192 &
1504 2161 1571 2192 Nos
1592 2162 1768 2200 Beneplacita
1787 2163 1941 2201 adimplere
1964 2163 2116 2203 gaudentes
2145 2165 2348 2201 Amicitiarurn

1286 2199 1423 2238 Foedera,
1440 2200 1512 2230 inter
1527 2199 1633 2231 vestros
1647 2200 1810 2239 nostrosque
1827 2200 2049 2234 Praedeceffores
2061 2204 2076 2234 a
2089 2204 2185 2242 priscis
2194 2207 2261 2238 inita
2275 2217 2351 2240 tem-

1284 2239 1417 2278 poribus,
1434 2238 1588 2276 opitulante
1604 2239 1764 2277 Altisfimo,
1782 2239 1954 2272 servabimus
1968 2241 2080 2272 illibata.

1324 2277 1391 2308 Dat.
1412 2278 1473 2309 &a
1493 2279 1600 2309 oetavo
1615 2279 1661 2309 die
1681 2277 1879 2317 Novembris,
1896 2279 2003 2318 Anno,
2021 2282 2083 2312 &c.
2097 2282 2155 2320 xiij.

2392 1033 2446 1060 eric.

2360 1069 2408 1095 Pell
2412 1091 2418 1097 .

1318 2353 1429 2424 ggsso
1445 2396 1500 2424 Die
1514 2395 1698 2434 Novembris,
1717 2396 1807 2424 Anno
1819 2392 1928 2423 Decimo
1944 2398 2043 2435 tertio,
2062 2398 2137 2436 apud
2147 2398 2349 2441 Wstmonaste..

1281 2434 1370 2472 rium,
1384 2432 1454 2462 lech
1471 2432 1510 2468 ὠ·
1527 2436 1686 2465 concordata
1699 2435 1757 2474 ficit
1767 2431 1888 2472 presens
1902 2435 1985 2472 Copia
1994 2457 2005 2473 ‚

1637 2508 1822 2550 Fra-sentibus
1837 2511 1966 2540 Dominis
1973 2535 1984 2550 ,

1322 2591 1413 2622 Ebor.
1758 2589 1959 2623 Northumbr.

1324 2629 1464 2660 Dunelm.
1757 2627 1873 2666 Tiptot.
1973 2632 1983 2641 “

1326 2669 1413 2700 Line.
1757 2667 1877 2698 Bathon.
1895 2667 1987 2700 Cane.

1325 2707 1418 2737 Hunt.
1761 2705 1938 2738 Cromewell
1957 2706 2044 2739 Thes.

1326 2746 1425 2777 Warr.
1765 2746 1808 2774 Et
1827 2744 1954 2777 Custode
1973 2747 2078 2779 Privati
2098 2747 2196 2788 Sigilli.

1288 2823 2348 2841 Q

1312 2869 1477 2914 Commiffio
1493 2868 1610 2918 Jacobi
1632 2874 1719 2920 Regis
1732 2874 1889 2906 Scotorum
1908 2872 1944 2907 de
1960 2876 2093 2922 Treugir
2106 2858 2329 2925 Prorogandin

1323 2956 1431 2987 Acobus
1446 2980 1456 2996 ,
1474 2956 1533 2988 Dei
1553 2955 1655 2988 Gratia
1670 2979 1680 2996 ,
1697 2961 1757 2987 Rex
1781 2961 1916 2988 Scotorum
1928 2982 1938 2998 ,
1956 2961 2088 2993 universis
2109 2962 2144 2995 ὃς
2161 2962 2272 3003 singulis
2285 2988 2295 3004 ‚
2312 2967 2345 2999 ad

1282 2962 1311 3033 J
1335 3007 1406 3034 quos
1420 2997 1564 3034 praesentes
1581 2996 1697 3027 Litterae
1710 2999 1905 3037 pervenerint,
1922 2999 2057 3031 Salutem.
2361 2983 2435 3014 Ann'
2452 2982 2492 3015 D·

1323 3035 1475 3065 Noveritis
1488 3035 1567 3074 quod
1576 3058 1586 3073 ,
2376 3031 2463 3064 ¹434·

1324 3074 1370 3104 Ad
1387 3073 1544 3104 Honorem
1560 3097 1569 3112 ,
1590 3072 1719 3104 Laudem
1735 3096 1746 3112 ,
1761 3074 1795 3105 &
1810 3074 2011 3107 Reverentiam
2023 3075 2146 3109 Domini
2160 3076 2246 3111 nostri
2256 3080 2338 3119 Jhesu
2362 3066 2402 3089 (θ’
2433 3072 2473 3098 ¹3-

1287 3112 1413 3151 christi,
1428 3113 1598 3143 immensam
1623 3112 1748 3143 Caedem
1767 3114 1802 3145 sc
1822 3114 1969 3153 Sanguinis
1985 3114 2212 3149 Christianorum
2225 3120 2338 3151 effufio-
2352 3104 2389 3165 ξ
2408 3103 2435 3166 ᾗ,

1285 3162 1352 3182 nem
1367 3174 1377 3189 ,
1401 3161 1466 3190 quae
1488 3150 1662 3181 Guerrarum
1682 3151 1832 3183 occasione
1856 3154 1963 3184 eveniri
1984 3162 2116 3191 poterunt
2131 3179 2141 3195 ,
2163 3167 2214 3194 pro
2235 3159 2338 3189 viribus
2373 3149 2391 3165 x
2434 3148 2466 3166 ”⁶

1284 3190 1439 3228 impedire,
1458 3189 1563 3220 Pacem
1579 3199 1647 3220 curn
1661 3191 1798 3220 omnibus
1811 3215 1821 3230 ,
1837 3191 1934 3222 saltem
1955 3191 2122 3224 Christiana:
2141 3195 2219 3225 Fidei
2240 3195 2342 3227 Culto-
2356 3185 2380 3204 Μ
2397 3189 2409 3204 r

1285 3230 1377 3266 ribus,
1394 3229 1540 3259 observare
1555 3228 1588 3259 &
1602 3229 1801 3260 inviolabiliter
1815 3229 1957 3261 custodire
1970 3253 1980 3269 ,
1999 3231 2159 3270 nostrosque
2175 3233 2276 3272 Ligeos
2288 3235 2340 3267 sub

1278 3267 1404 3334 Juffitia,
1424 3267 1516 3335 Psioe’
1535 3276 1573 3336 aei
1584 3267 1717 3305 perpetus.
1732 3269 1824 3306 quiete
1838 3269 1995 3301 confovere
2011 3270 2150 3309 volentes,

1353 3316 1401 3336 inc
1424 3316 1440 3335 e
1512 3316 1553 3336 uo
1583 3328 1592 3343 ,

1321 3343 1371 3374 De
1384 3315 1525 3374 Fidelitasie
1542 3366 1552 3382 ,
1573 3344 1729 3382 Legalitate
1743 3366 1753 3382 ‚
1771 3343 1909 3377 Industria
1929 3368 1938 3384 ,
1958 3346 2117 3384 Probitate,
2132 3356 2166 3377 ac
2183 3346 2342 3383 Discretio-

1283 3393 1337 3421 ne,
1353 3382 1449 3414 dileeti
1464 3383 1487 3412 F
1489 3383 1628 3413 amuliaris
1643 3383 1792 3414 Servitoris
1807 3385 1914 3423 nostri,
1934 3384 2065 3423 officiarii
2077 3388 2227 3416 Armorum
2239 3391 2339 3421 Snaw-

1285 3422 1356 3451 doun
1368 3421 1432 3452 sane
1447 3420 1641 3459 confidentes,

1322 3459 1416 3497 Ipsum
1437 3469 1536 3490 verum
1557 3461 1590 3490 δε
1612 3459 1805 3491 Indubitatum
1828 3460 2062 3491 Commiffarium
2077 3461 2111 3491 &
2126 3461 2342 3499 Procuratorem

1284 3498 1413 3528 nostr-um
1428 3497 1590 3535 generalem
1605 3500 1639 3530 &
1654 3497 1802 3536 specialem
1819 3499 2025 3536 Depuravimus
2038 3521 2048 3539 ,
2065 3499 2266 3534 Limiravimus
2278 3528 2289 3544 ‚
2307 3507 2340 3538 &

1283 3536 1504 3606 gfff—navim&
1521 3536 1693 3575 Tenoreque
1706 3536 1888 3567 Praesentium
1900 3537 2093 3577 Deputamus,
2110 3539 2296 3582 Limitamus,
2306 3541 2340 3576 ὃς

1320 3586 1330 3605 ι·
1352 3585 1480 3613 mamus,

1321 3614 1430 3644 Dantes
1450 3614 1484 3644 &
1506 3613 1705 3644 Concedentes
1718 3612 1813 3643 eidem
1834 3612 1921 3650 nostro
1934 3613 2071 3652 officiario
2085 3616 2238 3653 plenariam
2254 3619 2337 3651 Pote-

1284 3652 1384 3721 {lgagfim
1393 3675 1403 3692 ,
1422 3654 1455 3697 &t
1471 3652 1645 3684 Mandatum
1657 3651 2103 3694 speciale&generale,Treugas
2114 3656 2147 3686 &
2164 3656 2340 3688 Guerrarum

1360 3697 1478 3721 mennas
1690 3703 1692 3705 ·

1320 3729 1397 3760 Inter
1413 3713 1496 3766 Nos}
1513 3728 1650 3765 Regnum
1665 3750 1674 3766 ,
1693 3726 1794 3757 Terras
1807 3748 1817 3764 ‚
1839 3725 1947 3757 Praedia
1960 3751 1971 3768 ,
1989 3729 2174 3763 Possesfiones
2189 3754 2198 3770 ,
2217 3733 2340 3773 Ligeos‚

1286 3767 1421 3805 Amicos,
1441 3768 1594 3805 Alligatos,
1613 3765 1829 3796 Confirderatos
1839 3787 1848 3802 ‚
1864 3765 2001 3798 Faventes
2013 3790 2023 3806 ,
2041 3770 2075 3799 &
2092 3769 2276 3801 Adhaerentes
2287 3782 2341 3802 no-

1286 3805 1358 3837 stros
1372 3806 1578 3845 quoscumque,
1595 3813 1628 3834 ex
1644 3811 1719 3841 parte
1732 3813 1800 3842 una,
1818 3805 1851 3835 &
1865 3804 2133 3838 Excellentisfimum
2148 3810 2180 3839 δε
2196 3808 2343 3840 Amantis-

1285 3844 1386 3875 fimutn
1407 3844 1657 3880 Consanguineum
1676 3841 1810 3876 ¹nostrum
1832 3844 1991 3874 Henricum.
2004 3845 2119 3882 Angliae
2138 3848 2234 3884 Regem
2248 3871 2259 3885 ‚
2278 3848 2339 3878 Re-

1286 3891 1398 3922 gnum,
1417 3882 1539 3918 Terras,
1558 3880 1715 3920 Dominia,
1729 3877 1932 3921 Ροίῖἒῐῖὶοηεε,
1948 3882 2099 3922 Subditos,
2119 3886 2256 3925 Amicos,
2273 3887 2344 3917 Aui-

1285 3929 1380 3960 gatos,
1398 3919 1638 3957 eonfoederatus,
1656 3917 1807 3957 Faventes,
1819 3920 1858 3951 ·&
1874 3921 2054 3952 Adhaerentes
2067 3922 2129 3954 suos
2137 3923 2343 3964 quoscumque,

1286 3969 1321 3990 ex
1358 3967 1413 3989 arte
1427 3958 1526 3994 altera,
1545 3966 1583 3987 nu
1604 3958 1738 3996 crinitas,
1756 3966 1864 3998 captas,
1881 3959 1986 3997 &jam
2003 3961 2173 4001 pendentes,

1343 3995 1517 4027 ‘ontinuandi
1535 3995 1569 4025 &
1601 3997 1745 4028 nno'vandi

1326 4036 1455 4065 Necnon
1470 4033 1537 4076 ipsas
1550 4034 1680 4072 Treugas
1694 4036 1728 4067 ὃς
1742 4019 1917 4065 Guerrarum
1933 4035 2169 4076 Abstinentiasde
2183 4049 2264 4071 novo
2271 4039 2344 4070 Pro·

1289 4073 1423 4112 rogandi,
1439 4071 1590 4111 Faerendi,
1608 4073 1773 4143 Statuenfili,
1787 4073 1949 4104 Ordinandi
1959 4096 1968 4111 ,
1985 4075 2018 4105 &
2032 4075 2170 4115 Ineundi‚

1759 4120 1773 4149 3
2282 4115 2329 4145 Ac

2337 4140 2347 4155 5
