2555 4266
662 202 775 246 ET
859 201 1126 245 A·CTA
1210 194 1690 239 PU‘BLICA.
2220 203 2272 251 67

1218 290 1263 315 tur
1279 306 1289 319 ,
1314 284 1347 313 δε
1376 284 1403 312 in
1427 283 1537 314 Statum
1560 283 1690 314 debiturn
1716 283 1922 322 Reducantur3
1948 284 2006 323 ipsa
2024 283 2161 315 Amicitia
2179 284 2207 314 in
2225 284 2275 315 suo
2299 278 2425 315 Anni]

1218 321 1342 352 Robore
1357 322 1388 351 ὃς
1409 320 1523 351 Ετῖεθω
1537 322 1644 358 semper
1663 331 1850 359 permanente.
2319 329 2403 361 1475.

1256 358 1363 389 ITEM
1379 382 1388 396 ,
1412 360 1446 389 ad
1466 360 1657 390 inviolabilem
1678 359 1760 389 dicia:
1781 360 1921 390 Amicitia:
1941 360 2157 391 observantiam
2170 383 2179 399 ,
2206 361 2274 391 inter
2298 362 2362 389 Edv.
2380 371 2410 395 4.

1219 397 1366 440 Principes
1383 398 1537 427 antedictos
1557 398 1750 435 Promissum,
1765 398 1971 436 Convenmm,
1986 399 2223 435 Concordamm,
2240 401 2274 430 δε

1221 435 1399 466 Conclusam
1419 435 1460 464 est
1472 459 1480 472 ,
1508 438 1587 471 quod
1609 436 1828 467 Matrimonium
1847 437 2024 467 contrahetur
2041 439 2110 468 inter
2127 437 2277 468 illustrissi-

1221 484 1303 505 mum
1330 474 1494 511 Principem
1519 474 1652 503 Karolum
1667 497 1676 510 ,
1702 475 1771 504 dieti
1797 473 1986 504 Potentiffimi
2010 477 2136 514 Principis
2154 479 2277 506 Franciae

1220 512 1333 550 Filium,
1352 512 1384 543 &
1404 510 1611 542 Serenissimam
1629 512 1788 542 Dominam
1806 511 2016 550 Elizahetham‚
2039 514 2106 544 dieti
2126 514 2277 545 Invjfflffi-

1223 552 1264 581 mi
1290 554 1367 587 Regii*
1390 550 1504 588 Angliae
1520 549 1638 586 Filiam,
1664 550 1734 579 etim
1756 550 1789 579 ad
1810 551 1909 580 Annos
1927 550 2051 580 Nubiles
2073 555 2276 590 pervenerint;

1222 591 1256 620 &
1274 590 1355 628 quod
1373 589 1451 620 idem
1470 587 1657 627 Illastmffimus
1674 590 1794 626 Princeps
1810 590 1964 618 Ludo-vicus
1981 591 2100 618 Franciae
2118 591 2203 634 ipsam
2219 595 2278 621 Do-

1222 632 1322 658 minam
1341 626 1538 658 Elizabetham
1557 637 1572 656 a
1592 626 1697 662 Regno
1717 626 1825 664 Angliae
1841 651 1851 664 ,
1877 636 1931 665 pro
1944 626 2194 664 Solempnisatione
2210 631 2280 667 ejus-

1221 667 1289 698 dem
1311 667 1490 697 Matrimonii
1507 689 1516 704 ‚
1542 665 1570 695 in
1591 664 1719 694 Partibus
1738 663 1862 694 Franciae
1911 663 2075 702 Sumptibus
2093 667 2126 696 ὃς
2146 666 2280 705 Expenfis

1224 707 1344 742 eiusdem
1366 705 1504 742 Principis
1522 703 1665 740 Franciae‚
1683 702 1845 732 honorifice
1892 701 2033 739 onducet,
2054 701 2225 735 Conducive
2241 706 2281 735 fa-

1224 747 1305 783 ciet,
1333 745 1474 782 ipsamque
1492 742 1527 772 ad
1546 741 1690 779 Sexaginta
1712 740 1805 770 Millia
1825 741 1974 771 Librarum
1994 739 2134 771 Redditus
2149 744 2232 773 annui
2253 744 2281 772 in

1225 783 1346 821 Affieta,
1366 782 1522 813 secundum
1540 779 1781 811 Coniuetudinem
1795 778 1893 816 Regni
1910 779 2038 809 Franciae
2075 782 2218 810 annuatim
2231 781 2284 810 do-

1226 824 1315 853 tabit:
1337 823 1370 854 &
1386 820 1466 859 quod
1482 820 1524 850 illa
1542 818 1607 849 Dos
1620 818 1769 857 affignetur
1785 818 1818 848 &
1834 817 1915 847 detur
1930 816 2020 847 eidem
2035 801 2173 848 bominae
2186 828 2285 855 quam-

1228 862 1354 899 primum
1373 859 1428 898 ipsa
1446 859 1480 889 ad
1500 859 1600 888 Annos
1622 857 1748 888 Nubiles
1765 856 1939 894 pervenerit,
1967 855 2021 894 Et,
2047 856 2066 885 fi
2083 856 2227 894 contingat
2244 858 2286 895 ip-

1229 900 1287 930 sam
1304 899 1468 930 Dominam
1487 895 1699 934 Elizabetham,
1724 905 1788 926 ante
1805 894 2016 931 contractum,
2043 902 2074 924 ut
2092 895 2287 934 praemittitur,

1232 937 1452 968 Matrimonium
1470 935 1644 966 antediCtum
1663 933 1760 973 (quod
1777 933 1858 965 Deus
1876 933 2001 969 avertat)
2023 932 2191 971 Decedere,
2210 934 2289 970 quod

1231 985 1301 1007 tunc
1318 979 1388 1007 inter
1404 976 1494 1012 ipsum
1514 974 1678 1011 Principem
1699 971 1833 1002 Karalum
1851 973 1884 1002 &
1904 969 2114 1002 Sereniffimam
2130 970 2292 1001 Dominam

1233 1017 1357 1044 Mariam
1373 1038 1382 1053 ‚
1406 1015 1489 1044 aliam
1509 1011 1657 1050 supradicti
1676 1010 1766 1048 Regis
1785 1010 1898 1049 Angliae
1918 1010 2015 1039 Filiam
2033 1032 2043 1046 ,
2069 1009 2291 1040 Matrimonium

1232 1055 1426 1084 contrahetur:
1444 1053 1555 1090 ipsaque
1573 1060 1588 1080 a
1605 1049 1714 1087 Regno
1732 1049 1841 1088 Angliae
1858 1050 1887 1078 in
1906 1048 2000 1078 Partes
2018 1048 2161 1084 Franciae,
2185 1047 2292 1084 Sump-

1232 1091 1308 1122 tibus
1326 1092 1406 1129 ipsius
1423 1091 1562 1128 Principis
1578 1088 1722 1126 Franciae,
1741 1086 1901 1118 honorifice
1921 1086 2126 1123 Conducetur‚
2145 1086 2178 1117 &
2199 1086 2293 1116 modo

146 1172 149 1175 ,
176 1139 246 1171 Dat.
263 1135 293 1170 iri
311 1143 408 1178 Campo
423 1138 508 1179 nostro
518 1143 598 1178 prope
611 1141 761 1169 Civitatem
776 1136 942 1166 Ambianen.
958 1135 1096 1166 vicesimo
1117 1144 1198 1165 nono
1234 1130 1379 1174 praemisso
1396 1129 1553 1160 Dotabitur
1570 1136 1576 1156 t
1601 1126 1662 1165 Et,
1689 1126 1771 1170 quod
1789 1124 2010 1169 Matrimonium
2036 1125 2214 1169 ant-edictum
2228 1148 2238 1162 ,
2261 1133 2293 1169 ut

137 1178 197 1210 Die
211 1178 348 1219 Augusti,
368 1179 457 1209 Anno
470 1178 593 1209 Domini
611 1186 705 1216 1475,
722 1177 756 1208 &
770 1174 862 1214 Regni
875 1173 966 1205 nostri
986 1182 1029 1212 15,
1233 1168 1411 1206 praediCitur,
1430 1168 1532 1205 absque
1550 1166 1616 1197 fallo
1632 1165 1831 1201 celebrabitur,
1849 1164 1958 1208 praefati
1978 1163 2164 1207 Potentissinii
2184 1162 2295 1201 Angli-,e

1234 1206 1268 1238 &
1286 1206 1412 1237 Franciae
1431 1204 1573 1242 Principes
1592 1205 1620 1234 in
1641 1203 1739 1234 Verbo
1759 1203 1896 1240 Principis
1912 1203 1944 1232 &
1961 1202 2030 1232 Fide
2048 1201 2166 1239 prsestita
2183 1203 2296 1237 promi-

1234 1246 1342 1283 serunt,
1360 1245 1394 1275 &
1411 1253 1528 1282 uterque
1546 1252 1648 1272 eorum
1665 1241 1809 1280 promisit,
1830 1241 1966 1271 omnibus
1985 1240 2036 1270 suis
2052 1240 2157 1270 viribus
2177 1241 2232 1270 suas
2248 1249 2296 1277 ap-

1237 1293 1345 1321 ponere
1364 1278 1468 1313 Manus
1486 1281 1633 1319 adjutrices
1646 1304 1655 1318 ,
1679 1280 1711 1311 &
1734 1290 1803 1311 cum
1823 1278 1930 1310 effesstu
1947 1278 2009 1310 suos
2027 1278 2060 1309 ad
2076 1279 2133 1308 hoc
2152 1279 2295 1309 continui>

1238 1322 1402 1360 impendere
1421 1320 1557 1352 Labores.

0 306 56 328 mn.
68 293 112 326 D.
165 295 303 336 Eptscnpus
318 291 442 332 Alete-ns

0 341 86 374 1475·
165 337 319 366 Dum-iniunt
332 329 369 366 (ἐν
385 332 539 360 comanitas
554 327 698 360 Florentiae
708 349 720 369 ‚-

0 375 46 402 ὢν.
63 382 95 408 4.
163 375 319 404 Dominium
332 368 371 405 ὲ*
387 372 541 399 emunitas
555 369 586 399 de
603 370 692 398 Barna
701 391 711 407 ,

162 410 200 442 Et
212 418 313 441 eorum
326 407 533 439 Consoederati⁴
974 440 979 445 .
1102 438 1107 444 ,

164 447 209 480 Ῑτ
219 456 273 478 ΕΜ
283 469 294 485 ,
308 446 349 477 Illi
364 446 403 478 de
417 447 489 484 Liga
505 445 580 476 Altae
596 444 733 474 Almaniae
747 442 780 473 &
795 441 837 472 mi
853 440 889 472 de
906 438 998 483 Patriii
1021 435 1185 482 Leodienfi,

149 488 177 518 ui
192 487 217 516 se
233 485 445 516 Declaraverint
463 495 516 523 pro
531 481 713 515 illustriffimo
727 481 859 518 Principe
874 478 1018 515 Francue,
1034 479 1066 508 &
1083 486 1112 506 in
1128 484 1185 513 ejus

181 524 330 569 edientiam
346 524 372 554 se
387 524 570 568 retraxerint..
695 558 700 562 η
844 553 868 584 P
887 555 891 560 ,
935 555 940 560 ,

127 556 860 639 ἀεξῗεῖἑῑὲᾞῗῑὶἴὲῑἓΠΈέἑὲηὛέἒῑὲὲἒὲὲἓὲἓἜωτ
870 560 1188 636 ξωὲῗζῖῡέῗῗῗίἳὲἓ

127 639 202 672 velle
213 625 431 677 comprehendi}
449 639 467 669 fi
484 640 512 668 in
526 637 563 667 eis
576 631 781 676 comprehendi
793 631 904 676 velint,¹
913 632 947 662 δε
961 631 1039 661 idem
1053 630 1188 667 Princeps

129 679 207 710 alteri
221 687 347 710 teneatur
359 678 461 709 resen-e
476 675 600 711 Principi
610 694 620 711 ‚
638 680 668 702 iit
683 679 880 708 praemittitur,
897 678 967 701 intra
982 670 1056 701 Tres
1073 669 1188 700 Menses

130 719 266 756 proximo
282 716 347 756 post
363 716 468 747 Datarn
482 712 665 745 Praesentium
675 710 820 748 sequentes
826 732 837 748 ,

168 795 251 834 Quas
267 794 390 832 quidem·
402 793 531 834 Treugas
547 787 690 839 Principes
706 786 872 831 antedicti,
883 785 916 817 ὅ(
943 794 1047 830 eorum
1062 794 1191 832 *uterque

131 833 320 871 promiserunt
346 832 380 862 &
405 827 532 867 promitit
550 849 559 864 ,
586 837 616 857 m
634 825 735 857 &erbo
750 825 887 863 Principis
904 826 937 856 ὃ(
954 835 981 855 ιη
999 825 1075 855 bona
1097 825 1169 855 Fide
1183 847 1193 863 ,

128 873 207 911 juxta
224 871 307 910 Vires
323 867 512 900 Manutenere
530 867 563 897 δε
582 864 778 896 inviolabiliter
790 863 905 895 Servare
919 862 1128 902 observarique
1142 863 1193 893 Fa-

133 920 207 941 cere.

171 984 206 1015 In
223 985 346 1021 quoi-uin
359 982 490 1013 omnium
505 980 539 1011 &
556 976 732 1018 singulorum
745 974 960 1010 Praemifforum
977 977 1075 1008 Fidem
1090 979 1122 1009 ὃς
1132 978 1194 1008 Te-

136 1022 303 1054 stimonium
320 1020 372 1051 hiis
384 1020 565 1059 praesentibus
581 1020 681 1050 Literis
695 1018 795 1050 nostris
812 1017 992 1054 Parentibus,
1012 1017 1104 1048 Manu
1127 1027 1195 1055 pro-

135 1060 195 1100 pria
210 1059 381 1098 subscriptis,
399 1059 542 1099 Magnum
557 1057 688 1098 Sigillum
703 1057 832 1089 nostrum
845 1056 950 1095 apponi
963 1055 1090 1087 fecimus.

818 1259 1035 1291 Enowiian
1056 1258 1094 1288 R.

140 1407 422 1454 Appunb‘iuamenta
441 1403 477 1438 de
493 1405 646 1437 AmIcitia
662 1415 731 1435 cum
750 1402 966 1448 Conslmgut'neo
993 1403 1139 1441 Francia,
1162 1402 1198 1437 &-
1273 1396 1307 1429 In
1327 1407 1451 1437 quorum
1469 1396 1604 1427 omnium
1622 1395 1655 1426 δε
1673 1394 1860 1434 singulorum,
1878 1396 1940 1427 &c.¹

543 1451 579 1484 de
595 1454 810 1484 Matrimonioi
2101 1441 2141 1471 R.
2160 1439 2196 1471 E.

215 1550 278 1602 R.
330 1548 385 1598 E.

0 1679 73 1710 Ans,-
85 1677 126 1708 D,
144 1660 277 1724 REX
297 1663 432 1695 universis
445 1685 454 1702 ‚
481 1661 626 1701 praesentes
650 1654 770 1693 Litteras
790 1661 894 1693 nostras
916 1661 1077 1700 inspecturis
1090 1683 1100 1700 ‚
1127 1654 1206 1691 Salu-

0 1724 109 1791 diff—7¹55
183 1711 344 1773 Cutr‘iimkes
367 1741 439 1770 inter
457 1738 590 1770 secundas
610 1738 699 1769 nichil
718 1739 867 1775 preciosius
888 1739 926 1769 nil
940 1739 1052 1776 dignius
1065 1746 1111 1768 aut
1130 1737 1207 1768 Pace

0 1798 25 1822 g,
49 1803 77 1829 4,
144 1779 307 1825 laudabilius
317 1778 507 1822 existimatur,
525 1777 581 1816 qua
597 1775 684 1807 Cives
697 1779 793 1822 vigent
803 1802 812 1816 ,
826 1777 969 1815 Principes
977 1778 1158 1822 ¹honorant-ur
1173 1776 1206 1807 &

147 1819 347 1856 sublimantur,
362 1817 483 1857 Jaeturis
505 1825 590 1854 atque
610 1813 824 1847 Calamitatibus
841 1817 922 1855 prelii
945 1825 1110 1854 eriguntur,
1125 1825 1209 1846 innu-

1460 1577 1698 1629 Exempltficatio
1717 1583 1833 1614 Litterae
1852 1583 1957 1614 Annui
1973 1581 2088 1625 Cenfits.

1245 1678 1435 1740 HEnricus
1447 1701 1456 1716 ,
1479 1677 1538 1708 Dei
1556 1677 1659 1717 gratia,
1685 1678 1745 1706 Rex
1764 1676 1877 1713 Angliae
1896 1675 1934 1710 (ἐν
1952 1678 2092 1719 Frasrciae,
2116 1676 2155 1711 (5-
2174 1674 2304 1707 Dominus
2325 1682 2400 1713 Αῃῃ,
2411 1681 2455 1713 0,·

1243 1717 1493 1788 salmeg-nliberniae,
1516 1717 1666 1755 omnibus,
1687 1716 1722 1746 ad
1740 1725 1811 1755 quos
1829 1714 1972 1752 praesentes
1992 1713 2095 1745 Literae
2111 1717 2305 1754 pervenerint,
2348 1726 2436 1760 1475,

1280 1779 1479 1826 inspeximus
1496 1794 1602 1824 Literas
1616 1793 1747 1824 Patentes
1765 1790 1896 1823 cariffimi
1915 1789 2124 1830 Consanguinei
2141 1790 2232 1823 nostri
2246 1795 2308 1824 Lu·
2324 1767 2439 1834 27¹4„

0 1835 111 1898 {xrAW
146 1867 281 1895 memque
294 1854 372 1887 Bona
385 1867 400 1886 a
413 1855 490 1886 Pace
506 1854 736 1894 proficiscuntur:
1246 1834 1351 1873 daviti,
1368 1843 1455 1872 nuper
1477 1833 1651 1864 Francorum
1671 1831 1759 1871 Regis
1779 1829 1939 1868 Defuncii,
1958 1830 1986 1859 in
2003 1828 2066 1861 haec
2081 1830 2185 1870 verba,
2325 1843 2365 1866 Ex
2382 1840 2443 1873 Aa<

12 1881 77 1937 ngiil.
189 1898 295 1926 Notum
313 1893 431 1934 finimus
456 1893 562 1931 quod,
594 1893 773 1923 imminentia
803 1893 926 1924 instantis
958 1893 1096 1931 temporis
1124 1892 1210 1923 totius
2326 1885 2391 1913 ΜΨ·

13 3096 33 3118 ⁸
52 3096 122 3128 ΧΠ.

144 1934 360 1965 Christianitatis
384 1931 563 1963 Perfidorum
587 1931 679 1962 Rabie
697 1931 884 1962 Turchorum
902 1931 1030 1963 Pericula
1048 1933 1081 1963 &c
1101 1930 1211 1961 Discri-

145 1974 224 2004 mina
241 1973 350 2003 mature
368 1969 588 2008 contemplantes
599 1992 608 2008 ,
632 1979 700 2001 cum
720 1969 902 2001 serenissimo
918 1970 1052 2008 Principe
1069 1969 1211 1999 Ludovico·

145 2015 268 2043 Franciae
291 2009 512 2048 Confinguineo
533 2008 631 2039 nostro
653 2007 794 2039 cariffimo
815 2009 998 2046 Amicitiam,
1017 2009 1143 2046 Ligam,
1163 2007 1211 2038 In-

145 2050 324 2089 telligentias,
342 2057 425 2086 atque
438 2046 727 2078 Confoederationem
743 2046 896 2085 inivimus,
912 2048 1131 2084 Contraximus,
1141 2046 1212 2076 Per·

147 2089 288 2127 fecimus,
311 2087 511 2118 Convenimus
526 2108 536 2123 ‚
559 2085 593 2116 &
613 2083 815 2116 Conclusimus
830 2109 840 2124 ‚
862 2087 896 2118 ὃ(
915 2097 964 2125 per
983 2086 1135 2116 Praesentes
1153 2084 1211 2115 Ini-

147 2130 229 2164 πως,
248 2126 472 2164 Contrahirnus,
489 2123 674 2162 perficimus,
688 2123 905 2163 Convenimus,
932 2127 965 2157 δε
985 2124 1210 2163 Condudimus,

146 2165 238 2197 modo
257 2165 290 2196 &
309 2163 403 2196 forma
421 2164 451 2194 in
469 2162 602 2194 Articulis
620 2172 685 2201 quae
703 2163 872 2202 sequuntur,

184 2205 326 2243 Qorum
344 2203 447 2235 Tenor
465 2201 589 2241 sequitur
607 2201 640 2232 &
659 2201 701 2232 est
719 2202 795 2240 talis,

185 2280 345 2312 INPMMIS
360 2301 372 2317 ,
398 2277 480 2315 quod
506 2279 578 2310 inter
595 2277 812 2309 Illustrislimum
831 2277 994 2317 Principem
1014 2276 1129 2316 Ang‘liae
1148 2275 1210 2307 Re-

148 2327 215 2360 gem
237 2320 272 2351 «Sc
288 2317 504 2349 serenissimum
521 2315 683 2354 Principem
702 2317 821 2347 Ludovii
828 2329 872 2346 um
889 2320 1010 2347 Franciae
1034 2316 1212 2356 Consangui-

149 2364 236 2389 neum
251 2357 333 2389 suurn
352 2354 620 2399 Cariffimumvera
634 2379 644 2393 ,
671 2355 793 2393 sincera,
817 2356 850 2387 &
869 2356 990 2393 perfecita
1008 2356 1039 2386 sit
1058 2355 1210 2392 Amicitia,

148 2405 164 2426 a
185 2395 260 2426 Data
279 2394 482 2431 Praesentium,
511 2392 578 2424 Vita'i
598 2394 741 2432 utriusque
757 2404 858 2426 eorum
876 2394 1042 2433 Principum
1063 2402 1211 2430 manente,

147 2435 295 2471 duratura
312 2434 350 2465 fic
368 2431 466 2471 quod,
484 2431 618 2475 quamdiu
635 2433 769 2471 vixerint,
788 2433 927 2469 Guerrae,
946 2432 1039 2471 Bella,
1058 2433 1091 2463 &
1107 2431 1211 2462 Hosti-

147 2474 236 2504 litates
262 2475 335 2504 inter
359 2481 408 2502 eos
433 2473 558 2501 omnino
578 2470 737 2502 Cessabunr
755 2494 764 2510 ,
790 2475 892 2510 ymmo
911 2473 944 2503 &
963 2471 1158 2503 Benivolentia
1176 2471 1210 2501 &

147 2509 260 2543 Amore
277 2511 315 2542 Se
333 2511 367 2542 &
386 2509 441 2540 Sua
459 2512 562 2540 mutuo
598 2509 796 2540 ertrae'tabunt.

183 2549 292 2588 ITEM,
317 2547 398 2587 quod
417 2547 546 2585 praefatus
564 2546 763 2578 llustriffimus
784 2549 907 2586 Princeps
922 2550 1046 2577 Franciae
1064 2548 1093 2577 in
1112 2547 1145 2577 &
1163 2546 1212 2577 ad-

147 2590 242 2620 versus
262 2588 398 2620 Subditos
420 2589 500 2624 Regis
524 2586 636 2624 Angliae
688 2587 737 2624 qui
761 2596 830 2617 cum
857 2588 952 2616 Armis
975 2586 1159 2617 invadent&
1180 2587 1209 2615 in

148 2626 257 2666 Regno
275 2627 325 2658 suo
345 2624 472 2665 Angliae‚
496 2625 611 2662 Patrii's,
636 2609 784 2655 ssominiis
798 2625 850 2655 suis
870 2624 1072 2655 Rebellionem
1091 2624 1192 2654 facient
1204 2647 1213 2662 ,

149 2675 217 2702 eum
236 2665 377 2696 succurret
394 2665 427 2695 &
441 2664 550 2702 juvabit
567 2674 573 2693 z
600 2663 637 2694 Et
652 2663 839 2701 pariformiter
857 2662 1051 2694 Sereniffimus
1070 2666 1129 2692 Rex
1145 2666 1213 2692 An-

147 2703 210 2742 gliae
226 2704 256 2734 in
275 2706 308 2736 δε
330 2702 457 2734 adversus
472 2702 607 2733 Subditos
623 2701 693 2732 dieti
711 2702 905 2742 Confiznguinei
923 2701 970 2742 fiii
989 2705 1110 2731 Franciae
1127 2724 1136 2738 ,
1164 2702 1213 2739 qui

152 2753 220 2773 cum
247 2742 342 2773 Armis
362 2740 493 2772 invadent
511 2741 545 2771 &
562 2742 590 2770 in
610 2740 709 2771 Paniis
727 2741 760 2772 &
779 2740 927 2772 Dominiis
944 2741 997 2771 suis
1013 2739 1215 2771 Rebellionem

152 2781 274 2818 facient,
291 2789 358 2811 eum
376 2779 517 2810 succurret
537 2780 570 2810 &
582 2779 701 2818 juvabit.

191 2818 315 2856 ΙτΕΜ,
331 2818 410 2856 quod
430 2826 528 2849 neuter
546 2818 692 2848 diciorum
711 2817 825 2856 Angliae
844 2819 878 2849 &
899 2817 1025 2848 Franciae
1046 2816 1214 2852 Principum

153 2854 301 2889 Auxilium
317 2857 351 2888 &
371 2856 513 2894 juvamen
534 2865 633 2886 eorum
652 2856 761 2887 alterius
779 2856 906 2887 Subditis
921 2880 930 2893 ,
956 2856 992 2887 ad
1010 2864 1113 2886 eorum
1132 2855 1215 2885 Prin-

151 2898 246 2934 cipem
270 2895 364 2926 Armis
390 2893 585 2924 Invadendum
600 2916 610 2932 ,
638 2895 672 2924 δε
697 2894 840 2925 Guerram
857 2903 980 2932 apertam
1000 2895 1028 2924 in
1046 2894 1097 2924 suis
1116 2893 1216 2924 Patriis

150 2936 185 2966 &
196 2934 339 2965 Dominiis
353 2932 481 2964 adversus
496 2941 564 2961 eum
579 2931 739 2962 faciendum
749 2932 924 2970 ,nullatenus
938 2932 1082 2970 impendet
1097 2933 1129 2962 δε
1143 2942 1216 2969 prae-

152 2971 259 3011 stabit3
285 2982 340 3003 nec
368 2971 434 3002 tales
458 2970 593 3001 Subdiros
618 2971 656 3000 iic
683 2970 845 3001 invadentes
860 2995 870 3008 ,
896 2971 925 2999 in
950 2970 1056 3001 alterius
1078 2971 1217 3007 Principis

152 3011 355 3080 ξτπῇυάὶείυῐη
370 3034 380 3049 ,
405 3011 434 3040 in
458 3010 517 3047 ejus
542 3008 640 3040 Patriis
659 3009 692 3039 ὅ(
711 3008 857 3039 Dominiis
875 3010 1031 3047 receptabit
1049 3009 1082 3040 &
1100 3008 1216 3039 sustine-

175 3059 205 3080 it.

192 3088 212 3108 ⁸⁵
231 3082 338 3119 ITEM
353 3105 363 3125 5
389 3087 409 3117 fi
429 3087 577 3126 contingat
594 3085 716 3124 aliquem
735 3085 878 3116 (stilorum
897 3084 1066 3123 Principum
1078 3109 1088 3124 ,
1113 3085 1216 3123 Dolo,

155 3125 332 3164 calliditate,
349 3125 383 3156 &
401 3124 598 3156 lnobedientiii
615 3124 726 3156 Subditi
744 3123 968 3154 Subditorumve
985 3125 1098 3162 alicujus
1113 3134 1215 3154 eorum

154 3174 172 3195 a
191 3164 289 3196 Patriis
306 3167 340 3198 ὃς
359 3164 509 3195 Dominiis
526 3163 578 3194 suis
597 3162 693 3202 (quod
712 3163 792 3192 Deus
809 3162 930 3199 avertat)
951 3163 1068 3201 expelii,
1093 3163 1218 3193 alterius-

156 3212 213 3234 oue
229 3203 400 3234 eorumdem
419 3202 588 3240 Principum
604 3201 698 3233 Partes
717 3211 830 3239 propter
847 3204 904 3239 ejus
919 3201 1091 3232 Succursum
1112 3210 1217 3239 petere,

155 3237 189 3272 ἃ
213 3241 249 3272 de
271 3243 327 3280 ejus
350 3241 418 3278 Ope
441 3250 525 3278 atque
551 3241 668 3271 Auxilio
690 3240 780 3275 ipsum
807 3241 946 3278 requirere
967 3242 1002 3272 &-
1027 3240 1214 3278 inrerpeilari,

253 3290 290 3310 eo
309 3288 378 3311 tunc
395 3279 450 3318 ipse
467 3278 623 3317 Princeps,
650 3279 687 3309 iic
706 3278 866 3317 Requisitus
884 3279 917 3309 δε
937 3277 1126 3317 Interpellatus
1139 3302 1148 3317 ,
1174 3280 1217 3315 ip-

188 3327 218 3347 m
235 3317 397 3356 Principem
416 3318 453 3348 fic
472 3317 624 3355 Expulsum
642 3318 725 3347 omni
744 3327 811 3347 cum
833 3317 1002 3347 humanitate
1019 3318 1154 3354 recipiet,
1183 3318 1216 3347 ὅ(

158 3362 226 3385 eum
249 3363 333 3394 atque
355 3356 417 3387 suos
443 3357 520 3394 juiita
534 3357 608 3386 vires
625 3355 677 3386 suis
696 3355 871 3386 facultatibus
886 3355 1030 3386 sustinebit
1048 3378 1057 3392 ,
1080 3356 1161 3393 seque
1183 3355 1216 3385 ὃ(

157 3393 225 3431 sua,
251 3402 283 3425 ut
307 3392 338 3425 in
354 3395 466 3426 Statum
484 3395 631 3432 proprium
649 3395 682 3424 &
703 3394 851 3431 pristinum
871 3404 1023 3431 reponatur
1039 3394 1072 3424 &
1091 3393 1218 3423 restitua-

156 3438 221 3470 tur,
238 3430 378 3464 Guerram
395 3442 519 3472 apertam
538 3433 688 3471 faciendo,
702 3442 771 3463 cum
786 3434 869 3463 omni
882 3432 1026 3472 diligentia
1038 3434 1070 3463 δε
1087 3431 1217 3463 affectio-

155 3480 193 3501 ne
210 3479 340 3507 exponet.

195 3507 299 3555 Iram,
324 3509 404 3547 quod
421 3518 519 3541 neuter
536 3510 681 3541 dictorum
699 3510 866 3548 Principum
884 3509 986 3547 aliquas
1006 3509 1088 3548 Ligas
1105 3509 1149 3540 seu
1169 3508 1218 3540 In-

158 3547 320 3591 telligentias
343 3547 452 3578 amodo
468 3571 478 3586 ,
503 3558 571 3579 cum
595 3550 692 3587 aliquo
710 3549 818 3580 alterius
836 3559 936 3580 eorum
956 3548 1166 3580 Consoederato
1184 3549 1217 3579 δε

159 3586 301 3625 Alligato,
320 3585 464 3616 contrahet
479 3587 512 3617 &
530 3587 633 3625 faciet,
653 3587 703 3617 nisi
722 3588 794 3624 prius
812 3589 872 3625 ipso
891 3587 1040 3624 Principe,
1065 3596 1134 3617 cum
1155 3597 1216 3625 quo

159 3625 198 3655 sic
215 3623 443 3660 confoederatur,
458 3624 605 3661 superinde
622 3625 753 3656 consulto
771 3627 805 3656 &
824 3627 883 3656 hoc
900 3626 1102 3656 consentiente.

198 3663 335 3706 ITEM&
351 3660 449 3699 quod,
471 3661 541 3692 infra
560 3662 678 3693 Annum
696 3673 712 3693 a
731 3662 810 3693 Data
823 3663 1022 3700 Praesentium,
1044 3673 1091 3700 per
1109 3663 1216 3693 antedi-

159 3702 223 3733 ctos
241 3701 385 3738 Principes
405 3698 496 3728 Nova
513 3699 644 3730 statuatur
662 3700 739 3730 Dte
750 3708 801 3730 ΤΑ
817 3724 828 3738 ,
853 3703 881 3730 in
909 3701 964 3737 qua
989 3711 1092 3731 eorum
1118 3702 1216 3740 Legati

158 3742 193 3772 δε
211 3739 347 3777 Deputati
365 3737 449 3769 talem
465 3734 601 3780 Pecuniae
619 3740 652 3769 &
673 3738 821 3775 Monetae,
839 3740 979 3775 utriusque
995 3739 1087 3777 Regni
1105 3741 1215 3779 Angliae

159 3780 194 3810 &
219 3779 346 3809 Franciae
359 3799 368 3815 ,
396 3774 628 3805 AEstimationem
652 3778 685 3806 &
705 3775 839 3806 Valorem
855 3785 999 3813 apponant
1015 3778 1048 3808 ὃ(
1068 3778 1185 3809 statuant
1206 3800 1215 3815 ,

159 3826 220 3855 quo
244 3817 300 3855 ipsa
325 3816 427 3852 Regna
450 3813 650 3851 di&orumque
674 3815 841 3851 Principum
866 3814 976 3846 Subditi
999 3817 1101 3847 exinde
1125 3817 1215 3853 magis

159 3855 322 3924 &bundare
338 3854 371 3885 ὃς
389 3852 423 3883 ad
447 3861 574 3883 comune
599 3861 701 3882 eorum
726 3851 840 3882 Bonum
864 3852 957 3883 utilius
984 3853 1138 3892 prosperari
1167 3865 1217 3887 va-

201 3902 241 3923 nt.

198 3929 311 3961 ITEM
325 3952 336 3969 ,
361 3929 434 3960 Casu
453 3928 532 3967 quod
548 3927 649 3965 aliquid
664 3950 673 3965 ,
696 3928 724 3957 in
743 3927 796 3958 hac
815 3927 947 3959 Amicitia
968 3931 1216 3967 impraesentiarum

161 3977 329 3999 contentum
340 3991 350 4007 ,
374 3969 487 4007 infringi
505 3967 613 3997 amodo
632 3968 780 3996 contineat
795 3988 804 4004 ,
829 3967 908 4003 quod
926 3978 956 3998 ea
973 3977 1086 4005 propter
1105 3970 1216 4006 praeilita

164 4007 311 4043 Amicitia,
335 4008 408 4037 inter
427 4006 582 4036 antedi&os
603 4004 762 4046 Principe-s,
788 4012 818 4033 ut
837 4007 1029 4042 praemittitur,
1053 4008 1218 4046 contracta,

164 4046 285 4076 minime
303 4044 434 4076 Violetut
452 4045 498 4076 seu
515 4044 694 4081 Rumpatur3
723 4043 768 4072 §td
787 4042 866 4080 talia,
890 4052 988 4073 contra
1008 4044 1114 4075 dietam
1134 4046 1217 4076 Ami-

160 4084 256 4153 citiss'
275 4083 509 4152 Εεβπὲωῗὶῗια,
528 4083 672 4114 maturiori
691 4081 781 4112 modo
799 4090 858 4119 quo
875 4079 935 4112 fieri
953 4084 1056 4120 poterit
1072 4082 1219 4122 Reparen·

237 4133 286 4152 om.
334 4145 340 4151 .
387 4146 393 4152 .
464 4144 472 4153 .

1246 1916 1434 1981 LUdovitus
1448 1942 1458 1958 ,
1488 1919 1546 1950 Dei
1562 1918 1648 1958 gratia
1665 1941 1676 1957 ,
1698 1921 1860 1948 Francorum
1878 1918 1940 1946 Rex
1951 1940 1961 1955 ,
1986 1916 2138 1956 universis,
2163 1912 2311 1956 praesentes

1320 1959 1426 1989 Literas
1442 1957 1622 1995 inspecturis,
1640 1957 1776 1988 Salutem.

1282 1999 1388 2028 Notum
1395 1995 1513 2036 facimus
1531 1996 1612 2034 quiid
1630 1994 1851 2033 Conceffimus,
1877 1994 2080 2031 Promisimus,
2105 1993 2138 2024 ὅτ,
2159 1993 2312 2034 Obligavi-

1249 2045 1313 2066 mus
1332 2036 1416 2073 Nos,
1432 2036 1465 2066 &
1485 2044 1535 2073 pei·
1555 2035 1706 2066 Praesentes
1724 2034 1937 2071 Concedimus,
1956 2032 2174 2072 promittimus,
2191 2034 2225 2065 &
2245 2033 2311 2063 Ob-

1248 2075 1267 2104 li
1288 2085 1365 2106 amus
1391 2073 1460 2105 Nos
1474 2096 1485 2112 ‚
1512 2073 1619 2105 solvere
1636 2074 1669 2105 &
1686 2072 1792 2104 realiter
1810 2074 1843 2105 &
1864 2081 1931 2103 cum
1950 2069 2057 2102 effectu
2077 2070 2232 2101 deliberare
2245 2095 2256 2110 ,
2282 2073 2312 2101 in

1248 2084 1371 2144 Cgivitate
1391 2113 1606 2142 Londoniarum
1627 2112 1656 2142 in
1675 2111 1778 2151 Anglia
1795 2133 1805 2149 ,
1834 2109 2021 2141 Illustriffimo
2040 2109 2168 2148 Principi
2187 2112 2312 2140 Edwar-

1247 2152 1299 2190 do,
1315 2152 1415 2183 eadem
1434 2150 1537 2190 gratia,
1560 2149 1673 2188 Angliae
1690 2152 1772 2189 Regi,
1797 2148 2015 2188 Consanguineo
2035 2147 2133 2178 nostro
2150 2148 2312 2186 cariffimo,

1247 2191 1357 2230 singulis
1381 2193 1458 2220 annis
1472 2212 1481 2228 ,
1509 2188 1573 2220 Vita
1599 2188 1738 2227 utriusque
1764 2187 1898 2219 nostrum
1924 2187 2043 2218 durante
2061 2210 2071 2226 ,
2099 2187 2312 2255 Qinquaginta

1248 2228 1343 2259 Millia
1360 2233 1498 2259 Scutorum
1514 2230 1591 2257 Auri
1609 2228 1801 2265 (unoquoque
1816 2235 1917 2257 eorum
1936 2226 2094 2257 Scutorum
2147 2227 2246 2265 riginta
2258 2235 2314 2256 tres

1247 2278 1370 2337 ‹tinagnos
1386 2265 1479 2298 Albos
1498 2266 1619 2303 valente)
1638 2266 1690 2297 sub
1706 2265 1799 2296 modo
1820 2267 1854 2297 ὃς
1872 2264 1966 2295 forma
1983 2274 2047 2303 quae
2065 2265 2217 2302 sequuntur
2233 2276 2243 2302 3
2269 2263 2314 2295 vi-

1267 2308 1349 2337 elicet

1288 2347 1306 2365 *
1325 2330 1476 2376 Scilvemus
1492 2344 1526 2374 &
1545 2342 1763 2374 deliberabimus
1778 2365 1787 2381 ,
1816 2341 1923 2374 solvive
1938 2340 1972 2371 &
1989 2340 2134 2372 deliberari
2152 2339 2288 2371 faciemus
2302 2363 2313 2379 ‚

1249 2384 1342 2415 eidem
1362 2382 1586 2420 Consanguineo
1605 2381 1705 2411 nostro
1721 2384 1787 2418 Regi
1804 2380 1937 2418 Angliae,
1955 2380 1982 2409 in
2002 2379 2126 2411 Civitate
2142 2379 2312 2417 Londoniae,

1250 2422 1356 2460 Viginti
1378 2425 1490 2462 quinque
1517 2417 1613 2450 Millia
1638 2423 1776 2450 Scutorum
1794 2423 1893 2457 Auri,
1919 2417 2031 2449 Valoris
2048 2419 2081 2450 &
2104 2417 2314 2449 AEstimationis

1250 2462 1411 2499 praedietae,
1430 2461 1456 2489 in
1477 2458 1563 2489 Festo
1584 2458 1695 2489 Paschce
1715 2459 1849 2495 proximo
1866 2457 1981 2495 futuro,

1286 2500 1322 2531 Et
1339 2502 1446 2536 Viginti
1461 2501 1574 2539 quinque
1594 2496 1691 2527 Millia
1706 2500 1846 2526 Scutorum
1864 2499 1940 2525 Auri
1956 2518 1966 2533 ,
1990 2494 2114 2534 ejusdem
2132 2493 2318 2527 AEstimatio-

1248 2540 1292 2568 nis
1309 2540 1342 2570 &
1363 2538 1470 2568 Valoris
1481 2561 1490 2574 ,
1507 2538 1536 2566 in
1557 2536 1643 2566 Loco
1661 2535 1817 2573 praedic'to,
1835 2536 1864 2565 in
1883 2534 1968 2565 Festo
1983 2533 2080 2565 Saneti
2096 2532 2248 2564 Michaelis
2261 2534 2316 2566 Ar-

1249 2577 1376 2615 changeli
1394 2585 1498 2606 exrunc
1519 2576 1654 2613 proximo
1670 2573 1820 2612 sequente,

1287 2615 1323 2646 Et
1343 2615 1397 2652 sic,
1421 2614 1457 2644 de
1477 2613 1565 2644 Anno
1584 2614 1612 2643 in
1633 2612 1753 2643 Annum
1765 2635 1774 2649 ,
1797 2611 1937 2641 solvemus
1955 2611 1988 2641 &
2007 2608 2241 2648 deliberabimus,
2263 2609 2318 2640 sol-

1252 2655 1319 2684 vive
1338 2654 1370 2684 &
1390 2653 1534 2683 deliberari
1552 2651 1688 2682 faciemus
1701 2675 1711 2689 ,
1736 2650 1818 2681 dioto
1837 2649 1951 2679 Confan
1973 2649 2058 2679 uineo
2077 2648 2176 2680 nostro
2193 2672 2202 2686 ,
2230 2649 2317 2680 Loco

1252 2694 1286 2724 &
1305 2691 1451 2723 Terminis
1472 2690 1611 2730 praefatis,
1631 2688 1696 2719 Vita
1712 2689 1853 2727 utriusque
1870 2687 2004 2718 nostrum
2018 2687 2152 2725 durante,
2171 2688 2319 2728 Quinqua-

1251 2735 1331 2768 ginta
1358 2729 1454 2760 Millia
1479 2731 1616 2758 Scutorum
1636 2730 1736 2766 Auri,
1758 2726 1868 2757 Valoris
1891 2725 2046 2762 antedicti,
2074 2726 2108 2755 ad
2125 2726 2218 2756 dictos
2236 2726 2319 2757 Duos

1254 2769 1369 2801 Paschae
1393 2770 1426 2800 δε
1452 2768 1548 2798 δαηᾶἰ
1577 2766 1728 2797 Michaelis
1754 2765 1932 2803 singulorum
1957 2764 2109 2795 Annorum
2138 2765 2294 2795 Terminos
2310 2787 2320 2802 ,

1255 2818 1305 2846 per
1323 2807 1463 2846 aequales,
1479 2815 1511 2837 ut
1529 2806 1724 2843 praemittitur,
1744 2802 1911 2841 Portiones,

1292 2846 1339 2877 Ad
1365 2855 1454 2885 quam
1479 2845 1597 2884 quidem
1623 2843 1803 2874 Solutionem
1851 2841 1969 2872 fideliter
1987 2841 2019 2872 ὃ(
2038 2841 2157 2871 firmiter
2173 2863 2183 2878 ‚
2210 2840 2320 2879 singulis

1255 2885 1364 2923 Annis,
1387 2894 1437 2922 per
1456 2883 1542 2922 Nos,
1566 2887 1598 2913 ut
1615 2882 1778 2919 praefertur,
1794 2865 1861 2911 Vita
1876 2880 2016 2918 utriusque
2035 2878 2167 2909 nostrum
2186 2879 2321 2916 durante,

1255 2925 1396 2954 continuo
1414 2922 1575 2953 faciendam
1590 2943 1600 2959 ,
1626 2921 1821 2957 promittimus
1836 2942 1845 2956 ,
1871 2918 2049 2957 astringimus
2066 2939 2076 2955 ‚
2102 2918 2135 2948 δε
2162 2918 2320 2956 obligamus

1255 2963 1324 2993 Nos
1343 2961 1421 2993 bona
1441 2960 1510 2991 Fide
1529 2961 1561 2991 &
1580 2960 1608 2988 in
1628 2958 1726 2988 Verbo
1746 2957 1861 2996 Regio,
1879 2957 1957 2986 raetis
1976 2955 2121 2993 superinde
2136 2955 2320 2986 SacroliuiCri's

1257 3000 1440 3040 Ewangeliis,
1459 2998 1612 3035 Haeredes,
1631 2996 1821 3033 Executores,
1842 2997 1873 3027 &
1894 2995 2075 3025 Successores
2091 2995 2217 3031 nostros,
2241 2993 2320 3033 Reg-

1256 3049 1326 3070 num
1341 3062 1351 3077 ,
1378 3038 1479 3069 Patrias
1493 3060 1502 3075 ,
1528 3036 1667 3066 Dominia
1682 3058 1692 3073 ,
1717 3035 1749 3065 ὅ(
1776 3034 1853 3064 Bona
1879 3033 1972 3063 nostra
1992 3034 2132 3071 praesentia
2151 3034 2183 3064 ὅτ
2203 3034 2295 3063 futura
2310 3055 2320 3069 ‚

1255 3078 1376 3116 singulos
1401 3076 1537 3107 Subditos
1562 3073 1673 3104 nostros
1696 3082 1779 3112 atque
1803 3082 1902 3103 eorum
1928 3072 2006 3102 Bona
2025 3073 2200 3109 ubicumque
2218 3070 2318 3101 fuerint

1256 3125 1381 3154 reperta,

1293 3155 1331 3186 Et
1348 3155 1382 3184 ad
1402 3152 1533 3182 omniurn
1555 3151 1588 3181 ὅ(
1607 3150 1778 3189 singulorum
1795 3148 2007 3179 Piaemissorum
2028 3148 2196 3178 securiorem
2213 3145 2319 3177 Obser-

1257 3194 1362 3223 vatiam
1382 3191 1552 3229 Obligaiiius
1574 3189 1643 3220 Nos
1660 3189 1709 3220 sub
1727 3187 1825 3219 Poenis
1842 3188 1974 3218 Camei‘ae
1994 3186 2169 3225 Apostolicae
2183 3208 2191 3223 ,
2218 3188 2250 3215 ὅ(
2269 3195 2318 3222 per

1258 3231 1471 3270 obligationem
1489 3228 1525 3259 de
1542 3227 1612 3267 Ntfi.

1296 3270 1360 3307 Ac,
1379 3269 1504 3306 insuper,
1525 3277 1573 3304 per
1593 3264 1761 3303 Praesentes,
1788 3265 1990 3296 Promittimus
2005 3262 2038 3293 δε
2058 3261 2228 3300 obligamus
2246 3261 2316 3292 Nos

1258 3308 1337 3346 quod
1364 3306 1579 3345 procurabimus
1603 3305 1636 3334 ὅτ
1663 3304 1799 3334 faciemus
1823 3304 1991 3334 Societatem
2010 3301 2042 3331 &
2060 3300 2159 3330 Socios
2178 3301 2266 3329 Banci
2284 3301 2316 3329 de

1258 3347 1373 3376 Medicis
1389 3368 1399 3384 ,
1422 3355 1474 3382 pro
1499 3343 1643 3375 antediffls
1664 3343 1873 3382 ,Quinquaginta
1902 3339 2013 3370 Mili-‘bus
2031 3342 2170 3368 Scutorum
2185 3361 2195 3377 ‚
2218 3339 2312 3369 eidem

1257 3385 1477 3423 Consanguineo
1504 3382 1602 3413 nostro
1626 3384 1689 3419 Rege
1720 3380 1832 3417 Angliae
1847 3403 1856 3417 ,
1883 3379 1971 3408 modo
1991 3379 2023 3408 &
2041 3376 2135 3421 sorm'a
2154 3376 2292 3416 praediciis
2307 3401 2316 3416 ,

1257 3423 1457 3454 inviolabiliter
1481 3421 1627 3451 annuatim
1645 3420 1783 3450 solvendis
1800 3441 1809 3456 ,
1834 3418 1930 3447 debite
1951 3415 1984 3446 &
2003 3416 2139 3454 legittime
2157 3415 2287 3454 Obligati
2308 3439 2318 3454 ,

1257 3471 1416 3500 eorumque
1433 3459 1607 3490 Cautionem
1621 3481 1631 3496 ,
1659 3459 1686 3488 in
1705 3457 1820 3492 Scriptis
1838 3457 1890 3485 rite
1908 3454 2052 3491 superinde
2071 3454 2251 3491 confestam,
2278 3455 2318 3484 ci-

1256 3501 1325 3532 dem
1344 3500 1566 3536 Consanguineo
1586 3496 1684 3527 nostro
1703 3494 1821 3533 praestari
1840 3495 1871 3524 &
1889 3493 2031 3522 deliberati
2042 3515 2051 3530 ,
2069 3503 2113 3522 aut
2133 3491 2316 3530 Rescriptum

1261 3538 1461 3577 Apostolicum
1477 3559 1485 3574 ,
1513 3536 1613 3573 Sigillo
1631 3534 1766 3573 plumbeo
1786 3540 1926 3562 munitum
1943 3553 1952 3567 ,
1978 3532 2099 3566 Sumptu
2115 3532 2148 3561 &
2170 3530 2241 3561 [Ere
2260 3539 2315 3560 no-

1258 3579 1317 3608 stro
1337 3579 1485 3613 impetrare
1504 3578 1536 3606 ὃ(
1555 3576 1685 3604 obtinere
1722 3571 1825 3608 ipiique
1843 3568 2024 3599 Sereniffimo
2041 3572 2106 3606 Regi
2123 3569 2251 3607 Anglia,
2272 3569 2313 3597 ci-

1258 3625 1300 3647 tra
1323 3615 1437 3646 Festum
1465 3613 1667 3643 purificationis
1715 3618 1781 3638 eatae
1805 3607 1905 3637 Marici:
1931 3606 2056 3647 Virginis
2082 3610 2217 3646 proximo
2236 3607 2313 3636 futu-

1257 3665 1338 3690 rum,
1359 3654 1386 3682 in
1407 3651 1508 3689 Anglia
1524 3650 1675 3680 deliberare
1690 3647 1869 3676 deliberative
1887 3646 1994 3676 realiter
2011 3645 2112 3676 facere.

1293 3693 1369 3730 Quin
1388 3690 1485 3719 omnia
1502 3690 1534 3718 kk
1554 3686 1657 3721 lingula
1676 3683 1821 3715 Praemiffa
1837 3683 1917 3714 Sedis
1936 3684 2111 3722 Apostolicae
2136 3682 2314 3713 Austoritzte

1256 3732 1459 3761 confirmentur
1475 3750 1483 3765 ,
1507 3725 1635 3762 appositis
1659 3722 1756 3753 Poenis
1780 3721 1925 3753 Interdiffi
1951 3725 1979 3752 in
2001 3721 2135 3761 Regnum
2156 3721 2258 3750 Patrias
2277 3722 2311 3751 <Sc

1257 3769 1397 3799 Dominiti
1415 3765 1508 3796 nostra
1527 3762 1686 3798 antedifta,
1714 3769 1799 3798 atque
1825 3760 2134 3791 Excommunicaitionis
2157 3760 2186 3788 in
2213 3758 2312 3789 Perso-

1256 3818 1321 3837 nam
1343 3806 1482 3841 nostrem,
1500 3802 1518 3831 si
1534 3800 1680 3842 Omnian&
1699 3799 1801 3842 singula
1820 3799 1981 3838 Praemiffa,
1997 3809 2027 3829 ut
2044 3798 2206 3836 praefertur,
2224 3798 2311 3827 mini-

1256 3848 1306 3877 m‘c
1324 3845 1442 3875 servavei
1450 3844 1519 3872 imus
1534 3842 1566 3871 &
1587 3838 1854 3876 perimpleverimus.
2227 3837 2231 3842 ”

1292 3925 1325 3956 In
1353 3931 1474 3961 quorum
1499 3919 1631 3949 omnium
1660 3917 1691 3947 &
1711 3916 1885 3956 singulorum
1911 3915 2125 3946 Praemifforurn
2148 3915 2247 3947 Fidem
2276 3917 2309 3948 δε

1254 3962 1473 3994 Testimonium
1489 3958 1539 3987 hiis
1559 3956 1737 3995 praesentibus
1756 3956 1856 3986 Literis
1876 3954 1976 3985 nostris
2004 3953 2168 3984 Parentibus
2180 3978 2190 3992 ,
2217 3953 2309 3986 Manu

1256 4001 1370 4042 propri-ii
1386 3997 1537 4034 subscriptis
1547 4018 1557 4033 ,
1573 3994 1716 4035 Magnum
1731 3994 1861 4032 Sigillum
1877 3993 2006 4022 nostrum
2022 3993 2125 4032 apponi
2142 3993 2272 4025 fecimus.

1298 4082 1367 4114 Dat.
1386 4080 1414 4110 in
1433 4080 1556 4108 Civitate
1573 4074 1664 4115 nostra
1682 4071 1862 4141 Aminanenfi
1879 4072 1939 4104 Die
1957 4071 2090 4104 vicesima
2108 4073 2184 4104 nona
2203 4072 2310 4140 Megsis

1786 4121 1805 4142 2
2285 4123 2318 4142 u·

2331 2350 2350 2371 ²*
2370 2352 2439 2379 xii,
