2555 4266
36 237 105 267 Ann
134 233 174 264 D.

62 273 147 312 1496.

39 319 103 343 Hert.
127 322 151 347 7.

42 2613 139 2638 *istit

44 2656 108 2683 591.

72 1509 266 1572 ...pi

147 1615 153 1620 .
192 1587 392 1625 Nonagclimo
419 1585 462 1624 Q

193 148 244 190 88
697 130 1274 180 CONVENTIO

194 232 302 264 Christi
320 231 428 263 Fideles
446 228 480 260 ad
495 226 609 258 diiii‘im
632 222 677 255 Ca
697 223 780 254 ellam
795 221 965 253 visitandum
982 231 1019 253 eo
1035 220 1163 252 libentias
1178 218 1261 250 indu-
1299 213 1449 249 Promeffe
1463 223 1518 258 que
1533 212 1578 244 sur
1591 223 1626 244 ce
1640 222 1731 257 avons
1743 212 1830 244 fauste
1844 223 1861 244 a
1874 213 1972 258 nostre
1986 213 2028 246 dit
2043 215 2129 248 Frere
2145 216 2179 248 &
2194 215 2322 256 Cousm,
2339 218 2375 250 &
2392 217 2470 251 Asin.
2483 220 2530 258 D.

1303 265 1366 287 tous
1379 254 1418 284 les
1431 253 1519 284 Poins
1532 252 1566 283 &
1585 251 1705 283 Articles
1721 260 1869 283 contenuz
1886 262 1924 282 en
1939 253 2031 285 icellui
2039 255 2288 295 Appoinstement
2302 256 2376 289 estre
2421 255 2509 299 1496‘

194 281 308 309 cantur,
327 280 386 309 quo
407 278 440 298 ex
466 268 524 297 hoc
549 264 658 295 ibidem
714 271 776 293 ono
797 260 919 293 coelestis
939 259 1050 291 Gratiae
1063 258 1177 290 uberius
1191 268 1264 289 con-

189 311 327 349 spexerint
339 310 365 339 se
380 306 519 344 refectos,
595 342 600 347 ·
657 341 662 346 ·
709 341 713 345 Ι
790 339 794 344 .
1113 337 1118 342 .
1256 335 1260 340 .

231 349 279 380 De
303 345 521 383 Omnipotentis
544 341 603 372 Dei
623 338 812 371 misericordia
827 347 861 368 ac
875 336 1028 367 beatorum
1041 334 1120 367 Petri
1133 337 1166 367 δε
1182 335 1263 367 Pauli

192 388 399 428 Apostolorum
414 384 472 421 ejus
486 381 666 413 Audioritate
682 377 798 416 confifi,
807 378 866 407 tam
880 375 999 413 Septem
1013 373 1175 406 Presbiteris
1191 383 1266 414 prae-

193 428 291 464 dictis,
309 426 397 462 quain
412 423 469 451 aliis
485 422 534 461 qui
549 419 621 449 inibi
635 427 687 457 pro
701 426 831 454 ternpore
845 414 1066 451 celebraverint,
1083 415 1117 445 &
1135 423 1188 452 pro
1204 413 1266 443 Sta-

192 475 223 496 tu
256 464 355 494 ³raefati
453 461 457 465 '

192 506 228 535 ab
241 477 293 533 riae
313 502 394 531 Luce
408 498 585 538 migraverit,
603 505 657 534 pro
674 495 790 526 Animae
805 493 861 524 suae
883 491 978 523 Salute
994 491 1096 522 Deum
1109 498 1265 526 oraverint,

193 544 265 573 illam
288 538 513 577 Indulgentiam,
530 544 616 574 quam
641 535 830 565 consecuntur
851 531 1024 562 celebrantes
1040 539 1092 568 pro
1108 528 1265 558 DefunCtis

192 583 222 611 in
240 579 358 617 Capella
372 577 462 608 Scalae
477 575 557 606 Coeli
575 581 735 613 nuncupata
771 572 802 602 in
813 569 938 601 Ecclefia
955 567 1128 611 Monasterii
1142 567 1265 597 Trium-

193 620 320 650 fontium
341 625 416 647 extra
440 614 544 645 Muros
564 611 676 650 Urbis,
694 596 889 642 Cii'ierciensis
909 607 1028 638 Ordinis
1043 629 1053 644 ,
1079 605 1264 636 Audioritate

192 655 380 695 Apostolica‚
398 653 518 685 Tenore
532 651 738 689 Praesentium,
754 649 809 680 elar
830 649 920 684 imur,
951 681 962 691 Α
1063 683 1068 687 ⁴
1099 683 1104 688 ⁸
1147 683 1152 687 ι
1204 682 1208 687 ι

228 696 265 726 Et
284 695 393 734 insuper
408 693 544 723 omnibus
562 691 596 721 &
610 689 721 729 singulis
735 689 789 719 utri
822 696 878 724 quc
892 684 982 715 Sexus
998 680 1106 727 Christi
1120 681 1264 725 Fidelibus

191 737 260 766 vere
279 732 489 765 Poenitentibus
512 730 546 761 &
560 727 722 766 Confeffis‚
743 727 792 764 qui
808 722 954 762 Capellam
970 721 1137 765 praefinitam
1153 720 1265 759 singulis

192 773 309 805 Diebus
330 771 500 802 Dominicae
517 767 787 808 Quadragesimaea
801 762 906 806 Primis
921 760 1048 803 Vesper-is
1062 760 1146 807 usque
1163 759 1198 789 ad
1214 759 1264 788 Se-

191 812 298 843 cundas
316 810 452 848 Vesperas
465 807 602 838 inclulive
614 805 720 835 devote
735 802 907 833 visitaverint
919 807 1080 835 annuatim,
1098 800 1131 828 bc
1148 805 1178 827 ut
1192 807 1264 836 ρων.-

190 852 280 883 fertur
302 850 466 886 oraverint,
484 847 602 883 Septem
624 843 726 874 Annos
745 842 779 872 &
800 836 1145 882 totidem-Qadragenas
1164 836 1199 865 de
1216 834 1265 866 In-

187 890 298 929 junffis
311 889 350 919 eis
369 885 546 918 Poenitentiis
560 880 777 913 misericorditer
794 879 823 909 in
839 878 977 909 Domino
993 875 1183 919 Relaxamus3

229 927 414 959 Praesentibus
429 924 565 963 perpetuis
577 921 677 951 futuris
690 918 869 956 temporibus
884 916 1045 958 duraturis..
1090 952 1095 957 1
1212 951 1217 956 ¹
1245 951 1250 956 ι

232 967 302 998 Dat.
319 969 410 996 Romae
425 962 499 1001 apud
510 960 640 991 sanilam
656 960 784 995 Petrum,
803 957 892 987 Anno
908 953 1110 985 incarnationis
1122 951 1266 982 Domini-

192 1016 238 1037 cae
263 1004 421 1036 Millesirno
438 1024 447 1040 ‚
473 997 767 1037 Quadringentesimo
781 1017 790 1033 ,
806 992 1025 1039 ‚Nonagefimo
1048 992 1169 1030 quinto,
1196 988 1264 1021 Kal.

194 1044 311 1081 Martii,
332 1038 520 1073 Pontificatus
540 1036 631 1068 nostri
646 1036 736 1067 Anno
749 1043 842 1065 tertio.

655 1112 740 1144 Prii.
761 1121 808 1142 DE
829 1109 1125 1141 PONTEAIRUS.

516 1193 570 1224 Sub
582 1191 648 1222 Filis
655 1190 749 1231 sericis
760 1188 834 1219 rubei
850 1191 980 1228 croceique
994 1185 1104 1216 eoloris.

194 1324 385 1370 Confirmatio
405 1344 415 1361 ‚
450 1319 619 1364 Ratificatio
646 1321 683 1356 (ῥ’
710 1315 896 1364 Approbatio
924 1318 1011 1349 Pacis
1038 1324 1091 1360 per
1121 1314 1264 1358 Egregios

240 1378 375 1407 Proceres
408 1374 445 1410 &r
481 1373 587 1404 Gentes
615 1370 724 1401 Trium
751 1370 898 1400 Stattmm
922 1367 1031 1399 Patriae
1054 1364 1176 1409 Lingua
1200 1361 1264 1393 Oc-

239 1427 350 1456 citam.

287 1508 472 1539 NOMINE
494 1505 694 1541 Domi-11,
711 1502 847 1533 ΑΜΕΝ.

280 1547 367 1577 Αῃηο
390 1545 594 1577 Incarnationis
615 1543 740 1580 ejusdem
760 1540 937 1578 Millcsimo,
957 1533 1264 1580 Quadringentesimo,

454 1585 552 1621 uinto,
571 1584 603 1613 &c
623 1583 670 1610 die
686 1580 770 1619 J0vis
783 1579 924 1610 Intitulata
941 1578 1042 1608 Tertia
1058 1573 1166 1606 Mensis
1182 1571 1265 1602 Mar-

192 1627 241 1663 tii,
261 1623 449 1656 illustrissimo
468 1623 501 1653 8<
524 1619 708 1652 Serenissimo
726 1618 859 1657 Principe
875 1616 1064 1649 &Domino
1079 1612 1178 1645 nostro
1196 1610 1264 1641 Do-

193 1667 274 1695 mino
288 1662 408 1700 Karolo,
429 1662 486 1692 Dei
500 1660 602 1700 gratia,
621 1661 688 1695 Rege
702 1660 867 1687 Francorum
884 1656 1044 1694 Regnante.
1245 1689 1250 1693 Α

230 1703 406 1733 Novem
420 1709 473 1730 NT
501 1705 711 1729 UNIVERSI
738 1705 788 1726 ET
813 1702 1017 1732 urimini,
1036 1691 1182 1730 praesentes
1197 1698 1266 1733 pari-

192 1751 288 1781 terque
312 1741 416 1776 futuri,
438 1739 534 1777 qubd,
554 1738 582 1767 in
609 1733 814 1765 Conventione
835 1734 880 1764 seu
901 1730 1134 1773 Congregatione
1149 1728 1264 1773 'Trium

190 1781 320 1812 Staruum
341 1780 369 1808 in
395 1777 422 1807 V
425 1778 470 1808 illa
492 1773 762 1813 Montispeffullani‚
784 1772 924 1802 Mandato
945 1771 1014 1801 dicti
1029 1770 1156 1800 Domini
1172 1765 1262 1813 ¹¹0.stJ¹

190 1823 354 1849 Francorum
376 1819 452 1853 Regis
475 1814 740 1854 Congregatorum,
760 1811 820 1842 Die
841 1810 933 1841 Lunae
952 1809 1085 1848 proxime
1106 1814 1263 1850 praeterita,

190 1862 200 1891 i
223 1859 254 1889 fis
275 1858 383 1888 Tribus
408 1855 531 1885 Statibus
551 1862 643 1883 totam
670 1850 898 1890 Rempublicam
920 1851 1006 1880 totius
1023 1847 1124 1878 Patri-ae
1141 1845 1262 1883 Linguae

227 1898 347 1929 ccitanae
361 1891 659 1932 Repraesentantibus,
676 1889 758 1920 simul
775 1887 910 1919 stantibus
923 1889 957 1919 &
972 1887 1057 1918 unitis
1071 1886 1101 1915 iri
1119 1883 1192 1914 Aula
1207 1883 1262 1913 Su-

191 1937 296 1976 periori
319 1943 434 1971 magna:
453 1932 555 1963 Looiae
572 1930 630 1961 fitae
651 1938 714 1959 ante
738 1928 825 1959 Fores
846 1926 981 1958 Ecclesiae
999 1926 1090 1956 beatae
1108 1922 1212 1953 Mariae
1226 1922 1263 1952 de

189 1975 313 2007 Tabulis
331 1971 476 2012 praedietae
498 1958 580 2001 Vinae
603 1966 859 2005 Montispeffuiiani
876 1965 982 1997 eisdem
994 1964 1135 2008 Statibus,
1153 1963 1183 1991 in
1199 1962 1264 2000 qui-

189 2015 244 2045 bus
268 2012 433 2043 Praelidebat
457 2010 490 2041 ὅτ.
513 2007 645 2040 Praesidet
665 2004 928 2038 Reverendiffimus
948 2005 978 2034 in
995 2002 1116 2034 Chnsto
1130 2001 1212 2032 Pater
1227 2000 1261 2031 &

190 2053 341 2084 Dominus
362 2049 508 2080 Dominus
528 2045 747 2084 Archiepifiopus
759 2043 943 2085 Narbonenfis
957 2043 990 2074 δε
1007 2041 1129 2078 primas,
1149 2039 1263 2070 fuerunt

213 2091 361 2122 raesentatae
376 2089 493 2119 Litterae
507 2088 564 2118 tam
579 2085 729 2126 Myssoriae
742 2085 827 2124 quarn
843 2083 973 2114 Parentes
988 2091 1038 2119 per
1055 2077 1264 2120 Magnifficum

221 2132 294 2161 irum
312 2128 477 2159 Dominum
491 2123 631 2166 Jacobum
645 2124 678 2153 de
691 2120 781 2153 Belua
794 2122 926 2162 Regium
941 2118 1135 2151 Consiliarum
1151 2118 1185 2149 &
1199 2116 1263 2148 Ge-

188 2169 313 2201 neralem
330 2167 524 2198 Finantiarum
539 2163 685 2195 Praesentis
700 2159 803 2194 Patriae
818 2161 939 2200 Linguae
954 2159 1122 2196 Occstanae,
1232 2195 1236 2201 ·

229 2208 344 2248 Qiibus
366 2206 490 2236 maxime
507 2204 618 2234 Litteris
633 2202 816 2239 Parentibus,
833 2200 949 2239 Magno
965 2198 1061 2238 Regio
1072 2196 1174 2238 sigillo
1189 2195 1261 2235 sigil-

187 2249 262 2285 latis,
281 2246 332 2277 sub
355 2245 467 2276 Contra
491 2243 580 2282 sigillo
602 2240 787 2272 Cancellari-:e
810 2239 873 2270 sunt
898 2239 1013 2277 Alligati
1035 2236 1158 2268 Articuli
1182 2234 1263 2266 Pacis

188 2287 325 2318 stabillitae
351 2285 385 2315 &
405 2283 525 2314 firmatae
545 2283 617 2311 inter
635 2280 783 2320 praefatum
798 2277 1072 2310 Christianiilimum
1090 2275 1260 2306 Dominum

188 2325 318 2357 nostrum
339 2326 500 2352 Francorum
525 2323 638 2357 Regem,
656 2320 690 2351 ἃ,
712 2317 932 2349 Illustriffimum
955 2315 1121 2354 Principem
1149 2313 1259 2344 Domi-

190 2375 259 2394 num
281 2366 428 2392 Henricum
449 2358 604 2397 Anglorum
624 2361 738 2397 Regem,
757 2367 810 2397 pro
823 2356 1027 2387 Consolatione
1039 2353 1210 2385 eorumdem
1224 2353 1258 2385 &

190 2404 374 2434 Subditorum
389 2400 527 2439 utriusque
541 2397 723 2436 Regnorum.

231 2481 360 2521 ⁸Quarum
383 2478 485 2517 quidem
504 2479 679 2506 Litterarum
698 2474 736 2510 ὠ·
755 2473 945 2504 Articulorum
953 2495 965 2520 7
983 2473 1062 2502 diliis
1077 2471 1185 2502 Literis
1200 2467 1256 2499 Pa-

264 2519 381 2547 tentibus
396 2516 603 2554 Alligatorum,
621 2517 733 2544 Tenores
745 2512 915 2554 quuuntur,
934 2523 971 2547 (γ
981 2513 1051 2553 fiant
1066 2510 1136 2541 tales
1142 2533 1154 2549 ,

228 2596 246 2614 *⁸
266 2598 301 2625 A
322 2596 388 2623 Noz
409 2597 504 2623 Amez
529 2592 567 2628 ὠ·
587 2590 692 2622 Feaulx
713 2590 751 2626 &
770 2590 907 2630 Trefthers
923 2589 961 2624 (ῤ’
981 2590 1040 2619 bien
1065 2592 1160 2619 Amez
1181 2586 1219 2617 les

320 2636 391 2663 Gens
409 2633 454 2662 des
469 2635 545 2661 Trois
562 2630 666 2671 Estatz
679 2630 713 2659 de
729 2629 815 2669 nostre
830 2631 904 2658 Paiis
920 2628 952 2658 de
967 2627 1147 2668 Languedoc,

584 2709 629 2736 De
643 2713 697 2744 par
714 2704 738 2734 le
757 2708 823 2745 Roy.

228 2792 295 2819 Noz
314 2791 409 2818 Amez
429 2784 468 2820 ό·
481 2783 586 2815 Feaulx
600 2781 638 2818 ὠ·
653 2781 791 2822 Trefihers
806 2780 844 2817 ὀ·
858 2781 918 2811 bien
937 2782 1050 2818 Amez,

232 2828 308 2858 Poris
333 2837 366 2856 ce
382 2836 435 2863 que
446 2849 455 2864 ‚
476 2834 522 2862 par
541 2823 566 2853 le
585 2821 705 2852 Traiete
718 2822 753 2852 de
768 2821 838 2851 Paix
851 2821 1091 2850 derreinerement
1106 2818 1171 2855 fait,
1191 2825 1260 2855 prez

193 2866 345 2901 Bousongne
360 2864 411 2903 ficr
431 2863 459 2892 la
485 2865 568 2899 Mer,
586 2870 665 2890 entre
683 2869 695 2890 i
707 2859 772 2890 rous
787 2862 820 2891 &
836 2859 931 2890 nostre
947 2856 1088 2889 Trescher
1104 2858 1137 2888 ὃς
1155 2855 1260 2887 Tresa-

194 2915 239 2935 nie
260 2905 341 2934 Frere
358 2906 390 2934 δε
403 2901 513 2932 Cousin
528 2900 552 2929 le
567 2903 621 2938 Roy
637 2898 856 2938 d’Angleterre,
871 2908 942 2929 nous
957 2907 1028 2928 nous
1044 2897 1168 2927 sommes
1185 2894 1260 2925 Sub-

193 2953 246 2973 mis
264 2944 296 2973 ὃ(
318 2942 443 2980 Obligez
466 2941 502 2970 de
522 2939 602 2969 Vous
621 2937 686 2968 faire
707 2936 858 2968 Consentir
881 2937 908 2967 le
931 2936 971 2966 dit
992 2935 1129 2972 Traic‘jae,
1145 2945 1159 2964 a
1184 2932 1260 2963 ceste

191 2982 269 3012 cause
287 2982 319 3011 δε
341 2990 396 3017 que
418 2979 539 3010 desirons
560 2978 670 3007 nourrir
689 2977 721 3007 &
735 2977 886 3007 entretenir
905 2975 1017 3005 Amour
1031 2983 1108 3004 entre
1125 2973 1211 3003 Nous
1226 2973 1259 3002 &

192 3020 288 3050 nostre
307 3020 348 3049 dit
362 3019 462 3055 frere,
481 3019 513 3048 &
531 3015 682 3052 Acomplir
695 3015 730 3045 de
745 3014 840 3045 nostre
856 3014 922 3045 Part
934 3022 997 3043 tout
1011 3022 1045 3044 ce
1060 3023 1114 3052 que
1129 3021 1178 3051 par
1191 3011 1259 3041 icel-

191 3059 229 3088 lui
243 3058 361 3088 Traicie
373 3067 460 3087 avons
475 3054 710 3093 Promys‚Nous
724 3064 775 3084 vos
790 3054 886 3091 prioris
897 3053 962 3083 bien
979 3061 1082 3083 acertes
1097 3061 1153 3089 que
1170 3049 1258 3081 vueil-

192 3096 235 3127 lez
256 3097 396 3127 consentir
417 3096 450 3126 ὅ(
471 3094 550 3124 avoir
574 3102 645 3131 pour
666 3093 811 3129 agreeable
826 3092 932 3132 Icelluy
947 3090 1066 3121 Traicoe
1080 3100 1116 3120 en
1138 3098 1200 3119 tous
1217 3088 1256 3118 ses

190 3136 307 3174 Poiiits,
325 3138 359 3166 &
390 3133 478 3164 Nous
498 3140 629 3170 envoyez
651 3130 747 3160 vostre
770 3131 828 3161 dite
841 3130 1068 3161 Consentement
1081 3138 1118 3158 en
1134 3128 1158 3158 la
1177 3127 1258 3157 meil-

191 3173 265 3205 leure
279 3174 373 3204 forme
393 3174 425 3204 ὃς
443 3172 468 3202 le
484 3169 622 3209 plustoust
638 3178 694 3207 que
706 3179 777 3200 vous
792 3178 933 3207 pourrez,
951 3178 1023 3206 pour
1041 3168 1067 3198 le
1081 3167 1148 3198 faire
1163 3166 1257 3196 Tenir

191 3223 207 3243 a
229 3212 323 3242 nostre
345 3212 385 3242 dit
412 3211 512 3249 Frere,
529 3219 545 3239 a
566 3208 606 3238 fin
624 3217 679 3247 que
705 3207 769 3246 Luy
789 3210 822 3238 &
836 3218 884 3239 ces
897 3208 1042 3246 Subgeetz
1056 3204 1259 3244 congnoissent

192 3260 247 3288 que
272 3250 358 3280 Nous
380 3250 463 3280 &les
478 3248 585 3279 nostres
597 3256 686 3278 avons
699 3246 812 3278 vouloir
828 3247 950 3277 d'Avoir
964 3246 1077 3277 Amour
1089 3253 1159 3276 avec
1173 3243 1236 3273 eulx
1247 3265 1256 3281 ,

194 3291 262 3319 mais
275 3299 310 3319 ne
326 3289 443 3319 vueillez
456 3298 492 3318 eti
509 3297 543 3317 ce
561 3286 651 3316 faillir.

228 3326 335 3357 Donne
350 3339 365 3358 a
378 3330 455 3366 Lyon
472 3327 498 3357 le
514 3324 687 3356 Troisiesme
698 3323 772 3363 Jour
784 3322 819 3354 de
836 3323 958 3355 Fevrier.

511 3401 597 3443 Ainst'
612 3405 708 3440 Signa,

666 3477 872 3510 emanas
902 3465 1077 3507 Dunors.

229 3555 341 3587 charles
351 3580 361 3595 ,
379 3565 425 3592 par
447 3555 469 3585 la
492 3565 575 3593 grace
589 3556 625 3587 de
641 3555 736 3594 D1eu,
750 3559 806 3594 Roy
822 3555 854 3584 de
869 3556 989 3591 Frunce,
1004 3562 1020 3583 a
1033 3559 1094 3581 noz
1110 3550 1203 3580 Ama
1219 3549 1253 3580 ὅτ

195 3595 298 3626 Feaulx
319 3597 352 3626 &
376 3593 537 3626 Treschiers
557 3598 589 3626 ὃς
612 3596 679 3626 bien
703 3595 799 3625 Amez
823 3593 860 3623 les
879 3596 952 3623 Gens
966 3594 1011 3622 des
1024 3594 1100 3620 Trois
1113 3588 1209 3628 Estats
1224 3588 1255 3617 de

196 3634 279 3672 nostre
295 3637 364 3674 Pays
380 3633 412 3662 de
427 3633 602 3670 Languedoc,
620 3634 696 3664 Salut
712 3634 744 3663 δί
761 3633 922 3672 Πίὶεέζίοη.

235 3672 380 3709 Comme,
403 3672 464 3710 puis
488 3680 578 3701 aucun
601 3681 693 3708 temps
719 3681 755 3701 en
782 3681 838 3708 ca,
863 3670 951 3700 Nous
975 3669 1053 3699 aions
1077 3667 1125 3697 fait
1150 3666 1257 3696 certain

193 3710 311 3741 Traiete
329 3712 361 3741 &
383 3709 623 3747 Appoinetemcnt
640 3709 675 3739 de
697 3710 784 3747 Paix,
801 3717 979 3740 concernant
1001 3708 1026 3737 le
1047 3706 1114 3736 Bien
1139 3705 1173 3734 &
1197 3703 1258 3732 Fait

199 3749 269 3779 dela
286 3749 382 3779 Chose
404 3748 545 3785 Publique
561 3748 596 3776 de
610 3748 704 3777 nostre
718 3748 885 3786 Royaume,
904 3755 1042 3784 avecques
1056 3742 1207 3775 Treihault
1223 3742 1256 3772 δε

198 3786 332 3817 'ri-esame
347 3787 430 3816 Frere
446 3787 479 3817 &
494 3785 601 3816 Coulin
617 3784 640 3814 le
654 3788 708 3824 Roy
723 3784 939 3824 d’Angleterre,

232 3823 285 3862 Er,
303 3835 380 3855 entre
402 3834 491 3854 autres
512 3823 641 3858 Choses,
659 3833 676 3861 y
699 3825 776 3853 aions
804 3825 916 3854 Promis
939 3824 1008 3854 faire
1031 3821 1206 3852 Conferrner
1221 3819 1254 3849 &

194 3860 322 3904 Ratiffier
348 3874 394 3900 par
407 3864 444 3893 les
459 3863 541 3893 Gens
556 3862 602 3893 des
616 3861 712 3891 Estatz
729 3862 763 3892 de
778 3862 873 3892 nostre
889 3864 1044 3900 Royaume
1057 3862 1095 3892 les
1113 3859 1200 3889 Poins
1219 3860 1253 3890 ὅ(

200 3899 318 3929 Articles
338 3910 482 3931 contenuz
502 3903 535 3933 ὃς
557 3901 696 3931 declairez
719 3910 755 3929 en
775 3900 870 3930 Icellui
887 3901 1022 3938 Twicie,
1041 3900 1067 3929 le
1082 3898 1203 3928 Double
1217 3899 1256 3928 du

197 3937 261 3974 quel
282 3937 369 3969 Nous
394 3949 541 3977 envoyons
556 3940 665 3970 attache
679 3949 695 3968 a
707 3948 754 3969 ces
769 3938 911 3969 Presentes
925 3939 1016 3969 soubz
1029 3938 1055 3969 le
1070 3936 1256 3968 Contre-Seel

192 3974 228 4003 de
241 3974 334 4004 nostre
348 3977 555 4014 Chaneellerie,

231 4011 269 4042 Et
291 4021 361 4050 pour
383 4024 415 4044 ee
437 4025 492 4052 que
510 4015 582 4057 estes
600 4015 635 4045 de
655 4015 762 4053 present
784 4015 950 4045 Assemblez
972 4025 1007 4045 en
1022 4014 1118 4046 nostre
1130 4014 1202 4046 Paiis
1215 4015 1252 4045 de

195 4049 383 4090 languedoc,
400 4053 431 4083 &
453 4063 508 4090 que
529 4053 652 4084 delirons
674 4054 899 4093 singulierement
924 4055 995 4084 tenir
1010 4054 1043 4086 ὃς
1057 4054 1217 4093 accomplir
1230 4055 1255 4087 la

384 461 490 499 Regis,
508 459 580 489 dum
603 456 703 487 Vitam
724 456 835 486 duxerit
857 455 886 484 in
899 453 1047 490 humanis,
1061 453 1095 483 &
1113 451 1265 495 postquam
1304 459 1324 486 p

1304 126 1504 176 NES3
1580 126 1984 182 LITERAE,

1307 292 1422 325 Gardez
1437 292 1471 323 &
1486 291 1635 322 Observez
1649 291 1725 322 selon
1737 291 1797 321 leur
1814 290 1838 320 F
1839 300 1925 320 orme
1936 292 1971 322 &
1985 291 2122 333 Tenent,

1342 332 1433 363 Nous
1461 330 1595 368 voulons,
1611 329 1693 360 Vous
1711 328 1862 360 Mandons
1886 330 1921 360 &
1942 328 2168 364 Commandons
2188 332 2381 373 tresexpresse*

1305 379 1385 402 merit
1399 379 1455 408 que
1469 369 1564 401 iceulx
1580 369 1703 399 Articles
1716 368 1751 399 &
1766 368 2013 408 Appoinctement
2029 378 2100 401 vous
2113 381 2207 412 voyez
2222 372 2255 403 ὅτ.
2270 371 2379 411 visitez,

1305 411 1339 442 &
1361 409 1474 447 iceulz‚
1492 418 1528 439 en
1549 417 1610 439 tant
1632 417 1688 445 que
1705 417 1720 437 a
1736 417 1809 438 vous
1821 406 1881 443 est,
1899 403 2098 447 Confermez,
2114 407 2251 442 Ratiffiez
2267 410 2301 442 &
2316 411 2379 450 Ap-

1326 457 1451 485 rouveZ,
1468 447 1502 478 ὃ(
1517 447 1555 477 les
1570 445 1929 484 Observez,nEntretenez
1941 444 1974 475 &
1991 444 2127 486 Gardez,
2143 449 2203 480 saris
2216 458 2233 489 y
2249 449 2317 481 faire
2328 459 2378 481 au-

1306 497 1364 518 cun
1380 485 1595 517 RestrinCiions
1609 495 1650 516 ou
1664 484 1834 522 Difficulte,

1342 525 1380 555 Et
1394 526 1429 555 de
1445 534 1480 555 ce
1493 524 1582 555 Nous
1598 533 1730 563 envoyez
1748 523 1859 554 Lettres
1873 521 1909 552 de
1923 520 2122 554 Ratiffican'on
2136 535 2173 557 en
2188 524 2296 558 Forme
2308 527 2381 559 deue

1304 562 1339 594 ὃ(
1359 563 1559 606 audientique,
1576 572 1649 600 pous
1668 563 1764 593 icelles
1786 571 1912 602 envoyer
1934 561 1968 591 &
1993 560 2125 594 satisfaire
2147 574 2164 595 a
2183 563 2209 594 la
2230 562 2380 598 Promeffe

1304 611 1362 640 que
1377 611 1467 632 avons
1480 601 1564 631 farere
1579 611 1595 631 a
1609 600 1705 631 nostre
1720 601 1762 631 dit
1780 601 1803 630 F
1806 610 1867 631 rere
1881 601 1914 631 δε
1930 599 2059 639 Cousin,

1342 639 1382 671 Et
1397 639 1513 670 Gardez
1528 649 1584 678 que
1598 649 1634 669 en
1647 649 1682 670 ce
1697 639 1765 670 n’ait
1781 639 1936 678 faulte,car
1952 639 1990 670 tel
2004 638 2045 669 est
2059 638 2156 672 nostre
2169 639 2273 671 Plaifir.

1303 753 1310 782 l
1339 714 1450 746 Donne
1475 725 1492 746 a
1505 718 1579 745 Lion
1598 715 1624 745 le
1637 713 1806 759 Huytiesme
1818 714 1892 753 Jour
1907 715 2040 760 Peurier‚
2058 716 2126 747 l'An
2143 716 2180 748 de
2196 715 2296 749 Grace
2306 717 2380 750 Mil—

1302 753 1562 823 ÷}ei(7}13}1txr1{cens,
1579 754 1774 793 Quatrevings
1796 754 1830 784 &
1857 754 1997 794 Quinze,
2015 757 2049 788 &
2071 755 2108 787 de
2128 755 2224 787 nostre
2237 755 2342 797 Regae
2353 758 2382 792 le

1339 871 1398 913 Pnr
1418 868 1442 900 Ie
1463 873 1518 910 Roy
1535 893 1545 909 ,
1572 869 1779 908 Monseigrieur
1800 868 1825 900 Ie
1853 869 1994 901 Cardinal
2012 869 2045 902 de
2065 874 2146 903 Saint
2169 870 2252 904 Malo
2305 884 2380 908 vous

1306 906 1428 939 Maistre
1444 911 1539 939 Pierre
1551 909 1583 938 de
1597 909 1772 949 courthardy
1789 908 1941 949 Advocat,
1960 911 1995 942 &
2009 918 2099 942 autres
2113 909 2239 943 Presens.
2267 897 2278 914 ³

1892 986 2219 1021 Rosea-rer.

1303 1065 1315 1076 '
1341 1062 1463 1103 Philipus
1476 1064 1508 1095 de
1521 1066 1671 1096 Crevecuer
1685 1066 1818 1095 Dominus
1834 1062 1881 1093 des
1894 1063 2024 1103 ρων-Δει-
2036 1063 2075 1101 &
2089 1065 2121 1096 de
2136 1068 2250 1108 Lammy
2266 1067 2381 1100 Mares-

1307 1103 1395 1148 callus
1413 1104 1540 1135 Franciae
1566 1104 1787 1135 Locumtenens
1811 1103 1844 1135 &
1866 1100 2060 1142 Cappitaneus
2082 1103 2231 1136 Generalis
2252 1105 2382 1138 Domini

1306 1141 1397 1185 nostri
1418 1143 1510 1180 Regis
1532 1143 1562 1173 in
1583 1143 1635 1173 suis
1656 1141 1754 1173 Pattiis
1768 1141 1889 1173 Arthefii
1905 1143 1939 1174 &
1956 1141 2096 1174 Picardiae
2111 1154 2146 1174 ac
2161 1143 2250 1176 Miles
2266 1144 2307 1176 sui
2319 1146 2380 1177 Or-

1307 1180 1398 1220 dinis,
1414 1184 1572 1212 Ludovicus
1593 1183 1626 1212 de
1644 1180 1789 1211 Hallewin
1802 1180 1954 1212 Dominus
1968 1181 2004 1212 de
2016 1181 2138 1213 Piennes
2147 1204 2158 1221 ‚
2172 1182 2329 1224 Franciscus
2343 1185 2378 1216 de

1300 1222 1389 1260 Caqin
1413 1220 1561 1251 Dominus
1583 1221 1619 1251 de
1643 1220 1802 1258 Dourrier,
1821 1219 1980 1258 Radulphus
1994 1220 2027 1250 de
2040 1223 2140 1251 Launo
2177 1220 2326 1254 Dominus
2339 1223 2377 1255 de

1304 1257 1471 1299 Morviller‚
1493 1260 1617 1298 Milites,
1637 1258 1797 1290 Consiliarii
1817 1259 1851 1290 &
1873 1256 2070 1298 Cambenani,
2085 1259 2128 1299 Jo
2148 1271 2233 1291 annes
2253 1261 2379 1303 Dauffay

1303 1296 1487 1329 Consiliarius
1506 1300 1539 1331 ὅ(
1565 1297 1705 1338 Magister
1726 1296 1942 1336 Requestarum
1966 1297 2114 1338 Hospitii,
2137 1299 2380 1341 Ambaffiatoree,

1303 1336 1504 1380 Procuratores
1517 1339 1550 1368 δε
1564 1335 1724 1368 Commissi
1737 1338 1766 1366 in
1780 1337 1834 1367 hac
1849 1345 1927 1375 parte
1940 1335 2116 1368 Sereniffimi
2127 1348 2161 1369 ac
2176 1337 2380 1370 Metuendiffi-

1305 1385 1347 1405 mi
1366 1375 1509 1415 Principis
1530 1376 1659 1407 Domini
1673 1375 1762 1406 nostri
1780 1375 1913 1413 Supremi
1926 1375 2043 1415 Karoli‚
2062 1376 2123 1408 Dei
2136 1378 2242 1417 gratia,
2258 1379 2378 1408 Franco-³

1303 1423 1364 1457 run»
1380 1418 1458 1459 Regis
1475 1414 1727 1454 Christianiffimi,
1742 1416 1880 1446 omnibus
1895 1415 1928 1446 &
1943 1415 2072 1455 fingulis‚
2089 1416 2236 1456 praesentes
2256 1416 2379 1449 Litteras

1306 1456 1486 1492 inspecturis,
1506 1454 1644 1485 Salutem.

1342 1492 1463 1523 Notum
1478 1495 1598 1524 facimus
1617 1492 1715 1531 quod,

1341 1530 1424 1562 Cum
1443 1534 1556 1571 potiora
1575 1531 1743 1562 mortalibus
1765 1530 1841 1561 dona
1861 1539 1877 1561 a
1897 1530 2012 1570 Superis
2033 1531 2105 1564 tradi
2123 1537 2266 1573 nequeant
2285 1533 2374 1573 quam

1305 1569 1382 1600 bona
1399 1570 1498 1610 Pacis,
1517 1572 1550 1602 &
1573 1571 1665 1608 longo
1687 1569 1802 1601 Rerum
1818 1570 1868 1600 usu
1881 1580 1914 1601 ac
1929 1571 2039 1603 ratione
2054 1572 2164 1611 semper
2175 1574 2328 1612 cognitum
2346 1572 2380 1604 fit

1305 1607 1412 1653 Pacem
1435 1610 1491 1640 esse
1512 1610 1669 1641 Summum
1693 1608 1760 1639 illud
1785 1609 1819 1640 &
1840 1609 2021 1649 praecipuum
2037 1609 2148 1642 Munus
2158 1612 2237 1651 quod
2250 1612 2380 1643 humano

1303 1654 1400 1685 generi
1421 1648 1584 1679 conducere
1607 1658 1709 1686 queat,
1726 1647 1842 1686 satisque
1856 1657 2046 1688 compertum
2060 1649 2092 1680 sit
2107 1659 2179 1688 quot
2194 1649 2380 1682 calamitates

1305 1688 1338 1716 &
1362 1685 1537 1725 AErutripnae
1555 1688 1658 1730 paflim
1673 1688 1690 1716 e
1706 1685 1786 1716 Bello
1800 1687 1983 1725 exoriuntur,
2002 1697 2074 1727 quot
2088 1691 2159 1719 vero
2175 1689 2304 1720 comoda
2318 1688 2379 1720 Pax

1305 1734 1380 1756 certa
1397 1728 1428 1755 δε
1445 1727 1547 1756 stabilis
1564 1726 1689 1763 undique
1701 1724 1822 1756 attulerit
1822 1746 1839 1769 Α,

1339 1763 1451 1794 Idcirco
1476 1765 1561 1803 Nos,
1579 1772 1719 1804 quantum
1740 1762 1852 1794 fruetus
1871 1762 1905 1793 &
1929 1762 2053 1795 utilitatis
2068 1764 2196 1797 Franciae
2211 1767 2244 1798 &
2264 1766 2377 1806 Angliae

1303 1801 1476 1842 Regnorum
1492 1805 1510 1822 *
1528 1802 1633 1834 Incolis
1649 1812 1683 1833 ex
1710 1801 1785 1846 Pace
1803 1801 2014 1845 &Ait-uicina,
2032 1803 2150 1835 antehac
2165 1806 2238 1835 inter
2251 1805 2378 1843 ipsorum
2397 1811 2413 1828 ⁰
2434 1811 2495 1842 XII

1302 1841 1475 1882 Regnorum
1501 1841 1597 1882 Reges
1617 1843 1650 1873 &
1675 1840 1818 1879 Principes
1841 1848 1916 1870 initis
1941 1840 1974 1872 ὃ(
2001 1843 2175 1881 contradus,
2199 1845 2377 1883 accreverit,
2394 1859 2463 1888 594.
2498 1834 2508 1843 ’

1303 1881 1389 1918 plene
1406 1882 1625 1920 cognoscentes,

1341 1920 1411 1950 Nos
1424 1930 1476 1958 pro
1489 1920 1569 1951 ἀίἑὶο
1582 1918 1764 1951 Sereniffimo
1772 1917 1907 1956 Principe
1923 1917 2022 1949 nostro
2033 1921 2198 1950 Francorum
2212 1923 2282 1959 Rege
2290 1920 2379 1952 Chri-

1304 1958 1472 2001 stjaniffimo
1499 1959 1665 1997 antediCto,
1683 1957 1789 1995 suisque
1806 1956 1979 1988 Haeredibus
1993 1959 2026 1989 ὃς
2045 1958 2275 1998 Succefforibus,
2291 1969 2379 2000 atque

1302 2006 1362 2035 ejus
1383 2000 1416 2030 &
1439 2009 1539 2028 corum
1560 1998 1697 2028 Nomine
1722 1996 1920 2036 Auctoritate,
1933 1995 1994 2032 &a
2018 2003 2050 2026 ut
2059 1997 2163 2036 supra,
2179 2002 2208 2028 in
2221 2002 2327 2029 Literis
2342 2000 2377 2029 de

1303 2036 1515 2078 confirmatione
1528 2037 1676 2067 TraHatus
1690 2038 1761 2065 Dat.
1778 2035 1854 2074 apud
1864 2034 1990 2074 Stapulas
1999 2035 2087 2075 fiaepra
2101 2039 2202 2076 Mare,
2216 2041 2306 2068 Tertio
2319 2041 2377 2068 Die

1303 2077 1488 2155 Noejenmy's,
1508 2081 1595 2107 Anno
1617 2079 1729 2105 Domini
1744 2074 1902 2114 Millefimo,
1917 2075 2210 2116 Qadringentqsimo,
2227 2076 2379 2117 Nonagesi-⁴

1303 2125 1344 2145 mo
1373 2127 1435 2146 ecun
1456 2127 1478 2146 o.
2362 2116 2364 2118 ’

1339 2195 1454 2236 Quibus
1478 2204 1527 2235 per
1544 2194 1694 2234 praefatum
1720 2192 1890 2225 Dominum
1911 2193 2146 2234 Archiepistopum
2167 2194 2375 2235 Narbonensem

1303 2244 1373 2265 cum
1395 2236 1494 2266 debito
1515 2234 1640 2265 Honore
1661 2233 1814 2272 Receptis,
1832 2234 1909 2264 illico
1920 2233 1998 2270 jussit
2012 2235 2128 2265 Litterae
2141 2235 2286 2274 praedidtae
2299 2234 2377 2265 Mis-

1303 2275 1382 2305 soriae
1406 2275 1559 2306 Leeturam
1585 2274 1644 2304 fieri
1667 2283 1716 2312 per
1738 2273 1900 2312 Egregium
1917 2271 2023 2303 Virum
2036 2272 2206 2305 Dominum
2220 2272 2376 2304 Gabrielem

1302 2313 1334 2343 de
1359 2315 1406 2343 La
1422 2325 1435 2343 e
1453 2314 1567 2352 Legum
1587 2312 1753 2343 Doctorem
1766 2312 1889 2343 alterum
1902 2319 1937 2342 ex
1952 2309 2187 2344 Procuratoribus
2199 2312 2288 2344 diaae
2302 2321 2377 2353 prae÷

1303 2352 1388 2383 sentis
1401 2325 1508 2384 Patriae
1523 2351 1646 2396 Linguae
1660 2351 1827 2389 Occitanae,

1340 2391 1411 2429 Qua
1433 2390 1525 2430 facia,
1541 2391 1665 2429 illiulque
1681 2400 1816 2428 percepto
1828 2388 1965 2428 Tenore,
1983 2387 2094 2420 Gentes
2108 2389 2256 2421 distorum
2267 2389 2376 2421 Trium

1301 2431 1434 2462 Statuum
1444 2454 1453 2470 ‚
1471 2440 1520 2471 per
1542 2429 1697 2469 Organum
1713 2430 1821 2467 praefati
1836 2431 1950 2458 Domini
1963 2428 2148 2468 Narbonenfis
2164 2438 2264 2460 eorum
2276 2429 2376 2460 Praefi-

1302 2470 1411 2508 dentis,
1429 2470 1524 2501 eidem
1540 2468 1677 2500 Domino
1695 2467 1824 2498 Generali
1842 2466 2089 2506 Respondendum
2101 2470 2258 2505 duxerunt,
2272 2468 2376 2506 quibus

1304 2508 1374 2539 Visis
1396 2510 1429 2540 &
1445 2508 1539 2540 Leffis
1555 2508 1639 2538 dietis
1656 2507 1770 2538 Litteris
1786 2507 1951 2538 Patentibus
1966 2507 1999 2537 &
2014 2506 2147 2537 Articulis
2159 2506 2266 2537 eisdem
2282 2506 2375 2546 alliga-

1302 2549 1336 2578 tis
1344 2571 1354 2586 ,
1365 2548 1490 2580 facerent
1507 2556 1570 2585 quae
1582 2547 1715 2577 deberent
1730 2547 1760 2576 in
1776 2545 1920 2583 sequendo
1931 2544 2038 2582 praefati
2051 2543 2179 2576 Domini
2187 2543 2276 2576 nostri
2284 2547 2376 2576 Fran·

1300 2597 1389 2617 corum
1402 2590 1481 2624 Regis
1496 2587 1608 2616 bonum
1623 2584 1697 2615 Velle
1710 2585 1743 2615 &
1760 2583 1951 2621 Mandatum,

1339 2625 1379 2657 Et
1399 2626 1606 2664 consequenter
1624 2647 1634 2662 ,
1660 2623 1737 2654 dicta
1757 2622 1816 2652 Die
1838 2621 1985 2660 praesenti,
2009 2620 2122 2653 Gentes
2140 2621 2288 2654 dictorum
2310 2621 2374 2653 Sta-

1302 2674 1385 2696 tuum
1395 2687 1405 2702 ,
1424 2664 1486 2695 visis
1509 2663 1652 2703 praedicstis
1664 2662 1779 2694 Litteris
1792 2661 1958 2692 Parentibus
1970 2661 2005 2691 &
2023 2660 2173 2700 Articulis,
2189 2662 2247 2692 illis
2259 2670 2295 2692 ue
2307 2660 2374 2691 sane.¹

1302 2703 1466 2740 intelleftis,
1485 2701 1694 2733 considerantes
1708 2699 1790 2738 quod
1803 2699 1862 2730 Pax
1877 2710 1892 2730 a
1907 2697 2008 2737 Priscis
2021 2699 2226 2738 Prosopoperia
2264 2699 2311 2731 6ὶέ
2324 2699 2374 2730 Fi-

1301 2742 1338 2773 de
1363 2741 1498 2772 comitat-Ci
1522 2741 1686 2771 describitur
1702 2748 1767 2778 quae
1782 2739 1862 2768 laetos
1880 2738 1972 2768 reddit
1985 2737 2128 2777 Populos,
2143 2738 2213 2777 Qa
2230 2738 2376 2771 mediante

1303 2780 1334 2810 fit
1348 2780 1425 2819 quod
1441 2781 1617 2819 promittitur
1632 2787 1717 2816 atque
1732 2776 1958 2816 dicitur,estque
1971 2776 2084 2808 Rerum
2099 2776 2286 2809 Publicarum
2293 2777 2375 2808 Fun-

1303 2819 1488 2858 damentum,
1509 2818 1564 2857 quii
1586 2817 1702 2856 quidem
1723 2816 1798 2847 Pace
1819 2817 1857 2846 nil
1872 2815 2068 2854 Mansuetius‚
2085 2815 2316 2856 nilJocundius‚
2332 2815 2374 2846 nil

1304 2858 1462 2889 Amabilius
1477 2858 1617 2898 explanari
1632 2854 1744 2894 potest,
1760 2855 1859 2893 estque
1873 2855 1919 2886 illa
1934 2855 1990 2885 sola
2005 2864 2070 2893 quae
2086 2856 2195 2894 peperit
2217 2856 2374 2894 Qiietern,

1302 2897 1335 2927 &
1355 2907 1390 2928 ex
1403 2907 1457 2936 qua
1477 2905 1520 2927 tot
1534 2897 1568 2928 &
1583 2904 1658 2927 tanta
1672 2894 1750 2925 Bona
1766 2895 1939 2932 proveniunt
1956 2903 2021 2932 quae
2035 2895 2074 2924 ne
2088 2894 2146 2924 dici
2158 2904 2213 2925 nec
2232 2893 2373 2932 explanari

1302 2936 1434 2974 possunt,
1453 2936 1560 2966 merito
1572 2934 1729 2973 Cupientes
1740 2933 1847 2964 dietam
1864 2932 1974 2963 Pacem
1989 2931 2046 2963 esse
2060 2931 2372 2972 Sempiternam2illam

1302 2975 1335 3004 δε
1357 2976 1456 3006 omnia
1471 2975 1499 3004 iri
1515 2975 1593 3013 supra
1605 2973 1748 3011 descriptis
1761 2971 1896 3003 Articulis
1908 2971 2061 3009 descripta,
2079 2978 2232 3008 contenta,
2250 2971 2284 3002 δε
2298 2972 2373 3002 inter

1301 3013 1394 3044 dictos
1422 3013 1616 3044 Sereniffimos
1644 3010 1740 3051 Reges
1763 3010 1809 3041 seu
1831 3020 1933 3041 eorum
1960 3009 2176 3040 Ambaxiatores
2198 3008 2374 3049 Conventa,

1300 3061 1354 3089 pro
1376 3052 1438 3090 ipsis
1458 3053 1492 3083 &
1513 3061 1612 3082 eorum
1634 3052 1664 3081 in
1677 3050 1820 3081 infinitum
1833 3049 2048 3080 Succefforibus
2062 3046 2263 3078 Habitatorum
2281 3049 2370 3080 ἀῑᾶκ

1301 3090 1404 3121 Patriae
1417 3090 1588 3128 Occitanae,
1609 3090 1762 3128 quathinus
1774 3099 1822 3119 eos
1837 3089 1943 3126 tangit,
1962 3085 2233 3125 Confirmaverunt,
2252 3087 2371 3126 Appro-

1302 3130 1457 3166 baverunt,
1477 3128 1734 3166 Ratifficaverunt,
1749 3129 1782 3159 &
1804 3127 1924 3159 Tenore
1944 3123 2085 3162 praesentis
2106 3123 2289 3157 instrumenti
2303 3132 2370 3166 per-

1300 3170 1390 3206 petuo
1408 3168 1525 3199 valitura
1541 3167 1733 3198 Confirmant,
1751 3165 1921 3197 Ratifficant
1933 3165 1967 3195 &
1983 3163 2172 3202 Approbanr,
2188 3165 2217 3195 in
2231 3164 2369 3196 Praemis-

1299 3207 1387 3246 sisque
1410 3207 1547 3237 omnibus
1567 3206 1673 3236 didiam
1694 3204 1800 3235 Pacem
1823 3202 2060 3235 concernentibus
2071 3211 2173 3233 eorum
2185 3204 2370 3242 praebuerunt

1299 3246 1333 3276 δε
1355 3246 1483 3289 praebent
1505 3244 1671 3289 Affensum,
1692 3243 1897 3288 Promittentes
1917 3242 2003 3272 etiarn
2027 3249 2076 3280 per
2088 3241 2167 3285 'ipsos
2190 3242 2224 3273 &
2242 3242 2368 3282 ipsorum

1298 3284 1477 3366 nisis:
1493 3280 2267 3366 SdAfficirsser52‘3‘0sssesssaeffi
2278 3281 2370 3360 3523

1299 3370 1327 3390 in
1344 3360 1474 3392 futurum
1491 3370 1587 3398 quaVis
1602 3359 1762 3390 Occasione
1774 3360 1820 3390 vel
1835 3357 1930 3389 Causa
1944 3356 2168 3388 Contravenire:

1337 3398 1386 3428 De
1408 3400 1511 3436 quibus
1526 3399 1660 3428 omnibus
1675 3398 1807 3428 univerfis
1822 3399 1855 3429 &
1871 3397 1983 3434 singulis
1996 3395 2139 3434 praedietis
2152 3396 2240 3428 diet-ae
2254 3396 2367 3429 Gentae

1298 3436 1443 3477 dielorum
1464 3437 1572 3467 Trium
1596 3436 1726 3466 Statuum
1748 3438 1888 3474 petierunt
1908 3436 1941 3466 &
1966 3434 2169 3472 requisiverunt
2185 3444 2218 3467 ac
2234 3434 2293 3467 fieri
2310 3447 2366 3467 vo-

1296 3475 1416 3544 Ιιιεη-ιιπιξΥ
1423 3475 1579 3544 {ut-ilicum
1598 3473 1825 3506 instrumentum
1841 3483 1890 3514 per
1907 3473 1975 3503 Nos
1990 3472 2130 3504 Notarios
2146 3473 2259 3513 Regios
2270 3475 2367 3514 publi-

1294 3522 1390 3545 cosin
1417 3524 1430 3544 a
1443 3522 1556 3552 criptos.

1331 3591 1406 3635 Acta
1421 3591 1534 3622 fuerunt
1550 3591 1614 3621 haec
1629 3590 1728 3621 omnia
1742 3588 1875 3628 praedii&
1891 3590 1921 3619 in
1935 3588 2010 3620 dicta
2023 3589 2101 3620 Villa
2121 3589 2366 3630 Montispeffldlam‘

1296 3631 1329 3661 &
1349 3629 1420 3660 infra
1435 3630 1536 3660 Aulam
1550 3631 1721 3667 superiorem
1736 3629 1822 3660 distae
1839 3628 1941 3667 Logiae
1959 3638 2003 3659 ma
2025 3639 2070 3659 riae
2087 3628 2363 3668 Montispefliillani·

1297 3668 1432 3699 Tcstibus
1445 3667 1887 3714 praesentibus,Honorabilibus
1899 3667 1974 3698 Viris
1984 3637 2107 3706 ‚ssfacobo
2121 3667 2144 3698 d
2147 3653 2366 3704 ’Anhang-'alf

1297 3719 1358 3737 cone
1377 3707 1409 3736 de
1427 3706 1584 3737 Falcombus
1594 3730 1603 3746 ‚
1623 3709 1730 3745 Cipirno
1754 3705 1906 3750 Monacho,
1922 3705 2032 3736 Milano
2049 3705 2148 3746 Caffitn
2160 3707 2222 3737 aliis
2238 3705 2362 3745 Sandra,

1298 3745 1509 3776 Mercatoribus
1531 3746 1734 3776 habitatoribus
1757 3745 1843 3776 ‹1161ae
1864 3744 1946 3776 Villae
1967 3744 2238 3782 Montispeffuilani,
2263 3744 2298 3776 &
2313 3754 2363 3778 me

1295 3783 1430 3828 Stephano
1446 3783 1586 3827 Pascfluerii
1601 3784 1730 3815 Notario
1743 3784 1777 3816 δε
1793 3783 1950 3815 Secretai-io
1963 3783 2087 3814 Domini
2102 3781 2190 3813 nostri
2203 3781 2309 3824 Regis,
2325 3793 2362 3816 ac

1298 3821 1443 3866 Grefferio
1457 3822 1563 3852 Trium
1576 3822 1706 3853 Statuum
1721 3822 1822 3853 Patriae
1838 3821 1957 3861 Linguae
1973 3821 2125 3852 Occitanae
2134 3842 2145 3859 ,

1333 3861 1396 3899 Qui
1422 3860 1457 3890 de
1480 3859 1629 3891 Praemissis
1649 3862 1786 3901 omnibus
1806 3860 1840 3892 &
1867 3860 1982 3898 fingulis
2001 3860 2047 3890 Re
2069 3859 2160 3890 uifitus
2173 3881 2184 3898 ‚
2206 3861 2262 3891 una
2290 3871 2361 3893 cum

1298 3899 1431 3945 Discreto
1454 3898 1527 3929 Viro
1549 3899 1693 3937 Magistro
1714 3898 1862 3930 Anthonio
1881 3898 2032 3929 Salamonis
2068 3897 2167 3927 ublico
2180 3896 2363 3932 Auctoritate

1298 3938 1393 3982 Regia
1414 3936 1541 3967 Notatio
1560 3939 1594 3969 &
1619 3936 1740 3969 Dornsis
1756 3935 1927 3968 Consulatus
1941 3937 2023 3968 Villae
2037 3934 2296 3973 Montispeffullani
2310 3938 2361 3970 Se-

1295 3975 1703 4059 fssiifssffssziffiffiassersuffifissi
1720 3974 2362 4054 33ffi²‚23{i?ssaegffiaiisuscniissi,pffliia¹ii¹ff

1295 4055 1329 4087 &
1345 4063 1374 4083 in
1388 4052 1462 4084 hanc
1477 4053 1620 4090 publicam
1632 4053 1773 4092 formam,

2323 4090 2362 4119 In

2393 302 2458 327 Hen.
2475 307 2502 335 7.
