2555 4266
1568 116 1974 174 LITERAE,

176 141 253 173 112
682 116 1492 167 CONVENTIONEs;

24 215 156 246 Ἀηη-Ῑ).
218 212 265 246 Ad
280 213 436 245 Honorem
454 211 534 250 ipsius
547 210 662 243 Summi
674 210 749 249 Dei,
766 220 800 242 ac
814 209 984 242 Christianae
991 208 1072 243 Fidei
1088 210 1253 242 Incremen-
1291 212 1523 251 quemcumque,
1544 205 1614 248 vere
1635 204 1682 248 vel
1705 206 1843 243 praetense
1853 229 1863 245 ,
1884 205 2107 239 Malefaciorem
2121 207 2314 246 arrestaverit,
2331 207 2375 240 at·
2389 201 2523 239 Ahn.D,·

46 256 132 294 1462.
181 263 261 291 tum,
281 254 314 284 ὃ(
333 261 364 284 ut
380 252 524 290 Populus,
541 251 642 282 Nobis
653 250 804 286 Subditus,
823 249 1167 282 Excommunicationum
1183 249 1256 280 Poe—
1296 247 1477 281 tachiaverit‚
1494 252 1629 280 tenuerit,
1648 245 1864 275 incarceraverit
1875 269 1886 283 ,
1903 246 1950 276 vel
1962 246 2140 286 custodierit,
2155 248 2189 279 &
2203 248 2241 279 fic
2258 246 2374 278 Aresta-
2412 244 2499 283 1462.
2520 254 2528 260 ·

24 295 92 322 Eiiv.
111 305 139 329 4.

22 3025 38 3041 ⁸
62 3026 115 3054 XI.

22 3073 92 3099 495·

182 303 230 322 nas
250 294 283 324 &
305 291 441 322 Ecclesiae
464 288 602 321 Censuras
619 290 727 320 cautius
739 290 768 319 in
785 288 914 319 futurum
928 289 1050 327 evitare,
1068 299 1102 320 ac
1117 289 1255 328 Regnum

182 330 316 362 nostrum
331 330 382 360 sub
397 328 472 365 iustis
487 329 529 359 Le
549 329 612 359 ibus
624 329 736 359 amodo
751 327 927 366 prosperare,
943 327 1070 366 valeant,

220 369 305 408 Nos,
323 369 360 398 de
373 368 475 399 Gratia
489 371 540 399 noi
555 367 584 398 ra
597 367 723 406 speciali,
742 367 776 398 &
791 374 826 396 ex
840 375 923 397 mero
939 375 1020 397 motu
1035 366 1151 404 nostro,
1169 365 1257 396 Dedi-

180 419 238 438 mus
254 410 286 440 &
309 406 496 446 Conceffimus,
515 417 547 438 ac
569 416 621 444 pto
644 406 760 441 Nobis,
778 403 965 443 Haeredibus,
984 408 1018 437 ὃς
1039 404 1256 436 Succefforibus

179 446 298 485 nostris,
317 447 444 485 praesenti
459 445 547 477 Carta
566 444 663 476 nostra
678 442 922 486 confirmavimus,
941 443 1154 475 venerabilibus
1166 443 1258 474 Patri-

180 487 231 517 bus
240 508 250 524 ,

738 559 869 598 Johanni
889 558 1071 598 Lincolnienfi
1076 581 1086 597 ,

740 601 783 628 W
783 597 892 628 illielmo
910 597 1016 637 Elienfi
1021 621 1030 636 ,

738 639 849 673 Georgia
865 635 1018 676 Exonienst
1025 658 1034 672 ,

736 675 867 714 Johatmi
889 672 1074 715 Lichfeldenst
1093 671 1132 709 &
1147 676 1253 703 Coven-

774 721 836 743 tren
848 723 857 740 1

735 713 874 790 Johangi’
883 749 1069 791 Landavenfi
1075 774 1085 789 ‚

735 790 867 828 Johanni
882 789 1036 828 Cicestrenfi
1041 812 1051 828 ,

735 829 853 858 Roberto
873 827 1039 868 Menevenfi
1046 851 1056 866 ,

735 870 890 897 Laurentio
909 866 1101 905 Dunolmenfi,

736 905 773 935 Et
787 905 917 944 Johanni
932 904 1118 943 Karltolensi,

737 943 886 983 Episcopis
896 955 907 982 3

179 564 288 593 Thomae
307 562 498 604 Cantuarienfi
504 585 514 602 ,

180 602 220 633 Et
241 601 390 632 Willielmo
408 601 548 640 Eburum,

180 641 410 681 Archiepiscopis
427 650 433 669 :

178 680 288 711 Thomae
305 677 489 719 Londonienfi
496 701 506 715 ,

179 721 223 749 W
222 718 332 749 illielmo
351 721 514 752 Wimmzien
526 728 534 744 ι
543 740 553 755 ,

178 757 311 796 Johanm'
326 756 460 796 R⁰ffinfi2

179 796 312 836 Johanni
332 794 528 834 Wigorni'enfi,

179 836 296 866 Ricardo
315 838 431 871 Sarum,

176 874 287 905 Thomae
303 870 484 911 Bathonienfi
494 868 533 905 ὦ·
552 868 679 909 PVellenfi
687 892 697 907 ,

179 913 304 945 Waltero
319 908 488 977 Norwicffli
496 932 505 947 ,

177 952 309 991 Johanni
323 948 442 988 Herefor
475 946 516 985 nst
522 969 532 986 ,

179 991 285 1031 Jacobs
302 985 468 1026 Bangorerfi
476 1008 486 1025 ,

215 1065 421 1104 Univerfisque
443 1074 477 1096 ac
499 1060 610 1102 singulis
628 1060 775 1098 Praelatis,
792 1060 968 1097 Abbatibus,
987 1058 1144 1097 Prioribus,
1161 1060 1252 1088 Deca-

178 1111 239 1145 m's,
259 1104 489 1141 Archidiaconis,
508 1101 689 1141 Officialibus,
712 1099 916 1138 Cmnmiſjariss,
936 1098 1105 1136 Rectoribus,
1123 1100 1152 1127 V
1152 1101 1255 1136 icariis,

179 1148 214 1178 ἃ
237 1155 340 1176 eorum
352 1142 585 1179 Successoribus,
604 1140 785 1176 Presbitcris,
804 1137 976 1175 Capellanis,
995 1147 1028 1168 ac
1044 1137 1178 1167 omnibus
1193 1136 1254 1166 Cle-

177 1188 240 1214 τίείς
252 1186 280 1215 in
297 1184 388 1215 Sacris
404 1181 563 1212 Ordinibus
580 1178 756 1214 constitutis,
774 1186 889 1207 necnon
905 1176 1040 1217 Religio-fir
1057 1175 1180 1215 Personis
1203 1176 1251 1213 (in

176 1233 358 1262 quacumque
382 1221 553 1260 Religione,
578 1227 629 1257 pei·
651 1216 789 1258 Sanciam
813 1215 943 1246 Matrem
969 1215 1125 1246 Ecclesiam
1149 1224 1253 1254 appro-

177 1262 243 1294 bata
265 1260 401 1292 Profeffis
422 1261 456 1291 δε
470 1256 642 1292 Conversis)
661 1256 908 1294 quibuscumque,
926 1253 1110 1292 praesentibus
1127 1253 1160 1284 &
1175 1254 1252 1284 futu-

175 1303 227 1340 ris,
248 1302 354 1339 ubique
372 1299 443 1329 infra
459 1296 596 1336 Regnum
609 1293 742 1326 nostrum
756 1294 872 1332 Angliae
886 1294 919 1325 ὅ(
936 1292 1031 1324 Partes
1039 1292 1153 1323 Walliae
1169 1302 1252 1324 com-

174 1341 368 1376 morantibus,
827 1371 832 1376 ι

212 1378 325 1418 Quod,
342 1378 378 1408 de
403 1382 530 1413 caetero,
545 1372 640 1404 nullus
648 1372 777 1412 juratus,
794 1369 987 1411 Vicecomes,
1007 1370 1249 1408 Commsssarius,

175 1417 330 1455 Escaetor,
349 1415 529 1451 Coronator,
550 1412 678 1450 Ballivus,
695 1411 796 1441 aliusve
811 1409 974 1441 Officiarius
987 1419 1034 1440 aut
1049 1410 1170 1441 aliorum
1190 1410 1252 1448 (qui

174 1455 276 1488 Curias
293 1456 413 1493 legales,
432 1463 466 1483 ex
487 1451 682 1483 Conceffione
695 1448 792 1480 nostra
806 1458 853 1480 aut
869 1448 1110 1480 Praedecefforum
1130 1447 1245 1479 nostro-

174 1506 239 1526 rum
255 1520 266 1532 ,
293 1495 380 1526 aliave
403 1492 581 1524 Austoritate
596 1512 605 1528 ,
632 1489 750 1525 tenent)
771 1489 891 1526 inquirat
918 1488 965 1519 seu
981 1489 1087 1526 inquiri
1112 1487 1195 1519 faciat
1214 1487 1250 1517 de

174 1533 358 1572 Excessibus,
375 1532 513 1570 Feloniis,
532 1529 673 1566 Raptibus
694 1526 855 1558 Mulierum
867 1549 877 1564 ,
902 1525 1136 1565 proditionibus,
1155 1525 1250 1557 aliisve

173 1573 403 1613 quibuscumque
426 1567 722 1606 TransgressionibuS,
742 1566 902 1606 perpetratis
916 1565 961 1596 seu
976 1565 1183 1606 perpetrandis,
1202 1564 1249 1596 seu

175 1615 214 1644 iic
235 1612 319 1643 diffiz
333 1617 489 1650 perpetrata
505 1606 606 1645 fuisse,
626 1616 675 1644 per
690 1606 814 1643 aliquem
830 1604 874 1635 vel
888 1605 997 1642 aliquos
1014 1602 1249 1642 Archiepifiopum

173 1652 221 1682 vel
239 1649 468 1689 Archiepfiapos,
484 1646 641 1685 Epifiopum
659 1644 703 1675 vel
719 1642 872 1683 Episcopos,
890 1644 1034 1673 Abbatem
1050 1643 1096 1674 vel
1110 1642 1250 1681 Abbates‚

175 1693 299 1721 Priorem
314 1691 358 1720 vel
376 1691 493 1723 Priores,
512 1688 652 1715 Deranum
668 1683 712 1713 vel
728 1685 860 1718 Decanos,
879 1682 1113 1712 Archidiaconum
1129 1682 1173 1712 vel
1186 1684 1249 1711 Ar-

172 1729 356 1766 chidiacanos,
383 1724 534 1764 Officiales,
561 1721 774 1761 Commiffarios,
795 1721 936 1756 Reffores,
961 1723 990 1749 V
990 1724 1104 1758 icarios,
1129 1721 1175 1752 seu
1197 1730 1246 1751 eo-

174 1778 240 1799 rum
262 1765 462 1803 Successores,
488 1762 670 1799 Presbitcros,
697 1758 870 1799 capellanos,
898 1759 1011 1789 clericos
1033 1759 1247 1798 quoscumque,

173 1807 245 1838 infra
268 1806 369 1836 Sacros
392 1804 516 1834 Ordines
536 1799 722 1837 constitutos,
739 1807 787 1830 aut
811 1797 957 1838 Religiofirs
977 1801 1109 1840 Personas
1126 1797 1249 1839 supradi-

174 1845 250 1884 ctas,
267 1844 416 1883 praesentes
431 1842 474 1872 vel
489 1841 598 1871 futuros
609 1863 618 1877 ,

212 1884 265 1921 Et,
286 1884 304 1914 si
325 1883 475 1919 contingat
498 1880 620 1917 aliquam
643 1876 818 1909 Duodenam
843 1877 1032 1917 Qiaestamve
1053 1877 1178 1917 aliquem
1203 1876 1250 1909 vel

173 1923 282 1961 aliquos
305 1921 467 1961 hujusmodi
491 1916 725 1956 Archiepzfiopos,
753 1916 847 1955 Epifio
865 1928 908 1955 os,
928 1916 1081 1954 Praelatos,
1102 1916 1249 1954 Abbates,

176 1965 301 1999 Priores,
327 1965 469 1996 Decanos,
492 1957 723 1994 Archidiaconos,
743 1954 839 1994 Officia
852 1967 896 1994 es,
920 1955 1130 1995 Commiffizrios,
1149 1956 1248 1986 Redo-

172 2011 232 2040 res,
252 2000 391 2038 Vicarios,
409 2000 443 2031 &
460 2006 564 2029 eorum
580 1994 778 2033 Successores,
799 1994 981 2032 Presbiteros,
1002 1994 1177 2033 Capellanos,
1197 1995 1244 2028 vel

171 2040 282 2079 aliquos
297 2038 409 2069 clericos
424 2038 452 2067 in
467 2036 555 2067 Sacris
569 2034 730 2064 Ordinibus
746 2032 935 2071 constitutos,
953 2033 989 2065 de
1001 2042 1108 2065 caetero
1123 2034 1245 2065 indieta-

172 2089 220 2117 re,
238 2079 418 2117 praesentare,
435 2074 582 2112 accusare,
607 2072 651 2104 vel
674 2073 827 2112 impetere,
853 2072 935 2111 quod
957 2082 1028 2103 tunc
1050 2072 1106 2110 ipse
1127 2074 1171 2103 vel
1195 2072 1246 2111 ipfi

168 2118 362 2157 justiciarius,
381 2115 577 2150 Vicecomes‚
600 2111 752 2155 Escaetor,
777 2109 963 2149 Coronator,
982 2110 1168 2152 Praepofitus,
1183 2111 1247 2142 Mi-

171 2156 277 2194 nister,
296 2156 436 2192 Baffiws,
451 2152 554 2184 aliusve
575 2150 756 2188 Officiarius,
775 2149 870 2181 statim
891 2150 957 2189 post
976 2158 1042 2182 rece
1064 2152 1175 2182 tionem
1195 2151 1249 2182 hu-

168 2195 295 2235 jusmodi
316 2193 530 2231 Indiciationis,
548 2189 791 2228 Praesentationis‚
811 2189 1022 2228 Accusationis,
1059 2189 1248 2228 mpetitionis-

171 2245 229 2272 ve,
253 2233 340 2272 ipsam
368 2231 609 2268 Indistationem,
635 2228 906 2267 Praesentati'onem,
934 2228 1176 2268 Accusationem,
1201 2228 1248 2260 vel

171 2273 389 2311 Imperitionem
400 2294 409 2310 ,
427 2269 530 2309 absque
546 2267 739 2305 Arestatione,
756 2267 802 2298 seu
820 2266 982 2305 Captione,
1002 2267 1246 2299 Incarceratione·

171 2323 209 2344 ve
230 2311 337 2343 Clerici
360 2311 405 2341 vel
429 2308 615 2340 Clericorurn
631 2306 795 2345 hujusmodi
808 2305 1017 2338 Indidhtorum
1030 2330 1039 2346 ,
1059 2306 1245 2338 Praesentato-

174 2361 256 2389 rum,
276 2351 524 2382 Accusatorumve
547 2346 750 2384 impetitorum
766 2368 777 2383 ,
799 2344 948 2376 Bonorum
963 2370 972 2385 ,
998 2355 1045 2377 aut
1067 2344 1245 2377 Catallorum

173 2390 363 2426 eorumdem,
388 2386 620 2426 Archiepisiopi's,
638 2384 790 2423 Epifiopis,
817 2394 850 2415 ac
873 2384 989 2422 singulis
1012 2384 1160 2424 Praelatis,
1183 2385 1250 2415 Ab-

173 2428 299 2465 batibus,
315 2427 469 2463 Prioribus,
485 2428 622 2462 Decanis,
642 2423 868 2462 Archidiaconis,
895 2425 943 2462 qui
965 2425 994 2454 in
1017 2424 1178 2463 hujusmodi
1199 2423 1250 2455 Iu·

175 2467 333 2499 dictatione
351 2465 520 2496 ordinariam
532 2462 896 2500 habentjurisdifflonem,
916 2463 1079 2494 trasmittant

214 2505 251 2537 Et
267 2505 347 2544 quod
359 2505 441 2535 liceat
457 2503 517 2541 ipsis
533 2501 706 2539 Ordinariis,
725 2509 825 2532 contra
843 2501 1005 2539 hujusmodi
1024 2502 1062 2533 iic
1076 2486 1248 2541 sndistatos‚

173 2545 376 2580 Praesentatos,
396 2542 571 2579 Accusmos,
589 2540 634 2571 vel
647 2539 812 2579 impetitos,
827 2540 1008 2578 judicialiter,
1019 2542 1177 2572 secundum
1192 2541 1245 2580 Ju-

173 2594 203 2615 ra
226 2582 439 2620 Ecclefiastica,
466 2579 635 2617 procedere,
653 2578 798 2617 ipsamque
819 2578 942 2609 Causam
966 2579 1012 2609 seu
1035 2578 1157 2617 Causas,
1176 2590 1247 2611 cum

174 2623 311 2653 omnibus
329 2630 426 2652 earum
447 2618 712 2656 consequentibus,
733 2616 988 2656 Dependentibus,
1005 2617 1248 2658 Einergentibus‚

174 2661 386 2697 incidentibus,
405 2659 438 2689 &
455 2658 595 2694 Annexis,
611 2655 729 2686 finaliter
741 2655 902 2693 Decidere,

215 2699 332 2730 Licebit
358 2699 442 2729 etiam
474 2696 536 2734 ipsis
559 2693 770 2732 Archiepiftopis
784 2717 794 2731 ,
815 2694 949 2733 Episcopis
967 2718 976 2732 ‚
1002 2695 1191 2734 universisque
1213 2706 1247 2727 ac

173 2738 284 2776 singulis
305 2736 453 2771 PraelaHs,
479 2734 658 2771 Abbatibus,
682 2733 838 2771 Prioribus,
861 2736 995 2771 Decanis,
1021 2734 1246 2773 Archidiaconis,

172 2776 357 2816 officialibus,
384 2773 589 2813 Commffizriis,
613 2772 716 2810 absque
738 2772 830 2810 aliqua
851 2772 1014 2810 hujusmodi
1037 2772 1244 2812 Indistatione,

170 2815 404 2852 Praesentatione,
422 2812 624 2849 Accusatione,
643 2811 689 2841 vel
712 2810 912 2849 Impetitione‚
931 2812 967 2841 ab
983 2811 1246 2850 hujusmodiJusti-

174 2856 281 2892 ciariis,
299 2852 545 2887 Vicecomitibus,
564 2849 791 2892 Escaetoribus,·
804 2848 1048 2888 Coronatoribus,
1066 2849 1224 2891 Praepolitis
1235 2874 1245 2890 ,

178 2893 335 2930 Ministris,
356 2891 479 2928 Ballivis,
499 2890 591 2920 aliisve
605 2888 759 2919 Officiariis
775 2890 824 2918 libi
841 2889 1010 2925 transmissa,
1027 2888 1247 2928 Indictationec‚

174 2932 406 2963 praesentationes
417 2954 426 2968 ,
444 2929 661 2965 Accusationes,
680 2927 886 2965 Detestiones,
904 2926 1135 2968 Imperitionesve
1154 2930 1248 2968 priva-

175 2981 216 3002 tas
239 2970 400 3010 hujusmodi
417 2968 575 2999 clericorum
590 2969 618 2997 in
634 2967 727 2997 Sacris
741 2966 901 2997 Ordinibus
917 2966 1141 2997 constitutorum
1151 2990 1161 3006 ,
1179 2978 1248 2999 nec-

176 3021 235 3041 non
260 3009 454 3048 Religiasbrum
477 3006 655 3046 Personarum
677 3009 691 3022 ¹
714 3015 959 3044 quarumcumque
979 3006 1027 3036 sibi
1051 3006 1247 3044 subditarum,

177 3051 318 3087 recipere,
331 3049 363 3079 n&
382 3047 459 3083 super
473 3045 634 3084 hujusmodi
652 3043 857 3081 indietatione,
871 3043 1107 3083 Praesentatione,
1124 3046 1249 3077 Aecula-

176 3085 523 3126 tione‚Deteetione,vei
541 3083 721 3122 Impetitione
738 3081 936 3120 inquisitiones
950 3083 1251 3122 facere,ulteriusque,

175 3128 334 3158 secundum
351 3125 421 3163 Jura
442 3121 654 3159 Ecclesiastica,
674 3122 758 3158 usque
772 3122 806 3152 ad
822 3122 924 3152 Finem
941 3121 1064 3161 Negotii
1078 3124 1248 3162 procedere,

177 3169 211 3197 ὅτ
234 3165 262 3196 id
279 3165 395 3196 finaliter
410 3163 561 3193 terminare
577 3169 645 3190 cum
661 3158 786 3196 effeetu,
803 3160 908 3198 absque
921 3160 1011 3199 aliqua
1026 3160 1251 3199 Molestatione,

178 3204 356 3242 Vexatione,
373 3210 420 3233 aut
442 3199 674 3241 ImpedimentO,
692 3198 738 3229 vel
763 3198 856 3229 Poena
876 3199 983 3238 aliqua,
1002 3209 1037 3230 ex
1061 3209 1138 3238 parte
1153 3200 1248 3231 nostra

178 3243 226 3274 vel
241 3243 400 3273 Haeredum
414 3239 579 3271 nostrorum
596 3246 715 3277 quoquo
729 3237 821 3267 modo
836 3236 933 3268 fiendis
945 3238 990 3268 vel
1006 3238 1188 3275 imponendis
1197 3262 1207 3276 ,

215 3281 253 3312 Et
265 3305 275 3320 ,
293 3282 312 3311 fi
334 3283 396 3320 quis
414 3279 459 3310 vel
473 3279 521 3316 qui
531 3276 775 3315 justiciariorum,
794 3275 1030 3314 Vicecomitum,
1049 3276 1251 3316 Escaetorum,

180 3319 418 3357 Coronatorum,
444 3317 618 3347 Ballivorum
660 3313 862 3344 Ministrorurn
881 3314 1065 3352 nostrorum,
1084 3314 1130 3345 seu
1151 3315 1251 3346 Haere-

179 3358 272 3396 dum,
289 3367 334 3388 aut
350 3355 551 3388 Successorum
568 3337 750 3390 nosirorum,
769 3362 816 3383 aut
828 3353 950 3384 aliorum
965 3352 1105 3382 Fidelium
1123 3353 1156 3384 &
1173 3354 1251 3384 Sub-

178 3397 306 3427 ditorum
330 3396 509 3432 nostrorum,
526 3402 627 3425 contra
641 3391 815 3429 praemissam
833 3391 1015 3422 Voluntatem
1031 3391 1065 3422 &
1079 3391 1252 3422 Concessio-

179 3445 248 3466 nem
273 3433 416 3472 nostram,
435 3435 464 3464 in
487 3442 552 3464 toto
567 3431 613 3463 vel
626 3431 654 3461 in
670 3431 760 3468 aliqua
775 3430 814 3460 sui
829 3439 923 3469 parte,
939 3431 1139 3460 contravenire
1152 3430 1197 3459 vel
1210 3430 1251 3460 fa-

182 3483 248 3505 cere
267 3473 468 3512 praesumpserit
490 3472 535 3502 vel
557 3468 799 3508 praesumpserint,
825 3467 1044 3507 Archiepistopi,
1061 3468 1199 3507 Episcopi,
1217 3469 1251 3499 ὃς

181 3513 277 3543 caeteri
288 3511 401 3550 Judices
415 3509 623 3547 Ecclesiastici,
641 3510 669 3539 in
685 3518 715 3538 ea
730 3516 807 3545 parte
825 3517 878 3545 pro
891 3515 1022 3544 tempore
1037 3507 1204 3545 existentes,
1222 3507 1252 3537 in

182 3550 406 3581 Praesumentem
430 3550 476 3579 vel
493 3549 699 3578 praesumentes
714 3546 875 3584 hujusmodi
890 3544 1025 3575 Censuras
1046 3545 1253 3576 Ecclefiasticas

182 3592 302 3627 (contra
315 3587 474 3626 hujusmodi
493 3585 884 3625 Personas,Jurisdit{tionem
897 3583 1125 3615 Ecclesiasticam
1140 3584 1178 3614 sic
1195 3585 1252 3614 im-

181 3627 342 3667 pedientes,
367 3634 415 3656 aut
435 3626 572 3662 impedire
594 3633 792 3662 procurantes,
821 3623 1044 3661 consentientes,
1066 3625 1100 3655 ὃς
1123 3632 1255 3662 agentes,

183 3667 352 3697 Canonibus
365 3665 398 3696 ὃς
415 3662 676 3693 Constitutionibus
691 3662 865 3693 Sandtorum
883 3661 1000 3692 Parrum
1016 3661 1097 3698 latas)
1113 3661 1254 3692 declarare

183 3706 217 3737 ὃ(
235 3705 366 3743 praeferre
381 3702 536 3732 nullatenus
552 3704 701 3738 omittant,

220 3744 328 3781 Neque
343 3754 359 3773 a
372 3740 603 3772 Denunciatione
617 3739 663 3769 seu
679 3740 858 3770 Executione
871 3739 1060 3769 Censurarum
1077 3737 1252 3776 hujusmodi,

184 3790 299 3820 propter
312 3781 434 3820 aliquam
448 3777 674 3810 Prohibitionem
684 3800 693 3815 ,
711 3789 726 3808 a
742 3778 918 3809 Cancellaria
935 3777 1049 3814 nostra,
1067 3777 1124 3807 five
1138 3776 1174 3807 de
1189 3786 1248 3806 uno

185 3819 282 3849 Banco
304 3820 349 3849 vel
370 3819 446 3856 alio,
463 3826 509 3847 aut
527 3815 579 3846 alia
604 3814 691 3858 Curia
706 3826 887 3855 quacumque
900 3815 1012 3854 nostra,
1031 3814 1191 3846 Haeredutn
1203 3824 1251 3844 aut

184 3856 388 3887 Successorum
408 3856 589 3891 nostrorum,
606 3853 796 3890 imposterum
818 3857 1020 3892 obtinendam,
1039 3855 1142 3894 quovis
1158 3853 1250 3883 modo

185 3894 405 3933 Supersedeant,
423 3896 460 3926 set
481 3894 563 3933 plene
581 3901 683 3923 eorum
699 3891 812 3928 judicia
825 3892 981 3924 secundum
998 3893 1099 3924 Sacros
1115 3891 1250 3922 Canones

185 3941 349 3964 excerceant

224 3969 262 3999 Et
282 3970 301 3999 si
323 3956 382 4009 qu'is
397 3970 640 4008 justici-ariorum,
659 3968 891 4006 Vicecomitum,
910 3968 1100 4008 Bafflvorum,
1118 3967 1250 3999 Escaeto-

185 4018 267 4046 tum,
291 4006 503 4040 Coronatorum
517 4033 527 4048 ,
551 4017 598 4040 aut
618 4006 822 4039 Ministrorum
846 4007 1027 4046 nostrorum,
1045 4008 1091 4040 seu
1112 4007 1250 4045 aliorum,

1296 295 1358 323 tuS,
1376 283 1572 321 Attachiatus,
1589 282 1720 320 Tentus,
1739 281 1947 328 incarceratus,
1965 286 2011 316 vel
2033 285 2216 325 Custoditus,
2234 285 2261 317 se
2284 285 2372 316 clm·-
2387 283 2456 313 Edv.
2476 293 2506 322 4.

1297 335 1355 354 cum
1376 323 1490 359 dicens,
1507 322 1542 352 ad
1565 320 1754 351 Ordinarium
1767 320 1843 351 Loci
1861 322 1938 352 mitti
1953 323 1998 353 vel
2012 325 2117 355 remitti
2129 333 2222 364 petat,
2237 325 2293 357 five
2309 325 2370 356 Or-

1298 363 1423 393 dinarius
1445 361 1520 392 Lcci
1542 360 1631 400 ipsum
1656 368 1730 397 petat
1752 368 1800 390 aut
1822 367 1949 397 repetat,
1967 360 2061 392 statim
2080 363 2114 393 ὅ(
2135 364 2266 402 indilate,
2284 366 2372 396 etiam

1297 410 1362 432 ante
1382 400 1483 431 Causae
1505 398 1717 436 Cognitionern
1741 397 1788 428 seu
1812 397 2062 429 Examinationem
2083 400 2120 431 de
2136 401 2271 433 clericatu
2286 405 2371 442 (quia

1297 440 1335 470 de
1355 450 1385 471 re
1406 438 1544 477 praetensa
1559 437 1703 476 Spirituali
1717 436 1747 467 fit
1761 436 1915 474 Quaestio)
1936 437 1972 467 ad
1987 437 2218 471 Ecclefiafficum
2229 441 2369 480 Judicem

1297 479 1396 516 suum,
1415 487 1522 508 vocato
1544 485 1637 508 tamen
1654 476 1758 515 Judice
1781 476 1924 515 Seculari,
1942 484 1990 506 aut
2003 476 2060 506 alio
2074 478 2154 516 cujus
2166 479 2280 511 interest
2301 481 2369 512 Du-

1296 517 1441 546 bitationis
1464 517 1535 546 illius
1557 517 1693 554 pertineat
1713 514 1849 553 DeciliO,
1866 515 1920 552 ὃς,
1938 515 1957 545 fi
1979 524 2028 553 per
2047 513 2182 553 Judicem
2195 516 2369 550 Ecclesiasti-

1297 564 1365 585 cum
1388 553 1504 584 Clericus
1527 555 1696 592 reperiatur,
1713 553 1765 584 sub
1775 552 1977 592 Jurisdietione
1992 553 2186 585 Ecclesiastica
2194 555 2370 592 judicandus

1295 601 1438 622 remaneat
1470 593 1535 623 alias
1555 602 1650 623 autem
1663 594 1698 623 ad
1711 591 1845 631 Judicem
1868 593 1926 625 sive
1944 592 2066 624 Curiam
2080 593 2286 632 Temporalem
2301 606 2369 628 om.

1294 630 1419 661 nimodo
1443 615 1629 662 Restituatur.

1332 668 1504 712 Conceffimus
1527 671 1615 700 etiam
1630 670 1663 700 &
1678 668 1923 710 Corfirmavimus,
1936 680 1989 708 pro
2011 669 2125 708 Nobis,
2139 668 2368 711 Haetedibus,&

1294 706 1512 738 Successoribus
1535 708 1651 746 nostris,
1677 709 1798 746 praefatis
1816 708 2047 749 Archiepifiopis,
2071 711 2099 739 E
2117 709 2227 748 iscopis‚
2244 710 2369 741 Abbati-

1294 746 1362 784 bus,
1381 746 1534 783 Prioribus,
1559 750 1696 786 Decam's,
1722 746 1932 777 Archidiaconis
1976 749 2084 778 Refflm'
2103 759 2152 786 us,
2177 751 2205 779 V
2206 752 2318 788 icariis,
2334 750 2370 781 &

1295 794 1398 814 eorum
1421 784 1637 828 Succefforibus
1646 808 1655 822 ,
1671 785 1780 815 clericis
1799 787 1832 817 &
1846 771 2035 827 Ecclelfasticis
2049 787 2171 826 Perfimis
2184 788 2369 828 quibuscum-

1295 832 1352 862 que
1362 846 1371 861 ,
1391 822 1571 869 praesentibus
1587 824 1620 854 &
1635 824 1751 861 futuris,
1769 824 1840 854 infra
1856 824 1994 865 Regnum
2010 826 2140 856 nostrum
2153 827 2284 865 Angliae,
2303 827 2373 859 Par-

1295 870 1336 892 tes
1356 862 1485 904 Walliae,
1505 862 1537 892 &
1555 861 1722 893 Provincias
1737 863 1902 902 praedictas,
1920 863 2002 902 quod
2017 866 2047 894 in
2061 864 2151 896 Curia
2167 865 2371 906 Ecclesisticfi,

1296 901 1333 944 de
1355 902 1388 932 &
1411 904 1496 944 luper-
1510 901 1603 931 Causa
1617 899 1825 941 Decimarum,
1838 903 1926 933 etiarn
1939 902 2113 942 grossarum,
2131 903 2242 944 Viginti
2258 905 2303 937 vel
2316 905 2370 936 Vi⁴

1315 949 1366 969 inti
1392 940 1424 970 &
1448 949 1529 970 unius
1551 939 1724 975 Annorum,
1742 948 1789 970 aut
1810 940 1927 971 ma’oris
1943 940 2065 980 AEtatis,
2084 943 2248 982 Arborum,
2268 944 2318 975 ubi
2331 945 2368 976 ad

1321 979 1384 1009 artis
1404 977 1568 1009 instantiam
1592 977 1638 1008 vel
1660 976 1772 1017 Judicis
1794 976 1825 1007 O
1860 981 1908 1009 cio
1929 981 2020 1019 agitur
2041 981 2088 1011 vel
2109 982 2293 1021 proceditur,
2310 983 2369 1016 five

1294 1016 1439 1048 Executio
1457 1026 1649 1056 quaecumque
1671 1015 1718 1047 fiat
1732 1015 1783 1060 'vel
1796 1025 1924 1056 petatur,
1941 1019 2024 1050 liceat
2035 1019 2134 1057 Judici
2148 1019 2369 1062 Ecclesiastico,

1294 1055 1398 1095 absque
1420 1055 1505 1087 Metu
1526 1057 1560 1088 ὅτ.
1582 1055 1676 1086 Poena
1690 1055 1900 1094 CUJuscumque
1917 1056 2138 1097 prohibitionis,
2155 1067 2203 1090 aut
2217 1059 2314 1092 Brevis
2330 1061 2370 1092 de

1296 1097 1463 1125 Praemunire
1476 1092 1591 1134 facias,
1610 1094 1656 1125 vel
1668 1094 1778 1125 alterius
1795 1095 1899 1133 etiam,
1916 1095 1991 1126 nulla
2007 1094 2224 1129 Consultatione
2240 1109 2275 1130 ex
2289 1109 2369 1138 parte

1295 1133 1408 1172 nostra,
1428 1133 1606 1172 Haeredum,
1624 1133 1670 1164 vel
1694 1133 1897 1164 Succefforum
1919 1133 2086 1165 nostrorum
2099 1136 2217 1167 obtenta
2229 1138 2273 1168 seu
2288 1139 2370 1170 habi-

1293 1173 1340 1212 ta,
1360 1173 1465 1211 libere,
1482 1175 1516 1205 δε
1537 1173 1677 1211 intrepide
1696 1172 1868 1212 procedere,
1885 1182 1919 1203 ac
1942 1172 2118 1204 Sententiam
2141 1174 2231 1213 ferre,
2248 1177 2281 1207 ὃ(
2299 1178 2368 1209 inde

1296 1211 1507 1243 Executionem
1528 1211 1884 1250 faceie3quibuscumque
1906 1210 2169 1251 Prohibitionibns,
2188 1214 2369 1248 Autronium

1294 1250 1390 1294 nostra
1405 1251 1450 1282 vel
1462 1250 1624 1282 Haeredum
1635 1250 1805 1281 nostrorum
1820 1251 1849 1280 in
1862 1250 1946 1281 diffls
1959 1249 2057 1281 Caufis
2070 1252 2243 1291 impetratis,
2260 1263 2368 1286 conce-

1293 1290 1411 1327 dendis,
1431 1290 1475 1321 vel
1491 1289 1694 1328 impetrandis,
1710 1290 1796 1320 etiam
1818 1288 1930 1320 statuto
1953 1291 2082 1329 Ricardi,
2097 1300 2189 1330 nuper
2207 1293 2287 1329 Regis
2301 1297 2368 1323 Ana

1290 1328 1354 1367 gliae
1374 1327 1440 1366 post
1456 1327 1659 1368 Conquesturn
1677 1327 1805 1367 Secundi,
1822 1329 1852 1358 in
1867 1328 2080 1368 parliamento,
2095 1329 2170 1367 apud
2183 1330 2370 1363 Westmona—

1295 1368 1412 1412 sterium
1433 1368 1523 1398 Anno
1547 1367 1646 1406 Regni
1665 1366 1706 1397 sui
1727 1366 1933 1398 Sextodecimo
1955 1376 2057 1406 tento,
2082 1368 2178 1408 facto,
2204 1371 2370 1409 caeterisque

1294 1408 1433 1437 omnibus
1456 1406 1568 1438 Statutis
1588 1405 1754 1437 nostrorum
1777 1405 2043 1445 Praedecefforum,
2069 1417 2170 1439 contra
2188 1408 2368 1440 Libertatem

1294 1446 1327 1476 &
1345 1445 1577 1484 jurisdictionem
1598 1444 1822 1476 Ecclefiasticam
1842 1445 2088 1484 qualitercumque
2110 1446 2193 1477 editis
2241 1447 2288 1478 seu
2305 1448 2369 1479 De-

1294 1485 1513 1518 clarationibus,
1531 1483 1740 1515 Occasionibus
1755 1484 1943 1522 eorumdem,
1961 1484 2058 1523 facitis,
2074 1495 2132 1514 non
2152 1471 2351 1527 obstantibus,

1332 1523 1473 1563 Qiorum
1495 1522 1673 1554 Statutorum
1695 1521 1800 1553 Poenas
1813 1523 1847 1553 &
1861 1523 2018 1561 Athones,
2037 1524 2066 1553 in
2080 1524 2186 1554 eisdem
2202 1535 2352 1557 contentas

1291 1563 1412 1602 praefatis
1436 1561 1664 1602 Archiepifiopis,
1686 1561 1838 1602 Epifiopi's,
1863 1561 2040 1600 Abbatibus,
2055 1563 2210 1602 Prioribus,
2229 1551 2367 1605 Decanis}

1291 1600 1518 1639 Archidiaconis‚
1536 1601 1713 1638 Retfloribus,
1733 1601 1862 1638 Vtcariis,
1877 1610 2034 1640 eorumque
2047 1601 2279 1642 Succefforibus,
2297 1614 2369 1635 nec-

1292 1650 1353 1671 non
1377 1641 1515 1671 omnibus
1535 1639 1679 1677 Personis,
1696 1639 1820 1677 aliquam
1838 1639 1978 1670 dinarum
1995 1638 2152 1671 Causarum
2170 1642 2201 1671 in
2216 1641 2294 1673 Foro
2306 1642 2369 1674 Ec-

1291 1678 1447 1710 clefiastico
1470 1678 1708 1718 Prosequentibus
1726 1679 1760 1709 &
1782 1679 1812 1708 in
1835 1679 1874 1709 eis
1896 1678 2123 1710 Defendentibus
2137 1702 2148 1718 ,
2169 1680 2367 1719 dietarumque

1292 1718 1418 1749 Partium
1435 1718 1592 1756 Agentium
1609 1718 1642 1748 &
1660 1716 1888 1747 Defendentium
1902 1717 2154 1756 Procuratoribus,
2172 1717 2368 1759 Consiliariis‚

1290 1757 1425 1788 Testibus
1436 1780 1446 1794 ,
1463 1758 1497 1788 &
1521 1755 1669 1793 Notariis,
1686 1766 1740 1796 pro
1761 1755 1862 1786 Nobis
1882 1756 1916 1787 &
1937 1755 2110 1787 Haeredibus
2122 1756 2242 1796 nostris,
2261 1759 2369 1797 imper⁴

1291 1805 1411 1835 petuurn
1424 1795 1590 1826 Relaxamus
1605 1796 1638 1826 &
1657 1795 1854 1824 Pardonamus.

1332 1835 1379 1867 Ac
1402 1844 1471 1866 cum
1491 1835 1575 1866 dietis
1595 1832 1823 1873 Archiepiftopis,
1843 1832 1992 1873 Episcopis,
2011 1843 2170 1874 eorumque
2182 1834 2359 1866 Successori-

1292 1875 1359 1913 bus,
1378 1883 1409 1905 ut
1436 1873 1487 1913 ipsi
1509 1874 1596 1905 libere
1617 1874 1651 1905 δε
1671 1874 1814 1913 impune,
1834 1873 1864 1903 in
1885 1874 2024 1904 omnibus
2045 1873 2214 1913 Praemiffis,
2230 1884 2279 1912 per
2295 1874 2366 1906 Nos

1291 1914 1412 1945 recitatis
1431 1915 1465 1945 ὃς
1489 1911 1650 1951 conceffis,
1668 1911 1843 1951 procedere,
1861 1911 1895 1942 &
1918 1911 2014 1943 Partes
2034 1911 2196 1949 hujusmodi
2216 1913 2366 1944 hincinde

1290 1962 1322 1984 ut
1337 1952 1483 1991 praefertur
1505 1951 1657 1990 prosequi,
1673 1952 1707 1983 δι’,
1722 1952 1752 1981 in
1765 1950 1818 1980 illis
1829 1950 2020 1988 concludere,
2040 1951 2074 1982 &
2088 1961 2120 1981 ea
2134 1951 2291 1983 secundum
2305 1950 2365 1983 Ca·

1289 2002 1379 2023 nones
1401 1991 1518 2022 finaliter
1537 1990 1724 2028 Terminare,
1741 1989 1775 2020 &
1794 1988 1968 2020 Executioni
1985 1989 2156 2021 demandare
2177 1991 2295 2028 valeant,
2310 1993 2364 2021 Li-

1289 2035 1453 2069 cemimus,
1473 2031 1507 2062 &
1527 2029 1563 2061 de
1584 2029 1685 2060 Gratia
1703 2027 1798 2060 nostra
1813 2028 1926 2066 speciali
1939 2027 2131 2069 Dispensa'mus
2138 2052 2148 2068 ,
2164 2038 2218 2069 pro
2233 2034 2248 2047 ⁴
2264 2029 2366 2062 Nobis
2385 2031 2464 2099 ἥὲῐ.

2379 2078 2416 2107 49
2439 2094 2446 2099 -
2458 2103 2465 2108 ,
2473 2093 2483 2110 J

1289 2071 1323 2102 &
1339 2070 1511 2101 Haeredibus
1527 2067 1631 2100 nostris
1646 2069 1739 2108 imper
1761 2075 1870 2098 etuum.

1329 2109 1502 2140 Mandantes
1519 2107 1656 2138 omnibus
1674 2107 1737 2139 Sub
1757 2107 1801 2137 itis
1816 2104 1918 2137 nostris
1932 2105 2012 2145 quod
2027 2106 2117 2138 nunus
2131 2116 2235 2138 eorum
2248 2108 2362 2149 aliquod

1288 2148 1503 2179 Praemissorum
1517 2147 1670 2186 infringere
1683 2154 1731 2177 aut
1746 2145 1852 2178 violare
1866 2153 2016 2184 attemptet
2030 2145 2076 2176 seu
2089 2146 2175 2178 faciat
2185 2149 2359 2187 attemptari,

1288 2187 1446 2219 secundum
1468 2186 1548 2225 quod
1571 2185 1692 2217 voluerit
1714 2184 1945 2223 indignationem
1959 2184 2064 2216 nostrae
2079 2184 2183 2225 Regiae
2200 2184 2364 2226 Magestatis

1288 2227 1407 2259 evadere
1421 2228 1451 2257 in
1467 2227 1611 2263 futurum,

1325 2265 1381 2305 Er,
1405 2265 1424 2295 fi
1445 2264 1546 2304 (quod
1568 2263 1656 2302 abfit)
1677 2263 1777 2302 aliquis
1792 2260 2042 2301 Justiciariorum,
2061 2262 2296 2304 vicecomitum,
2313 2265 2361 2296 vel

1287 2305 1493 2342 Escaetorum,
1510 2302 1746 2341 Coronatorum,
1764 2302 1957 2339 Ballivorum,
1976 2310 2026 2340 per
2051 2301 2105 2341 Se,
2123 2310 2170 2334 aut
2189 2302 2253 2334 suos
2266 2303 2362 2335 Mini-·

1288 2344 1378 2382 stros,
1397 2342 1541 2373 Praemissa
1559 2342 1605 2373 vel
1627 2342 1743 2380 aliquod
1764 2340 1981 2371 Praemifforum
2004 2340 2097 2372 facere
2112 2340 2296 2382 recusaverit,
2313 2351 2363 2374 aut

1288 2385 1328 2414 eis
1341 2383 1556 2418 contravenire,
1570 2389 1619 2412 aut
1636 2389 1736 2412 contra
1750 2389 1782 2411 ea
1798 2388 1964 2420 attemptare
1980 2379 2204 2420 praesumpserit,
2236 2383 2296 2412 uod
2311 2391 2362 2412 eit-⁷

1288 2431 1378 2462 tunc,
1396 2422 1427 2451 in
1450 2420 1630 2460 Quindecim
1651 2418 1742 2458 Dies,
1759 2428 1774 2449 a
1788 2427 1918 2457 tempore
1932 2418 2132 2457 Requisitionis
2147 2419 2195 2450 fibi
2239 2420 2296 2450 &ae
2311 2431 2362 2460 per

1289 2461 1479 2492 Ordinarium
1500 2459 1577 2490 Loci
1597 2467 1643 2490 aut
1667 2459 1726 2496 ejus
1748 2457 1933 2496 Officialem,
1952 2457 2198 2488 Archidiaconum
2221 2459 2296 2489 Loci
2311 2460 2360 2490 vel

1287 2501 1346 2539 ejus
1361 2498 1530 2530 Officialem
1550 2498 1643 2536 (cujus
1659 2497 1794 2528 Returno
1808 2496 1856 2527 seu
1873 2495 2086 2528 Certificatorio
2099 2496 2217 2527 stabitur
2231 2498 2358 2529 omnino

1287 2541 1318 2570 in
1341 2539 1395 2570 hac
1415 2540 1504 2575 parte)
1522 2545 1685 2574 compareat
1705 2535 1884 2576 personaliter
1905 2537 1936 2565 in
1960 2534 2138 2566 Cancellaria
2159 2533 2257 2566 nostra
2269 2558 2279 2574 ,
2307 2536 2361 2567 sub

1287 2579 1380 2609 Poena
1401 2580 1592 2607 Ducentarum
1613 2575 1762 2604 Librarum
1779 2596 1789 2612 ‚
1819 2573 1854 2604 ad
1874 2572 2033 2604 dicendum
2053 2572 2174 2604 Causam
2198 2583 2283 2612 quare
2304 2585 2360 2614 pro

1286 2616 1470 2655 Contemptu
1484 2614 1645 2653 hujusmodi
1663 2613 1793 2644 Arbitrio
1806 2611 1906 2642 nostro
1922 2613 2022 2651 punire
2037 2622 2097 2642 non
2108 2612 2226 2651 debeat,

1324 2655 1417 2694 Cujus
1439 2653 1558 2692 Poenae,
1577 2653 1615 2683 fic
1631 2651 1814 2688 commissae,
1833 2650 1912 2681 Duae
1933 2650 2029 2682 Partes
2041 2650 2076 2682 ad
2088 2651 2171 2690 Ufiam
2188 2651 2305 2691 nostrum
2318 2653 2359 2685 le-

1285 2704 1350 2725 vare
1370 2694 1492 2731 debent,
1512 2693 1546 2724 &
1569 2692 1670 2722 Tertia
1693 2690 1760 2721 Pars
1782 2689 1904 2728 ejusdem
1928 2688 2022 2720 Poena
2044 2689 2077 2719 ad
2097 2689 2180 2729 Usum
2205 2690 2302 2721 Clerici
2317 2692 2358 2723 fic

1285 2734 1380 2803 {egat}
1400 2732 1485 2763 levari
1504 2731 1604 2770 debet,
1630 2730 1663 2761 &
1687 2729 1725 2761 sic
1747 2728 1806 2760 fieri
1825 2738 1858 2760 ac
1881 2727 1978 2759 stricte
1998 2728 2140 2760 observari
2159 2728 2304 2761 Volumus
2323 2731 2360 2763 δε

1310 2784 1312 2787 ’
1343 2783 1362 2802 n
1382 2781 1461 2802 amus

1324 2811 1441 2848 lnsuper
1463 2795 1652 2848 &onceffimuss
1671 2806 1708 2838 de
1723 2806 1824 2838 Gratia
1840 2805 1938 2838 nostra
1951 2806 2082 2846 speciali,
2122 2807 2183 2839 uod
2197 2808 2287 2840 nullus
2300 2806 2361 2838 Or·

1283 2850 1415 2886 dinarius,
1426 2848 1556 2887 Judexve
1574 2847 1739 2886 Spiritualis,
1757 2848 1802 2877 seu
1818 2845 1914 2885 aliquis
1933 2846 2018 2884 alius,
2035 2845 2098 2877 Cau
2127 2857 2157 2877 m
2173 2847 2249 2877 suam
2261 2845 2359 2884 prose-¹

1285 2899 1375 2930 quens
1390 2889 1418 2918 in
1430 2886 1518 2918 Curia
1528 2885 1725 2918 Ecclesiastica
1740 2885 1786 2917 vel
1793 2885 2046 2923 Spirituali,aliquo
2060 2885 2153 2916 modo
2166 2886 2359 2924 gravetur‚in-

1286 2930 1443 2969 quietetur,
1462 2934 1594 2964 vexetur,
1612 2934 1658 2955 aut
1684 2924 1739 2955 alio
1754 2924 1846 2954 modo
1860 2924 2042 2962 molestetur,
2060 2933 2108 2960 per
2124 2923 2214 2953 Breve
2225 2923 2261 2953 de
2279 2925 2360 2953 Prae-

1288 2971 1391 2997 munire
1407 2964 1519 3005 facias,
1538 2974 1591 3004 pro
1612 2962 1815 2995 Prosecutione
1826 2963 1873 2994 seu
1888 2962 2044 2993 Decifione
2058 2962 2174 3000 alicujus
2188 2960 2310 3001 Causae,
2328 2963 2359 2993 in

1290 3007 1379 3038 Curia
1393 3004 1533 3044 Spirituali
1553 3001 1805 3039 Determinandae,
1826 3002 1860 3032 &
1875 3000 1945 3031 infra
1959 3000 2099 3039 Regnum
2111 2998 2274 3038 Inchoatae,

1325 3045 1363 3075 Et
1385 3043 1466 3082 quod
1488 3052 1542 3073 nec
1558 3041 1651 3081 Judex
1666 3064 1676 3080 ,
1703 3050 1757 3072 nec
1778 3039 1844 3071 Pars
1868 3038 2041 3082 Prosequens
2059 3037 2202 3080 Causam,
2225 3040 2270 3069 vel
2294 3039 2362 3071 Pars

1288 3083 1468 3120 Defendens,
1485 3090 1576 3120 neque
1590 3090 1687 3110 earum
1702 3079 1832 3110 Partium
1846 3077 2022 3114 Consiliarii,
2042 3078 2071 3106 in
2087 3076 2208 3116 aliquam
2223 3077 2361 3117 Poenam,

1289 3125 1318 3153 in
1332 3122 1448 3153 Statutis
1462 3121 1498 3151 de
1515 3122 1682 3149 Praemunire
1687 3116 1781 3157 facias
1795 3124 1978 3153 contentam,
1995 3115 2100 3146 incidat
2113 3126 2119 3131 ·

1328 3159 1449 3191 Proviso
1467 3158 1547 3199 quod
1561 3158 1624 3188 haec
1639 3158 1735 3187 nostra
1752 3156 1872 3196 praesens
1887 3153 2044 3185 Concessio
2059 3153 2094 3184 ad
2109 3138 2295 3192 impetrantes
2310 3155 2361 3185 Be-

1289 3199 1409 3238 neficia,
1425 3198 1470 3229 vel
1493 3197 1716 3236 Exemptiones,
1732 3203 1779 3226 aut
1801 3193 1978 3232 capacitates
1999 3202 2070 3224 curn
2091 3192 2231 3225 Portione
2250 3192 2361 3225 Mona-

1290 3239 1367 3270 chali
1376 3261 1386 3277 ,
1403 3237 1559 3268 nullatenus
1574 3235 1740 3266 extendatur
1754 3243 1761 3262 z

1328 3277 1366 3307 Et
1389 3276 1519 3312 ulterius,
1538 3283 1572 3304 ex
1593 3273 1716 3304 uberiori
1738 3271 1838 3303 Gratia
1857 3270 1970 3309 nostra,
1995 3269 2119 3300 Volumus
2139 3270 2173 3301 &
2194 3271 2362 3302 ordinamus

1290 3316 1389 3354 qubd,
1407 3315 1427 3345 si
1451 3313 1600 3352 praesentes
1622 3311 1727 3342 Literae
1752 3310 1875 3347 nostrae,
1896 3311 1925 3340 in
1941 3309 2035 3340 forma
2050 3308 2095 3339 vel
2110 3308 2247 3348 Materia,
2267 3311 2311 3340 seu
2326 3319 2362 3341 ex

1291 3362 1477 3392 quacumque
1495 3352 1547 3382 alia
1570 3350 1677 3388 Causa,
1693 3349 1787 3389 quoad
1811 3348 1956 3379 Debitum
1971 3346 2107 3378 effectum
2121 3347 2155 3378 &
2170 3349 2362 3380 intentionem

1291 3392 1432 3429 praesentis
1447 3388 1647 3421 Conceffionis
1661 3388 1766 3418 nostrae
1779 3387 1825 3417 seu
1839 3386 2056 3417 Exonerationis
2071 3386 2269 3424 praediistarum
2278 3412 2288 3426 ,
2306 3388 2362 3418 mi-

1292 3431 1346 3459 nus
1358 3429 1458 3460 validae
1472 3429 1530 3459 five
1544 3426 1746 3457 insufficientes
1760 3425 1876 3456 existant
1893 3424 2045 3456 existereve
2061 3425 2249 3465 contigerint,
2267 3435 2315 3458 aut
2329 3436 2361 3457 a-

1290 3468 1373 3505 liquis
1391 3466 1532 3497 Defectus
1555 3465 1600 3496 vel
1623 3463 1824 3495 Insufficientia
1849 3464 1879 3494 in
1903 3462 2010 3494 eisdem
2031 3463 2129 3494 Literis
2146 3465 2299 3502 reperiatur
2312 3463 2358 3494 fleu

1292 3506 1407 3544 reperiri
1429 3505 1581 3543 contigerit
1596 3526 1605 3541 ,
1630 3503 1711 3541 quod
1736 3500 1929 3533 Cancellarius
1950 3500 2045 3532 noster
2070 3502 2183 3542 Angliae
2206 3503 2362 3534 modernus

1291 3543 1427 3581 existens,
1446 3544 1480 3575 ὃς
1505 3544 1625 3582 quicum
1648 3551 1683 3572 ue
1706 3541 1772 3572 alius
1793 3541 1829 3572 de
1842 3549 1971 3579 tempore
1987 3541 2017 3571 in
2032 3549 2144 3579 tempus
2157 3541 2282 3580 futurus,
2299 3541 2360 3572 tam

1291 3583 1438 3623 praesentes
1463 3581 1572 3617 Literas
1591 3590 1631 3610 no
1659 3590 1701 3610 ras
1723 3578 1879 3618 reformet,
1898 3580 1986 3618 quam
2012 3578 2069 3611 fieri
2084 3580 2166 3611 faciat
2180 3581 2244 3611 alias
2254 3579 2361 3609 Literas

1292 3621 1401 3653 nosti-as
1414 3620 1443 3650 in
1461 3620 1495 3650 ea
1507 3620 1589 3651 Parte
1603 3618 1716 3649 Validas
1727 3619 1760 3650 ὃς
1776 3617 1962 3657 sufficientes,
1980 3619 2084 3649 totiens
2097 3618 2227 3657 quotiens
2241 3626 2276 3648 ex
2290 3616 2360 3647 Par-

1294 3670 1322 3691 te
1343 3659 1422 3690 Cleri
1444 3657 1651 3689 cantuariensis
1674 3657 1838 3688 Provinciae
1855 3665 1978 3696 petatur,
1995 3657 2093 3696 quous
2106 3666 2141 3687 ue
2156 3656 2224 3686 dieti
2239 3653 2360 3685 Archie-

1286 3697 1399 3738 pifiopi,
1419 3695 1555 3736 Episcopi,
1574 3696 1722 3734 Abbates,
1742 3698 1869 3734 Priores,
1888 3699 2009 3734 Decani,
2031 3698 2094 3725 Arc
2118 3695 2226 3724 ‘diaconi
2233 3715 2243 3730 ‚
2261 3694 2359 3723 Retro-

1290 3748 1348 3775 res,
1368 3740 1486 3774 Vitam,
1503 3737 1536 3767 &
1559 3735 1739 3766 Succeffores
1764 3734 1933 3766 eorumdem
1956 3735 2089 3766 debitum
2108 3731 2245 3763 eflectum
2267 3731 2301 3762 δε
2315 3732 2359 3762 in·

1287 3778 1447 3807 tentionem
1473 3775 1614 3812 praesentis
1636 3772 1837 3804 Concessionis
1855 3772 1962 3804 nostrae
1981 3773 2015 3804 &
2029 3769 2243 3802 Exonerationis
2256 3770 2361 3808 praedi-

1290 3816 1402 3845 <starum
1419 3814 1569 3844 habuerint
1587 3812 1647 3842 Sibi
1662 3813 1696 3843 ὃς
1713 3812 1930 3844 Succefforibus
1945 3811 1997 3842 suis
2011 3807 2235 3848 imperpetuum,
2253 3808 2359 3847 absque

1291 3853 1326 3883 ali
1349 3852 1383 3882 ua
1405 3852 1458 3882 ali-Et
1483 3851 1685 3882 Prosecutione
1706 3861 1790 3891 penes
1812 3851 1881 3882 Nos
1895 3873 1905 3889 ,
1931 3847 2084 3884 Haeredes,
2108 3845 2155 3875 feu
2174 3845 2358 3879 Succefloree

1290 3902 1330 3922 no
1356 3901 1401 3921 ros
1415 3890 1562 3927 facienda,
1572 3889 1629 3919 five
1644 3889 1741 3927 aliquo
1755 3890 1810 3920 alio
1829 3889 1969 3919 Waranto
1983 3888 2012 3916 in
2023 3885 2078 3914 hac
2094 3891 2172 3926 parte
2186 3885 2360 3924 prosequen-

1289 3930 1329 3960 do
1339 3930 1397 3998 ,ἀᾶ
1419 3930 1476 3960 hoc
1501 3928 1602 3967 absque
1620 3927 1719 3959 Feodo
1731 3929 1798 3959 inde
1813 3928 1847 3958 ad
1861 3936 1932 3966 opus
1947 3923 2076 3956 nostrum
2091 3922 2230 3962 capiendo
2245 3924 2291 3956 seu
2303 3924 2361 3956 sol-

1288 3978 1344 4000 ven
1366 3978 1404 4006 03

2295 4036 2361 4068 Hiis
