2555 4266
0 270 73 302 Ann-
84 269 126 302 D.

16 318 103 350 1472.

0 354 64 380 Edv.
83 359 110 384 4.

0 419 52 445 An.
73 423 115 443 12.

0 459 29 483 Ξ.
51 463 80 489 4.

3 497 65 522 Pat-
86 499 128 517 12.

766 154 875 195 ET
959 150 1216 194 ACTA

484 333 533 364 De
554 332 691 364 Licentia
709 334 738 365 E
740 331 860 379 ligendi.

150 420 206 475 R
217 416 299 454 EX,
315 417 422 464 dileclis
439 416 489 447 sibi
506 418 539 464 in*
550 415 667 463 Chri-sto
678 441 686 454 ,
709 419 799 463 Ρνξογὶ
817 413 856 450 ὠ·
872 412 993 452 capitulo
1008 409 1130 451 Ecclqst'ae
1143 412 1198 439 Ca-

227 455 477 486 thedraltsSaneJae
493 459 638 486 Trinitatis
651 457 775 484 Ncrwm
784 477 794 492 ,
811 453 946 483 Salutem.

180 493 226 524 Ex
239 504 315 533 parte
333 495 422 525 vestra
437 494 536 525 Nobis
553 494 594 524 est
607 494 747 524 humiliter
760 491 956 528 Supplicatum
974 486 1053 526 quod
1063 510 1073 524 ‚

0 535 97 566 Ἑ-4-Ρ·
110 537 133 558 ¹·
179 533 261 564 Cum
288 533 411 564 Ecclesia
432 533 520 563 vestra
540 532 690 569 praedicta,
709 540 757 567 per
772 529 917 563 Mortem,
931 528 1017 557 bonae
1031 525 1200 562 memoriae,

0 578 36 598 m.
49 577 78 604 5.

143 571 262 603 Walteri
283 572 309 602 le
327 574 401 602 Hert
421 571 510 602 ultimi
524 570 644 610 Epistopi
661 569 736 599 Loci
749 568 840 603 illius,
857 564 978 595 Pastoris
992 564 1088 595 solatio
1105 562 1137 593 fit
1150 563 1200 593 de-

142 607 234 642 stituta
242 633 252 650 ‚

179 650 278 680 Alium
301 650 384 680 vobis
402 647 535 686 Eligendi
557 648 587 677 in
608 645 780 683 Episcopum
795 644 828 675 &
842 641 989 673 Pastorem
1005 640 1128 680 ejusdem
1144 640 1203 670 Ec-

144 687 235 720 clesiae
251 689 409 719 Licentiam
425 688 506 717 vobis
517 684 674 716 concedere
687 684 886 725 dignaremur,
891 718 1134 725 .....

184 727 254 758 Nos
269 726 417 764 (Precibus
433 724 534 755 vestris
550 724 577 752 in
591 722 644 752 hac
660 731 737 760 parte
750 721 938 752 favorabiliter
953 718 1089 756 inclinari)
1102 718 1206 748 Licen-

145 767 214 796 tiam
230 765 305 796 illam
319 765 401 795 vobis
415 764 534 794 Tenore
550 760 736 791 Praesentium
751 759 881 790 duximus
897 757 1139 794 Concedendam;

184 804 354 835 Mandant&
372 801 453 840 quod
475 801 559 831 talem
581 799 663 829 vobis
686 799 789 837 eligatis
814 800 842 828 in
861 797 1035 835 Episcopum
1056 798 1089 828 &
1107 793 1205 825 Pasto-

148 852 211 874 rem
221 865 231 881 ‚
249 843 297 880 qui
314 841 382 871 Deo
397 839 547 876 Devoms,
564 836 700 867 Ecclefiae
713 837 815 868 vestrae
830 836 1014 868 Necessarius
1027 857 1038 874 ‚
1053 834 1207 872 Nobisque

13 1247 88 1281 Ann.
102 1244 144 1275 D.

41 1294 126 1325 1472.

11 1332 64 1355 An.
85 1333 117 1353 12

13 1370 43 1392 f..
60 1375 89 1400 4.

12 1408 148 1431 Eranam.

14 1446 45 1469 E.
61 1452 89 1477 4.
102 1451 138 1468 m.

19 1489 63 1517 ¹9·

36 2403 57 2425 Β
77 2404 132 2432 xi.

36 2444 101 2481 760.

8 3322 12 3346 l

9 3364 13 3404 ξ
48 3367 126 3399 Ann.
142 3362 284 3420 D.RE

0 3408 14 3448 'l
70 3415 158 3445 1472.

0 3450 14 3481 1!
49 3450 104 3474 An.
124 3455 166 3473 12.

0 3489 14 3511 .⁴
51 3487 84 3512 Ε.
104 3493 133 3520 4.

11 3516 15 3553 l
51 3522 116 3550 Ibid.

6 3557 17 3603 fi
52 3569 90 3589 m.
112 3569 155 3597 ¹4·

0 3611 19 3737 :l

150 882 185 913 &
200 881 305 920 Regno
320 879 420 909 nost-to
431 877 522 908 Utilis
538 878 572 908 ὃς
588 875 687 906 Fidelis
703 876 807 906 existat.

186 917 461 993 ifeftsswliegffssiid
477 951 748 993 Westmmsterium,
766 951 890 984 secundo
903 952 951 983 die
962 951 1050 991 Junii.

346 1033 401 1062 Per
416 1033 508 1060 Breve
526 1030 558 1059 de
572 1032 693 1060 Privato
705 1029 811 1069 Sigillo,
822 1026 868 1065 ⁴&
885 1029 918 1059 de
930 1031 1027 1067 Data,
1046 1025 1106 1062 &ci

342 1159 392 1190 De
411 1157 490 1191 Pala
506 1159 647 1190 Partium
669 1154 810 1189 Picardiae
830 1153 1005 1189 limitanda.

157 1248 214 1302 R
225 1242 308 1283 EX,
333 1241 456 1273 Dilectis
476 1242 509 1273 δε
529 1241 669 1272 Fidelibus
689 1240 759 1279 suis,
778 1239 926 1271 Willielmo
938 1239 1087 1283 Hastpiges
1100 1239 1136 1270 de
1149 1238 1213 1269 Ha-

234 1282 346 1322 styngee
360 1280 467 1319 Militi,
485 1279 614 1320 Johanni
632 1280 763 1309 Howard
775 1280 811 1310 de
828 1279 960 1310 Howard
976 1279 1080 1314 Militi,
1098 1277 1213 1317 Johan-

157 1326 186 1352 ni
207 1324 296 1352 Scotte
317 1321 431 1357 Militi,
453 1319 582 1358 Johanni
602 1322 699 1348 Donne
712 1318 817 1356 Militi,
834 1316 963 1356 Johanni
975 1316 1091 1356 Thyrske
1108 1318 1215 1354 Majori

161 1361 281 1399 Stapulae
302 1358 386 1389 Villae
408 1358 513 1388 nostrae
534 1356 636 1387 Calesii
651 1380 660 1394 ,
683 1355 811 1394 Johanni
827 1356 948 1393 Blount,
967 1355 1082 1384 Rirardo
1098 1354 1214 1385 Where-

160 1399 212 1429 hill
227 1423 236 1436 ,
257 1400 299 1429 W
297 1396 406 1428 illielnio
420 1399 503 1434 Roos,
522 1395 628 1425 Thomae
641 1394 801 1433 Thwaytes,
821 1394 950 1433 Johanni
965 1396 1070 1432 Pront,
1086 1393 1215 1433 Johanni

159 1436 327 1474 Eltonhede,
345 1437 510 1503 &dHenrico
527 1433 675 1471 chambre,
694 1433 829 1464 Salutem.

196 1476 293 1507 Sciatis
328 1477 367 1505 uo

196 1514 278 1544 Cum
291 1485 406 1542 diverse}
420 1510 542 1541 Debatae
554 1512 588 1542 δε
601 1509 813 1541 Controverfiae
828 1510 902 1540 inter
917 1508 1052 1541 Subditos
1064 1509 1098 1540 ὃς
1111 1508 1218 1545 Ligeos

159 1553 272 1584 nostros
285 1573 296 1589 ,
316 1549 414 1581 Palam
433 1549 561 1579 Partium
582 1548 735 1586 picardiae,
753 1550 825 1579 inter
844 1550 905 1578 Nos
917 1549 951 1579 ὃς
963 1548 1135 1579 cariffimum
1152 1547 1175 1577 F
1177 1557 1217 1577 ra-

158 1600 232 1623 trem
245 1589 373 1620 nostrum
389 1590 491 1617 Ducem
507 1587 689 1625 Burgundiae,
707 1588 743 1617 ab
756 1589 872 1624 antiquo
887 1587 1069 1625 Limitatam,
1087 1595 1121 1617 ex
1137 1585 1219 1616 Parte

158 1627 257 1660 nostra
271 1626 460 1658 Inhabitantes
470 1648 480 1664 ,
496 1627 530 1657 &
544 1625 679 1656 §ubdims
697 1626 778 1662 ipsius
792 1626 893 1656 Fratris
908 1626 996 1656 nostri
1005 1649 1014 1664 ,
1033 1636 1066 1656 ex
1079 1625 1161 1657 Parte
1173 1625 1219 1656 sua

159 1666 364 1703 Inhabitantes‚
382 1672 472 1695 motae
484 1665 545 1695 sunt
559 1665 592 1695 &
607 1664 728 1694 subortae
738 1688 748 1701 ,

194 1704 264 1736 Nos
285 1703 377 1743 (quod
399 1702 513 1742 Justum
532 1701 574 1733 est
593 1704 623 1733 in
645 1712 676 1734 ea
692 1701 774 1733 Parte
789 1700 848 1732 fieri
863 1701 1001 1739 volentes)
1020 1702 1219 1740 assignavimus

158 1754 212 1776 vos
224 1766 235 1783 ,
261 1742 430 1780 Undecim‚
452 1740 584 1779 Decem,
604 1740 748 1779 Novem,
767 1740 865 1779 Osto,
881 1741 1015 1779 Septem,
1031 1741 1104 1780 Sex,
1123 1742 1221 1780 Qin-

160 1792 234 1820 que,
251 1782 284 1812 &
304 1782 438 1820 Quatuor
455 1778 585 1810 vestrfim
604 1780 742 1818 (quorum
761 1780 883 1817 aliquem
906 1778 1032 1811 vestrum
1046 1791 1098 1811 vos
1115 1781 1220 1818 ptaefati

162 1820 307 1860 Johannes
321 1819 467 1856 Howard,
483 1817 627 1858 Johannes
642 1821 747 1855 Scotte,
765 1817 909 1855 Johannes
916 1821 1031 1855 Donne,
1055 1821 1088 1850 &
1107 1818 1222 1849 Ricarde

164 1857 320 1891 Whetehill
330 1867 419 1889 unum
437 1858 494 1888 effe
507 1858 651 1892 volumus)
665 1867 698 1887 ac
714 1856 995 1896 Vobis,Undecim,
1012 1857 1223 1896 Decem,No-

159 1907 249 1934 vem,
269 1896 365 1934 Οθίο,
379 1896 510 1934 Septem,
525 1895 580 1926 Sex
594 1918 604 1934 ,
624 1895 761 1934 Qiinque
775 1918 784 1933 ,
802 1896 836 1927 &
851 1896 984 1934 Qiatuor
998 1896 1124 1926 vestrum
1140 1898 1224 1935 (quo-

168 1946 232 1968 rum
241 1935 274 1965 ali
297 1946 364 1966 uem
373 1933 500 1965 vestrfim
515 1944 567 1965 vos
575 1935 682 1972 praefati
689 1934 834 1971 Johannes
840 1935 983 1972 Howard,
993 1935 1140 1974 Johanner
1151 1940 1226 1966 Scot-

168 1982 197 2005 te
210 1999 219 2011 ,
235 1946 382 2013 Jossannes
395 1976 494 2003 Donne
511 1995 521 2011 ,
538 1974 571 2004 &
588 1973 704 2002 Ricarde
727 1971 883 2003 Whetehill
903 1983 992 2004 unum
1008 1974 1064 2005 effe
1081 1975 1223 2011 volumus)

166 2013 282 2053 plenam
303 2011 474 2043 Potestatem
493 2013 525 2042 ὃ(
542 2011 750 2042 Auctoritatem
764 2011 876 2042 Damus
900 2013 934 2044 &
955 2011 1179 2045 Committimus
1191 2013 1227 2045 ad

168 2050 270 2083 Palam
284 2051 445 2089 praedifl‘am
463 2050 728 2089 Supervidendum,

206 2090 252 2120 Ac
267 2090 300 2119 ad
316 2089 512 2119 Tractandum
525 2089 558 2120 &
573 2087 856 2119 Communicandum
869 2098 936 2119 cum
954 2087 1160 2121 Commiffiiriis
1173 2090 1229 2121 five

166 2126 318 2166 Deputatis
333 2127 438 2165 praefati
451 2127 550 2158 Fratris
567 2126 674 2165 nostri,
691 2126 1063 2169 sufficientemPotestatem
1079 2130 1108 2159 in
1123 2139 1154 2160 ea
1167 2139 1230 2167 par-

168 2175 199 2199 te
217 2167 386 2197 habentibus
397 2189 408 2204 ,
433 2166 470 2197 de
487 2167 520 2197 &
535 2166 615 2204 super
632 2165 854 2196 Reformatione
868 2170 1128 2205 Attemptatorum,
1145 2177 1229 2198 occa-

171 2206 250 2236 fione
259 2204 336 2234 Palae
344 2204 482 2242 praedifiae
498 2205 567 2235 hinc
584 2203 649 2234 i‘nde
658 2204 799 2234 factorum
809 2204 841 2235 ὃς
854 2205 1015 2235 habitorum
1024 2229 1034 2244 ,
1053 2207 1086 2237 &
1098 2207 1230 2245 Attemp-

171 2253 225 2276 tata
239 2243 284 2274 illa
297 2242 513 2273 Discutiendum
527 2244 560 2274 &
578 2243 808 2273 Terminandum
817 2267 826 2279 ,

207 2281 339 2312 Necnon
363 2281 463 2312 Palam
478 2282 638 2321 praedic'lam
653 2306 662 2320 ,
682 2291 759 2319 Juxta
776 2281 870 2312 Metas
885 2281 918 2312 &
932 2281 1043 2312 Bundas
1057 2283 1180 2321 ejusdem
1195 2285 1231 2314 ab

173 2321 290 2392 ἒξῐίἒιᾶς)
309 2320 393 2389 ἷαῇὶὲε
415 2322 448 2352 &
471 2321 597 2352 limitatas
617 2321 654 2351 de
667 2320 760 2352 Novo
771 2345 780 2358 ,
802 2321 821 2350 si
835 2330 907 2359 opus
920 2320 1017 2360 fuerit,
1034 2321 1232 2353 Limitandum

275 2370 285 2388 i
307 2369 340 2388 na
382 2369 430 2389 um
440 2383 450 2396 ,

216 2398 235 2417 *
257 2367 305 2427 Ag
315 2399 412 2428 omnia
425 2398 476 2428 alia
489 2398 522 2429 &
536 2397 639 2437 singula
655 2420 666 2436 ,
687 2398 716 2428 in
731 2407 762 2428 ea
775 2405 868 2437 parte,
888 2407 942 2435 pro
958 2397 1143 2430 Limitatione
1156 2398 1235 2430 Palae

171 2437 312 2476 praediffae
326 2436 473 2467 necessaria
487 2437 520 2467 &
534 2445 689 2475 oportuna,
709 2436 882 2466 Faciendum
897 2437 930 2467 &
943 2436 1160 2477 Exercendum,

216 2474 256 2506 Et
267 2475 335 2506 ideo
350 2476 433 2505 vobis
447 2474 618 2505 Mandimus
632 2474 712 2514 quod
732 2476 806 2505 circa
822 2474 966 2505 Praemiffa
982 2475 1131 2516 diligenter
1144 2479 1237 2509 inten-

176 2514 264 2552 datis,
281 2514 315 2544 ὃς
330 2524 363 2543 ea
376 2513 477 2544 faciatis
490 2515 524 2545 &
538 2514 715 2552 etequamini
733 2514 761 2543 in
775 2513 866 2544 forma
882 2514 1012 2550 praedista
1021 2539 1030 2551 ,

214 2553 262 2584 Ac
283 2552 383 2582 Nobis
399 2553 431 2584 &
451 2551 589 2583 Concilio
605 2552 703 2582 nostro
716 2551 752 2582 de
766 2561 830 2582 toto
842 2551 934 2583 Facto
948 2552 1044 2583 vestro
1061 2554 1090 2583 in
1105 2553 1158 2585 hac
1175 2563 1238 2591 par-

177 2599 222 2628 te,
241 2591 311 2622 esim
336 2591 452 2627 praesens
467 2591 640 2621 Mandatum
660 2590 789 2621 nostruin
807 2593 918 2621 executi
935 2590 1055 2630 fueritis,
1073 2592 1123 2623 sub
1138 2592 1238 2632 Sigillis

177 2628 290 2667 vestris,
307 2629 476 2669 Undecim,
496 2628 631 2667 Decem,
650 2628 793 2667 Novem,
812 2629 1238 2670 O&o,Septem,Sex,Qiin—

177 2677 250 2706 que,
269 2668 314 2697 vel
333 2668 466 2706 Qatuor
481 2667 608 2699 vester
627 2668 762 2706 (quorum
784 2667 907 2705 aliquem
924 2667 1053 2699 vestrum
1068 2680 1119 2700 vos
1132 2670 1239 2709 praefati

178 2705 325 2746 Johannes
345 2706 476 2736 Han-ard
483 2729 494 2745 ,
515 2706 659 2745 Johannes
673 2709 761 2736 Scotte
771 2729 780 2743 ,
798 2705 945 2745 Johannes
960 2710 1077 2746 Donne,
1097 2709 1130 2739 ὅ(
1146 2712 1240 2738 Ricar-

178 2743 386 2813 άὸεηζΙέειεΙαχίῖ
400 2755 488 2775 unum
505 2746 564 2776 effe
576 2746 719 2783 volumus)
734 2745 867 2776 distinete
881 2746 914 2777 &
931 2748 1026 2784 aperte
1040 2747 1097 2778 sine
1108 2747 1241 2778 dilatione

233 2792 266 2813 rti
289 2792 370 2813 cetis:

219 2821 330 2851 Damus
345 2830 438 2851 autem
453 2822 583 2853 universis
596 2822 629 2852 &
645 2821 757 2860 singulis
771 2820 925 2852 officiariis
938 2824 971 2854 &
986 2822 1140 2863 Ministris‚
1159 2833 1243 2855 caete-

180 2859 271 2897 risque
295 2860 429 2889 omnibus
449 2860 483 2890 &
502 2860 614 2897 singulis
629 2859 757 2890 Personis
769 2860 897 2891 fidelibus
912 2862 945 2891 &
964 2861 1060 2898 Ligeis
1073 2865 1105 2894 &
1118 2864 1243 2894 Subditis

179 2897 298 2936 nostris,
315 2898 434 2928 Tenore
458 2898 640 2929 Praesentium
658 2920 668 2936 ,
689 2897 806 2928 firmiter
825 2899 855 2928 in
882 2899 1026 2931 Mandatis
1048 2902 1128 2939 quod
1142 2904 1241 2940 vobis,

181 2937 216 2968 δε
237 2937 354 2968 cuilibet
374 2934 502 2967 vester
518 2959 528 2975 ,
554 2938 584 2966 in
607 2935 784 2967 Executione
806 2936 1021 2968 Praemifforum
1037 2962 1048 2977 ,
1064 2940 1244 2971 intendentes

183 2975 251 3044 fin?
273 2976 457 3045 Auxiliar‘igtces,
472 2976 506 3006 &
521 2973 694 3006 obedientes
712 2975 740 3004 in
754 2975 890 3005 omnibus
905 2975 1059 3015 diligenter.

241 3024 258 3044 n
276 3024 312 3044 cu
325 3024 356 3044 us
421 3024 448 3044 c.

222 3024 321 3083 TesteJ
329 3037 416 3091 Rege
429 3051 506 3091 apud
523 3049 798 3092 Wstmonasterium,
815 3051 932 3082 decimo
947 3053 1053 3085 octavo
1066 3052 1112 3085 die
1120 3053 1208 3093 Junii.

879 3129 931 3158 Per
942 3128 1023 3169 ipfimz
1036 3132 1142 3168 Regem.

368 3274 417 3305 De
432 3268 686 3305 Communicando
702 3281 772 3303 cum
789 3271 874 3304 Duce
893 3273 1066 3306 Britannia.

290 3362 323 3395 X
346 3363 490 3395 Omnibus
503 3363 538 3394 ad
552 3373 642 3402 quOS,
657 3363 718 3394 δίε.
734 3363 869 3394 Salutem.

289 3402 385 3433 Sciatis
399 3403 480 3441 quod
496 3402 564 3433 Nos
573 3426 581 3440 ,

229 3438 278 3469 De
302 3441 488 3472 Fidelitatibus
504 3464 514 3480 ‚
538 3440 681 3472 Industriis
696 3465 706 3477 ,
729 3441 763 3471 &
787 3439 911 3478 providis
933 3439 1248 3479 Circumspeffionibus

191 3477 323 3509 carissimi
341 3478 548 3518 consanguinei
567 3479 655 3510 nostri
673 3482 793 3510 Antonii
814 3483 923 3510 Comitis
937 3480 968 3509 de
979 3484 1101 3520 Ryvers,
1116 3491 1166 3519 ac,
1186 3481 1246 3511 Di—

193 3516 332 3547 lectorum
350 3517 383 3547 &
401 3517 526 3548 fidelium
544 3518 706 3549 nostrorum
722 3541 732 3557 ,
752 3517 894 3556 Johanm's
907 3522 1014 3557 Sapoots
1035 3521 1175 3559 Armigeri
1193 3530 1246 3557 pro

195 3554 336 3593 Corpore·
345 3555 456 3592 nostro,
472 3556 506 3586 &
525 3556 668 3587 Willielmi
684 3555 788 3595 Slefeld
803 3558 883 3587 unius
897 3556 1120 3588 Secretariorum
1134 3552 1256 3589 nostro-¹

192 3604 255 3625 rum
265 3616 274 3631 ,
291 3593 534 3631 quamplurimum
549 3595 724 3626 confidentes
735 3620 744 3632 ‚

230 3632 305 3670 Ipsos
329 3631 440 3661 nostros
464 3641 546 3660 veros
570 3633 603 3663 &
630 3633 801 3664 indubitatos
825 3633 1044 3664 Ambaffiatores
1060 3657 1070 3672 ,
1095 3634 1248 3673 Oratores,

192 3672 226 3704 δε
245 3667 462 3701 Commissarios
479 3669 605 3706 speciales
621 3671 826 3701 ordinavimus
844 3672 878 3701 ὅτ
896 3671 1133 3710 Constituamus,

230 3709 339 3740 Dantes
354 3709 387 3739 δε
410 3705 610 3737 Concedentes
633 3708 737 3739 eisdem
756 3708 1006 3740 Ambaffiaroribus
1056 3710 1226 3742 Oratoribus
1239 3735 1249 3748 ,

191 3750 226 3781 δε
245 3745 452 3779 Commissariis
465 3767 476 3783 ,
493 3745 528 3776 &
546 3743 669 3776 Duobus
686 3756 786 3776 eorum
807 3748 942 3783 (quorum
954 3733 1102 3787 praef'atum
1121 3753 1249 3779 Comitem

192 3797 284 3817 unum
307 3786 364 3816 esse
385 3783 529 3819 volumus)
556 3782 668 3820 plenam
694 3783 888 3822 Potestatem,
914 3786 947 3817 &
970 3786 1194 3826 Austoriratem,
1213 3798 1247 3818 ac

191 3823 362 3856 Mandatum
381 3821 506 3862 generale
521 3821 555 3852 &
572 3819 705 3859 speciale,
723 3831 791 3852 cum
807 3821 948 3853 carissimo
961 3822 1180 3865 consanguineo
1197 3837 1250 3857 no—

194 3861 253 3893 stro
268 3861 406 3902 Francifio
421 3864 496 3892 Duce
511 3862 668 3903 Britandie
685 3882 695 3897 ‚
718 3859 763 3889 seu
782 3860 838 3895 eius
857 3861 1124 3903 Ambasfiatoribus,
1144 3864 1250 3896 Orato-

197 3901 292 3938 ribus,
308 3899 565 3932 Commiffionariis
581 3897 765 3928 ‹afficientem
784 3897 956 3930 Potestatem
974 3901 1007 3932 &
1028 3901 1251 3942 Auctoritatem,

197 3939 234 3969 ab
260 3939 362 3970 eodem
384 3937 471 3969 Duce
496 3938 531 3968 ad
555 3937 613 3967 hoc
631 3936 816 3974 habentibus,
836 3935 1058 3977 Conveniendi,
1075 3939 1251 3972 Communi-

197 3976 298 4016 candi,
314 3977 490 4014 Trsstandi,
508 3975 730 4012 Concordandi,
749 3973 974 4018 ¹Componendi,
991 3978 1024 4008 ὃ(
1045 3979 1069 4008 Α
1094 3981 1250 4017 ρυηᾶυεη-

196 4015 244 4053 di,
261 4025 295 4046 ac
309 4016 432 4054 plenarie
450 4016 484 4047 &
498 4016 605 4054 integre
626 4013 843 4056 Determmandi
858 4036 868 4050 ,
886 4015 919 4045 &
935 4015 1051 4047 finaliter
1115 4018 1255 4049 ncluden-

192 4052 237 4093 di,
254 4053 291 4085 de
308 4054 342 4086 ὃς
360 4053 440 4093 super
456 4054 592 4086 omnibus
610 4052 644 4085 &
659 4051 836 4083 omnimodis
852 4050 990 4092 merigis,
1007 4053 1110 4094 Ligis,
1126 4056 1253 4096 Alligan-

1297 145 1328 188 12
1358 149 1412 189 υ
1451 130 1557 191 B'L
1591 149 1609 193 1
1643 150 1682 195 c
1718 153 1766 195 A.
2240 171 2289 213 23

1232 234 1276 278 tiis
1290 258 1300 270 ,
1324 232 1624 279 Confoederationibus
1639 261 1650 275 ,
1673 239 1853 270 Paffionibus
1865 263 1875 278 ,
1900 243 2003 272 mutuis
2023 240 2141 273 Auxiliis
2161 243 2194 273 &
2214 242 2286 274 Pro-
2306 243 2432 277 Ann.D.

1233 271 1408 302 missionibus
1423 295 1433 310 ,
1458 284 1531 319 inter
1557 277 1616 305 Nos
1643 276 1675 307 &
1701 277 1836 308 Haeredes
1859 279 1891 309 ὅ(
1909 279 2086 311 Succeilores
2107 291 2234 320 notros,
2251 292 2283 312 ac
2327 292 2412 322 1472.

1234 311 1337 346 Regna
1355 312 1388 342 &
1409 312 1548 343 Dominia
1566 314 1660 344 nostra
1675 339 1683 351 ,
1709 326 1741 345 ac
1759 316 1909 354 subditos,
1939 319 2086 358 Ailigatos,
2105 320 2138 350 &
2158 319 2284 351 Confoea
2303 321 2370 351 Edu.
2385 332 2413 357 4-

1234 350 1345 379 deratos
1363 349 1489 388 nostros,
1507 354 1538 382 ὃς
1559 352 1625 382 alios
1643 352 1739 383 Nobis
1759 354 1943 386 Aah-„erentes
1961 358 2152 396 quoscumque
2166 382 2174 394 ,
2193 359 2225 389 ὃ(
2242 361 2284 388 di-

1234 388 1307 431 ei‘imi
1324 390 1424 416 Ducem
1440 410 1449 424 ,
1476 389 1610 420 Haeredes
1629 392 1661 421 δε
1681 391 1856 423 Successores
1874 393 1954 430 suos,
1971 405 2051 433 atque
2072 396 2150 427 Loca
2166 397 2198 428 &
2218 397 2286 427 Do-

1236 434 1322 469 minia
1340 425 1404 463 sua,
1418 427 1563 471 'Subditos
1583 429 1615 458 ὃς
1636 429 1773 466 Alligatos
1791 431 1853 461 suos
1869 454 1879 469 ,
1902 433 1933 462 &
1954 433 2003 463 sibi
2022 434 2223 474 Adhaeoenoes,
2242 437 2286 466 in-

1237 463 1346 501 eundls,
1363 465 1519 501 capiendis,
1539 467 1571 496 &
1592 466 1746 506 habendis,

1273 502 1468 540 Universaque
1483 504 1602 542 singula,
1621 515 1684 542 quae
1699 507 1768 535 inter
1783 517 1832 536 eos
1845 508 1872 536 in
1890 506 2038 538 Praemislis
2051 510 2094 540 seu
2117 521 2216 542 eorum
2238 512 2291 542 ali-

1238 551 1297 578 quo
1313 542 1516 579 appunc'iuata,
1535 552 1694 578 conventa,
1712 544 1861 582 conclusa,
1876 545 1908 575 ὅ(
1922 547 2091 577 concordata
2106 549 2223 588 fierint,
2240 560 2288 580 ro-

1239 580 1358 610 borandi
1373 581 1405 610 δε
1420 579 1591 610 assecurandi
1606 591 1653 618 per
1677 581 1753 611 Fidei
1777 584 2015 620 interpositionem
2038 586 2072 616 &
2092 586 2290 624 Jurainentum

1239 620 1268 648 in
1283 618 1417 649 Animam
1432 618 1556 649 nostram
1573 619 1759 656 praestandum
1770 642 1778 657 ,

1279 657 1324 688 Ac
1338 656 1374 687 de
1388 657 1420 687 &
1435 657 1514 695 super
1529 657 1663 688 omnibus
1678 657 1710 688 δε
1728 657 1836 697 singulis
1851 658 2016 697 Praemissis,
2035 661 2068 691 &
2092 660 2292 699 Dependentiia

1240 696 1276 725 ab
1297 695 1418 733 eisdem,
1436 706 1536 726 omnes
1559 697 1591 727 &
1613 697 1796 727 omnimodas
1819 695 1984 727 Securitates
1999 720 2009 735 ,
2026 698 2178 730 (Lau-iones
2195 724 2203 739 ,
2220 702 2292 732 Pro-

1243 733 1338 772 missa,
1355 733 1572 774 obligationes,
1587 744 1622 765 ac
1648 733 1753 765 Literas
1776 735 1898 774 sigillatas
1919 733 2106 766 Concedendi
2122 761 2130 774 ,
2149 737 2297 778 Faciendi,

1241 773 1274 803 &
1298 772 1493 811 Expediendi,
1517 781 1604 812 prout
1622 773 1726 803 eisdem
1751 773 1999 804 Anibai'siatoribus
2014 796 2023 812 ,
2048 774 2214 806 Oratoribus
2229 800 2240 815 ,
2263 779 2297 808 &

1243 809 1501 842 Commiffionariis
1514 810 1614 842 nostris
1628 812 1661 843 &
1678 811 1802 842 Duobus
1815 822 1914 843 eorum
1932 813 2067 850 (quoram
2082 814 2229 852 prefatum
2248 819 2298 845 Co-

1243 853 1334 880 mitem
1349 860 1438 881 unum
1453 850 1509 880 esse
1523 850 1669 888 volumus)
1683 851 1827 882 videbitur
1841 851 1987 890 expedire,
2006 861 2071 888 quae
2086 857 2169 881 talem
2183 863 2299 884 tantam-

1246 899 1303 926 que
1319 887 1409 927 Vim,
1428 889 1650 927 Auctoritatem,
1667 889 1700 920 &
1719 888 1867 920 Effe&um
1884 889 2016 920 volumus
2029 890 2139 920 realiter
2154 892 2300 930 obtinere,

1246 937 1279 958 ac
1293 927 1313 957 si
1326 937 1357 958 ea
1376 928 1404 957 in
1422 929 1533 965 propria
1548 926 1668 958 Persona
1684 928 1842 958 feciflemus
1852 951 1862 965 ,

1286 965 1457 1004 Caeteraque
1471 968 1571 996 omnia
1587 968 1619 998 &
1633 966 1735 1005 singula
1747 976 1828 1004 ,quae
1843 968 1868 996 in
1878 965 2027 996 praemissis
2043 965 2189 997 necessaria
2202 966 2302 998 fuerint

1201 1036 1205 1040 ,
1248 1003 1294 1034 seu
1309 1005 1526 1043 quomodolibet
1541 1014 1698 1043 oportuna,
1720 1004 1849 1035 Faciendi
1866 1006 1898 1034 ὅ(
1917 1004 2102 1042 Exequendi3

1286 1042 1488 1075 Promittentes
1500 1068 1510 1081 ,
1527 1043 1606 1074 bona
1630 1044 1697 1073 Fide
1721 1045 1755 1074 &
1775 1045 1804 1073 in
1827 1042 1927 1073 Verbo
1951 1043 2049 1080 Regio
2063 1066 2072 1080 ,
2091 1043 2160 1074 Nos
2180 1043 2307 1082 Rarum,

1249 1079 1391 1119 Gratum,
1409 1084 1442 1114 &
1468 1082 1598 1112 Firmum
1623 1092 1676 1120 pro
1698 1092 1836 1120 perpetuo
1852 1082 1994 1111 habituros
2008 1091 2102 1112 totum
2122 1083 2154 1112 &
2169 1083 2307 1119 quicquid

1250 1129 1299 1158 per
1311 1120 1403 1150 dictos
1416 1120 1652 1159 Ambaffiatores,
1670 1119 1825 1158 Oratores,
1843 1119 2078 1158 Commiffatios,
2096 1120 2128 1151 &
2153 1119 2238 1150 Duos
2259 1130 2309 1150 eo-

1250 1167 1313 1188 rum
1338 1158 1474 1196 (quorum
1495 1158 1642 1198 prefatum
1661 1163 1789 1188 Comitem
1813 1168 1902 1189 unum
1927 1158 1984 1188 effe
2007 1158 2151 1196 volumus)
2173 1158 2282 1189 Actum
2296 1183 2309 1197 ,

1251 1195 1392 1265 Fiestum,
1410 1197 1455 1228 seu
1467 1196 1652 1228 procuratum
1665 1199 1790 1228 fueritin
1805 1196 1972 1236 Praemiffis,
1990 1196 2037 1227 seu
2060 1198 2156 1235 aliquo
2179 1196 2308 1228 Praemis-

1262 1244 1354 1264 orum.

1289 1273 1561 1350 &effejlfiegsseciipud
1577 1310 1834 1352 Wstmonasterium
1843 1335 1854 1351 ,
1872 1311 2009 1344 vicesimo
2024 1312 2109 1343 tertio
2121 1311 2167 1342 die
2177 1310 2255 1351 Julii

1939 1399 1994 1429 Per
2006 1397 2090 1439 ipsum
2103 1401 2209 1438 Regem.

1553 1531 1581 1557 δὲ
1605 1537 1663 1568 Pro
1687 1537 1819 1569 Domino
1841 1536 1876 1569 de
1899 1541 2017 1573 Duras.
2337 1567 2358 1588 ¹*
2378 1566 2430 1595 XL,

2338 1607 2405 1642 761.

2337 1643 2415 1675 Ann.
2428 1640 2471 1673 D·

1259 1630 1342 1689 RE
2358 1689 2444 1720 1472·

1294 1708 1427 1748 Bonum,
1448 1710 1601 1749 gratuitum
1618 1710 1652 1740 &
1667 1709 1838 1747 acceptabile
1863 1709 2033 1748 Servitium,
2052 1709 2154 1742 Nobis
2170 1719 2221 1749 per
2238 1710 2320 1742 Dile-
2341 1726 2392 1749 An.
2412 1730 2453 1749 12,

1259 1745 1340 1778 &um
1356 1748 1485 1778 Militem
1502 1748 1631 1778 nostrum
1646 1747 1864 1778 Galliardumde
1877 1746 2022 1789 Dureford
2036 1752 2182 1779 Dominum
2201 1749 2234 1779 de
2256 1753 2320 1780 Du-
2339 1765 2367 1787 E.
2387 1770 2417 1796 4,

1258 1795 1305 1816 ras
1321 1786 1359 1822 ὠ·
1375 1784 1559 1826 Blanquefort
1579 1795 1642 1817 ante
1654 1786 1716 1817 haec
1731 1797 1860 1824 tempora
1876 1789 2064 1825 multipliciter
2081 1790 2239 1826 impensum
2251 1811 2261 1826 ‚
2278 1791 2322 1820 in-
2343 1803 2399 1826 Pu.
2414 1802 2457 1826 η,-

1259 1828 1330 1894 {irae
1345 1827 1569 1893 consideranlteS,
1587 1835 1619 1856 ac
1635 1835 1666 1856 ut
1683 1825 1743 1864 Ipse
1754 1826 1865 1856 Statum
1880 1826 1960 1856 suum
1980 1827 2125 1857 decentius
2142 1837 2323 1859 manutenere
2342 1841 2371 1865 Ε,
2384 1848 2411 1873 4,
2425 1842 2450 1873 p,

1273 1875 1289 1895 u
1318 1874 1394 1895 inere
1417 1874 1452 1894 ue
1466 1875 1501 1895 va
1513 1874 1555 1894 eat
2416 1895 2422 1901 ¹
2450 1892 2458 1903 ι

1299 1902 1346 1933 De
1367 1875 1465 1934 G‘iatia
1486 1888 1579 1933 nostrii
1601 1902 1729 1940 speciali,
1747 1912 1779 1933 ac
1807 1912 1843 1933 ex
1865 1911 1941 1933 certa
1964 1902 2077 1934 scientia
2091 1904 2124 1934 &
2139 1913 2220 1934 mero
2237 1902 2327 1935 Motu
2349 1885 2372 1904 ι’
2386 1885 2412 1904 m
2429 1882 2444 1910 ⁷

1261 1941 1362 1971 nostris
1374 1964 1384 1980 ,
1401 1941 1531 1971 Dedimus
1546 1942 1579 1972 &
1594 1939 1776 1979 Conceffimus‚
1793 1950 1826 1972 ac
1843 1951 1891 1978 per
1907 1941 2057 1971 Praesentes
2074 1944 2181 1971 Damus
2205 1944 2237 1973 &
2257 1947 2328 1973 con-

1264 1980 1399 2017 cedimus,
1413 1980 1496 2009 eidem
1513 1979 1657 2009 Galliardo
1674 1982 1828 2009 Dominium
1843 1979 1964 2020 Castrum
1981 1978 2019 2014 (ᾤ’
2035 1979 2140 2009 Villam
2155 1981 2187 2010 de
2203 1981 2231 2010 la
2245 1985 2329 2020 Spar-

1265 2029 1295 2048 re
1321 2020 1349 2049 in
1368 2019 1484 2049 Ducaru
1505 2018 1602 2048 nostro
1625 2019 1803 2055 Aquitanniae
1818 2042 1827 2057 ,
1850 2028 1883 2048 ac
1906 2020 2004 2048 omnia
2027 2017 2127 2049 Castra
2143 2042 2152 2055 ‚
2180 2019 2328 2058 Maneria,

1264 2057 1422 2088 Hundreda
1438 2082 1448 2094 .,
1461 2056 1564 2087 Terras
1578 2079 1588 2094 ‚
1604 2056 1804 2095 Tenementa,
1824 2056 1904 2087 Prata
1915 2079 1924 2094 ,
1944 2056 2049 2087 Pascua
2059 2079 2068 2093 ,
2087 2056 2230 2095 Pasturas,
2249 2058 2329 2088 Red-

1265 2096 1338 2126 ditus
1352 2119 1363 2135 ,
1382 2096 1499 2127 Servitia
1518 2119 1527 2134 ‚
1545 2095 1652 2126 Warda
1666 2118 1676 2134 ,
1696 2095 1844 2135 Maritagia
1860 2118 1868 2132 ,
1889 2095 2004 2126 Relevia
2016 2118 2026 2133 ,
2043 2094 2168 2126 Escaetas
2183 2120 2193 2133 ,
2221 2097 2330 2134 Aquas,

1267 2133 1416 2172 piscarias,
1435 2134 1600 2172 Warenna,
1616 2133 1717 2178 Curias
1734 2134 1835 2174 Letas,
1853 2133 1951 2164 Visum
1973 2134 2178 2173 Franciplegii,
2198 2134 2332 2166 Advoca-

1267 2175 1360 2204 tiones
1377 2174 1565 2204 Abbatiasum
1587 2197 1597 2211 ,
1616 2172 1795 2203 Prioratuum
1811 2196 1821 2211 ,
1839 2172 2027 2203 Ecclesiarum
2040 2195 2050 2209 ,
2070 2172 2250 2210 Capellarum
2270 2196 2280 2211 ,
2297 2174 2331 2204 &

1271 2212 1466 2243 Cantariarum
1476 2235 1484 2250 ‚
1502 2213 1535 2243 &
1550 2212 1646 2241 omnia
1658 2211 1708 2241 alia
1723 2211 1855 2241 Proficua
1867 2235 1874 2248 ,
1894 2211 2111 2249 Emolumenta,
2130 2211 2334 2242 Commodita-

1257 2261 1326 2289 xtes,
1345 2252 1567 2283 &Pertinentias
1581 2259 1791 2288 quaecumque,
1810 2250 1882 2280 infra
1897 2249 2072 2280 Dominium
2086 2251 2120 2281 &
2137 2249 2239 2280 Villam
2259 2260 2333 2289 prae-

1269 2291 1344 2321 dicta
1359 2289 1518 2327 existentia,
1537 2297 1584 2319 aut
1598 2289 1679 2318 dietis
1698 2287 1842 2318 Dominio
1859 2286 1963 2318 Castro
1979 2289 2012 2319 &
2030 2287 2112 2318 Villae
2134 2288 2170 2318 de
2191 2288 2214 2318 la
2231 2287 2333 2327 Sparte

1272 2330 1330 2360 five
1345 2338 1445 2359 eor-im
1461 2329 1544 2358 alicui
1558 2337 1677 2364 quoquo
1691 2327 1779 2357 modo
1796 2328 1960 2364 pertinentia
1976 2327 2033 2356 sive
2051 2326 2230 2365 Spectantia,

1308 2367 1445 2398 Habenda
1461 2367 1494 2397 ὃς
1504 2365 1629 2396 Tenenda
1647 2365 1817 2395 Dominium
1826 2364 1979 2403 ‚Castrum
1994 2367 2028 2396 &
2043 2365 2147 2396 Villam
2162 2366 2198 2396 de
2213 2366 2236 2396 la
2252 2365 2337 2404 Spar-

1273 2418 1303 2437 re
1326 2407 1460 2444 praedicta
1475 2428 1484 2443 ‚
1510 2415 1542 2435 ac
1566 2405 1663 2435 omnia
1687 2404 1721 2434 &
1741 2404 1844 2443 finguia
1864 2404 1914 2434 alia
1940 2403 2084 2433 Praemiffa
2102 2426 2111 2441 ,
2138 2414 2206 2434 cum
2232 2414 2335 2435 eorum

1274 2445 1447 2484 pertinentiis
1463 2443 1612 2479 universis,
1623 2440 1741 2481 prefato
1754 2441 1904 2480 Gabardo,
1923 2441 1961 2476 ό·
1978 2442 2138 2471 Haeredibus
2148 2442 2208 2482 ficis
2226 2443 2338 2482 Mastu-

1276 2484 1328 2522 Iis,
1345 2484 1380 2514 de
1398 2482 1498 2513 Nobis
1514 2482 1547 2512 &
1562 2481 1734 2511 Haeredibus
1754 2480 1854 2511 nostris
1879 2482 2103 2518 imperpetuum,
2123 2480 2170 2510 Eo
2191 2482 2271 2519 quod
2293 2490 2342 2512 ex-

1274 2522 1364 2561 pressa
1390 2522 1499 2552 mentio
1518 2521 1554 2550 de
1577 2520 1681 2550 Valore
1705 2519 1810 2549 Annuo
1831 2519 1869 2549 sin
1911 2520 2004 2549 lorum
2028 2519 2243 2550 Praemifforum
2259 2543 2270 2558 ‚
2294 2520 2339 2551 seu

1275 2571 1374 2591 eorum
1393 2561 1523 2597 alicujus,
1541 2559 1598 2589 live
1613 2558 1648 2588 de
1662 2557 1797 2597 aliquibus
1810 2556 1866 2587 aliis
1913 2560 1975 2588 onis
1987 2559 2020 2589 &
2037 2557 2276 2588 Concessionibus
2290 2568 2339 2596 per

1276 2600 1346 2631 Nos
1364 2597 1484 2639 praefato
1506 2597 1639 2627 Galiardo
1660 2606 1725 2627 ante
1743 2597 1806 2626 haec
1827 2604 1956 2633 tempora
1978 2596 2057 2626 faotis
2076 2596 2110 2627 δε
2131 2596 2288 2634 conceffis,
2306 2598 2338 2627 in

1277 2637 1458 2677 praesentibus
1475 2638 1595 2668 minime
1609 2635 1681 2666 facia
1696 2635 1804 2672 existit,
1822 2644 1868 2665 aut
1883 2635 1977 2673 aliquo
1990 2633 2120 2673 Statuto,
2140 2635 2234 2673 Actu,
2254 2634 2342 2666 Ordi-

1277 2677 1410 2715 natione,
1427 2675 1637 2711 Restrststione,
1653 2673 1699 2704 seu
1717 2673 1901 2712 Provilione,
1919 2675 1948 2702 in
1963 2675 2137 2705 contrarium
2151 2673 2220 2705 inde
2241 2674 2337 2716 factis,

1278 2716 1372 2752 editis,
1393 2715 1544 2759 ordinatis,
1561 2713 1607 2744 seu
1627 2711 1763 2751 provisis,
1778 2721 1839 2743 non
1854 2712 2041 2743 obstantibus.

1314 2754 1590 2831 Ψεῗὶιέυἱὲἐςέζξρυἀ
1605 2787 1878 2832 Wstmonasterium‚
1892 2788 2031 2820 vicesimo
2047 2787 2154 2819 octavo
2169 2788 2215 2819 die
2229 2787 2309 2828 Julii'.

1410 2869 1464 2898 Per
1486 2870 1579 2897 Breve
1597 2866 1630 2896 de
1650 2867 1768 2895 Privato
1785 2864 1892 2904 sigillo,
1910 2863 1948 2900 ῤ’
1965 2865 1998 2895 de
2012 2867 2094 2895 Data
2105 2865 2257 2904 praediHa,
2275 2866 2341 2895 Au-

1438 2907 1566 2937 &oritate
1580 2904 1769 2934 Parliamenti.

1345 1630 1377 1663 X
1393 1631 1559 1670 Omnibus,
1574 1630 1608 1661 ad
1624 1640 1712 1670 quOS,
1730 1632 1790 1663 &c.
1808 1631 1943 1664 Salutem.

1352 1671 1451 1702 Sciatis
1469 1671 1549 1708 quod
1565 1669 1652 1708 Nos,

1515 3038 1678 3083 Commtfflo
1694 3051 1750 3087 pro
1775 3041 1905 3074 Domino
1920 3039 2106 3087 ficpraditflo.

1286 3135 1403 3195 REX
1421 3135 1555 3166 omnibus
1567 3156 1576 3171 ,
1593 3134 1628 3164 ad
1645 3144 1733 3173 quos,
1752 3135 1814 3166 &c.
1834 3134 1969 3165 Salutem.

1381 3175 1479 3206 Sciatis
1498 3174 1597 3210 quod,
2354 3165 2429 3196 Ann-
2447 3163 2492 3196 D-

1321 3212 1402 3244 Cum
1421 3211 1560 3250 quandam
1583 3220 1717 3241 armatam
1735 3211 1895 3242 Potentiam
1911 3233 1920 3248 ‚
1945 3209 1979 3240 ad
1997 3206 2227 3248 proficiscendum
2244 3209 2339 3243 versus
2384 3213 2470 3242 1472·

1282 3251 1378 3282 Partes
1390 3250 1616 3287 Transmarinas,
1635 3260 1702 3280 cum
1718 3249 1835 3280 Dileeslzo
1859 3251 1891 3280 &
1914 3248 2001 3279 Fideli
2024 3249 2122 3278 nostro
2141 3248 2285 3278 Galliardo
2308 3249 2341 3279 de
2358 3248 2409 3271 ΑΗ·
2427 3253 2470 3271 ¹²·

1282 3288 1425 3330 Dureford
1438 3292 1550 3318 Domino
1567 3289 1598 3317 de
1614 3289 1759 3326 Dura5,in
1776 3287 1973 3319 Resistentiam
1984 3287 2216 3318 Adversariorum
2233 3289 2267 3319 &
2283 3287 2342 3318 1ni⁴
2360 3287 2390 3310 Ε·
2410 3293 2442 3328 ,4-

1282 3331 1425 3360 micorum
1443 3327 1624 3364 nostrorum,
1644 3326 1897 3364 Ordinaveritnus,
2379 3321 2435 3349 Ibid

1321 3367 1528 3407 Affignavimus
1549 3365 1631 3405 ipsimi
1654 3364 1826 3394 Galliardnm
1846 3364 1893 3401 (de
1912 3363 1989 3400 cujus
2005 3361 2148 3406 Fidelitate
2169 3364 2204 3396 &
2223 3365 2343 3402 provida

1283 3405 1550 3444 Circumspec'lione
1565 3405 1680 3448 plenam
1700 3403 1830 3434 fiduciam
1848 3402 2018 3444 optinemus)
2033 3410 2065 3429 ac
2079 3410 2103 3430 ei
2123 3401 2235 3439 plenam
2254 3403 2343 3435 Pote-

1283 3445 1382 3475 statem
1399 3445 1432 3474 &
1450 3443 1678 3480 Auetoritatem,
1696 3442 1814 3472 Tenore
1839 3439 2037 3476 Praesentlum,
2055 3438 2166 3470 Damus
2188 3443 2221 3472 &
2247 3442 2341 3473 Com-

1284 3485 1424 3514 mittimus
1440 3481 1474 3550 aid
1490 3482 1636 3512 Armatam
1651 3480 1816 3519 praediciam
1828 3477 2076 3516 Conducendum,
2096 3477 2268 3518 Regendum
2277 3503 2288 3519 ,
2306 3481 2340 3511 δι’.

1284 3522 1603 3591 ΟἙΕὲἓᾶῃΑάυνῐὲτῗεήος
1618 3557 1650 3587 &
1665 3556 1800 3586 Inimicos
1814 3553 1926 3584 nostros
1939 3552 2107 3594 praedictos,
2125 3556 2176 3587 viis
2189 3557 2224 3588 ες
2246 3554 2340 3587 modis

1284 3600 1385 3638 quibus
1401 3597 1518 3635 poterit,
1537 3595 1765 3633 Expugnandum
1781 3595 1812 3624 &
1827 3591 2035 3636 Debellandum
2046 3614 2056 3631 ,

1320 3636 1449 3667 Necnon
1464 3636 1496 3664 ad
1511 3634 1706 3671 quoscumque
1718 3633 1754 3661 de
1768 3632 1882 3675 Armata
1898 3630 2048 3675 pnedffla,
2065 3640 2098 3662 ac
2113 3631 2181 3676 alios
2203 3631 2236 3662 ad
2256 3629 2342 3671 ipJ'mn

1284 3674 1459 3706 Galliardum
1475 3671 1682 3705 Confluentes,
1722 3679 1772 3712 uos
1790 3667 1954 3712 Reginum,
1973 3667 2197 3707 Gubermdom,
2218 3669 2342 3700 Manda-

1283 3717 1316 3759 tis
1325 3737 1335 3753 ,
1354 3707 1934 3777 Proclamagioniffi,r&iordsinatIion'igdis
1947 3707 2016 3746 suis,
2033 3709 2062 3753 i'n
2076 3708 2128 3739 hac
2141 3718 2217 3753 parte
2233 3708 2341 3778 faciel]-

1282 3751 1580 3821 {¹22⁸m&1{'i‘s‘2¹f¹2³nf{m¹⁵e}n
1601 3755 1742 3828 &355AE
1756 3755 1867 3829 aaa?
1884 3755 2278 3829 Dggffigffvgffiggnffgg
2301 3756 2339 3817 ἒξ

1284 3828 1481 3862 Puniendum,
1498 3826 1531 3855 &
1546 3822 1682 3865 Castigari
1696 3823 1729 3852 &
1743 3821 1840 3853 Puniri
1855 3823 2015 3854 faciendum
2025 3848 2033 3859 ‚

1324 3867 1487 3902 Omniaque
1502 3863 1550 3892 alia
1563 3863 1597 3892 &
1613 3861 1729 3899 lingula,
1747 3861 1776 3890 in
1790 3860 1941 3893 Praemiffis
1955 3860 2103 3892 necessaria
2126 3862 2160 3893 ὃς
2180 3869 2350 3901 oportuna,.

1287 3905 1475 3939 Faciendum,
1491 3900 1724 3935 Excercendum,
1740 3900 1773 3930 &
1789 3899 2014 3938 Exequendum3

1329 3940 1440 3974 Damus
1456 3948 1548 3969 autern
1563 3937 1694 3968 universis
1710 3938 1743 3968 δε
1759 3938 1866 3978 singulis
1879 3940 1914 3969 de
1929 3939 2044 3968 Armata
2059 3937 2192 3974 praedifta
2207 3959 2217 3977 ,
2235 3947 2268 3970 ac
2287 3939 2345 3971 aliis

1310 3976 1794 4054 ἳοἯωῄέἓῗὲΞῖἐὲἒὲἓαῖῗὲῗαῖ
1808 3975 2295 4047 ιἸ-Ῑῗέῃῗὲιιῗὲῗῦῗὲῑὲἓωόυὲἓέἓ
2316 3980 2348 4046 {3

1331 4031 1364 4050 an
1385 4030 1400 4049 a

1289 4059 1424 4091 omnibus
1439 4054 1591 4093 diligenter.
2320 4089 2356 4122 In
