2555 4266
560 95 1355 151 CONVENTIONES‚
1416 92 1804 147 LITERAE,

1304 181 1379 225 redes
1397 181 1431 213 &
1451 179 1647 219 Succeffores,
1671 178 1751 211 bona
1769 178 1827 210 fide
1850 179 1953 219 absque
1972 179 2138 213 difficultate
2162 179 2269 219 aliqua,
2293 181 2371 221 juxta
2381 173 2513 206 A⁰U·D·'

1304 220 1467 258 hujusmodi
1481 220 1656 257 Requestam
1669 219 1761 249 facere
1775 218 1820 261 seu
1833 227 1913 256 agere
1934 228 2078 251 teneantur
2087 244 2099 260 ,
2115 220 2149 250 ad
2164 230 2233 250 eum
2249 220 2285 251 N
2289 231 2371 252 ume-
2402 224 2415 244 Ι
2422 222 2437 252 5
2440 223 2489 244 00·

1305 269 1367 289 rum
1381 259 1599 298 Armigerorum
1613 259 1647 290 &
1663 256 1898 294 Sagittariorum,
1914 266 1949 287 ac
1965 258 2099 289 Navium
2115 258 2371 297 Armatarum,seu
2385 257 2449 281 Hm·
2465 261 2494 290 70.

209 113 285 166 148

58 203 136 234 Arm.
152 201 194 232 D.
207 196 398 235 concordata,
415 195 539 231 firmata,
557 194 591 226 &
605 194 690 231 jurata
699 191 850 229 Amicitia,
869 188 1050 233 Concordia,
1069 186 1157 231 Liga,
1168 185 1266 223 Unio,

81 248 168 278 1500.
212 236 451 273 Confoederatio,
465 235 498 265 ὅ(
516 233 593 271 Pax,
608 232 658 262 sub
673 231 780 262 Forma
797 231 832 262 δε
847 228 984 267 Capitulis
995 227 1192 265 sequentibus,

59 283 123 309 Heu.
139 288 166 315 7.

65 2636 81 2651 ·
98 2635 167 2664 ΧΠ.

65 2681 130 2710 743·

249 312 332 345 Cum
347 309 556 346 Sereniffimos,
576 307 705 339 Celebris
729 305 886 337 Memoriae
920 303 1083 341 Principes,
1106 302 1141 333 ad
1160 300 1269 346 Unita—

211 359 272 383 tem
284 351 366 382 Pacis
378 350 436 380 suas
447 349 518 379 vires
531 346 683 377 exhibuisse
702 346 866 381 noscamus,
909 343 1107 382 rincipumque
1124 340 1266 371 Officium

215 391 307 429 exigat
325 388 449 419 omnino
471 385 580 416 Pacem
602 385 692 423 tueri,
723 383 758 413 ad
780 381 978 420 Diffipandam
996 381 1030 412 &
1049 378 1265 422 Infringendam

206 427 350 459 Hostium
365 424 595 461 Fortitudinem,
612 424 646 454 &
661 430 763 453 eorum
775 420 858 451 Vires
870 419 1026 457 tollendas,
1046 427 1078 449 ut
1085 417 1266 449 StatusPrin-

205 467 305 506 cipum
324 462 470 502 tranquille
486 460 704 497 conserventur,
721 459 833 490 nullum
851 460 939 499 aptius
957 457 1134 488 Remedium
1156 455 1266 486 videtur

228 507 295 534 uam
310 501 496 532 orthodoxos
509 499 654 537 Principes
667 498 748 529 Vires
765 497 824 528 suas
838 498 933 536 unire,
951 495 1058 528 Pacem
1073 505 1105 526 ac
1129 493 1266 524 Concor-

204 514 282 572 fliam
300 547 434 578 perpetuo
450 537 589 575 Foedere,
606 537 736 568 Vinculo
750 536 895 574 Caritatis,
912 537 984 566 inter
998 534 1063 565 Sese
1077 532 1264 563 conuenere:

205 580 277 610 cum
291 578 434 608 Humanis
447 577 547 607 Rebus
559 576 628 605 nihil
641 575 816 613 pernitiofius
830 574 908 605 Bello
921 569 1196 613 autDiscordia-esse
1203 568 1266 606 pos-

204 619 251 648 sit:
270 626 324 647 nec
345 617 499 654 quicquam
521 614 654 645 salubrius
682 612 784 652 Pace,
808 612 980 644 Inhaerentes
999 610 1150 653 Doeirinis
1172 607 1266 650 Sacrae

203 655 306 694 Legis,
326 655 427 692 quibus
441 653 520 684 Pacis
543 652 630 684 Unio
643 652 756 683 cunetis
775 652 906 688 Regibus
925 659 958 679 ac
980 647 1135 690 fidelibus·
1149 645 1267 684 Populis

204 693 443 729 commendatur,
458 691 592 722 Domino
607 690 765 722 Mandante
779 689 876 719 habete
889 686 1010 717 Salutem
1025 688 1055 715 in
1070 683 1148 715 vobit
1161 683 1195 714 &
1209 685 1267 712 Pa-

202 743 258 762 cem
271 731 370 761 habete
384 735 456 761 inter
468 740 529 760 vos.
1135 761 1140 766 ι
1165 761 1171 766 .

201 777 205 784 ’
241 769 309 800 Hiis
324 771 415 808 itaque
429 769 564 799 omnibus
585 766 693 799 Pacem
711 765 889 798 suadentibus
907 762 1017 794 accedit
1038 761 1186 804 Sanguinis
1200 758 1265 803 Ne-

203 808 343 840 eeffitudo
361 810 394 839 &
416 806 631 845 Propinquitas,
645 815 710 843 quae
732 805 805 835 inter
823 801 1036 833 Sereniffimum
1058 801 1092 831 &
1114 798 1266 829 invictiffi-

203 857 288 878 mum
302 846 469 885 Principem
483 848 630 875 Henricum
646 846 789 880 Septimum
804 840 919 878 Angliae
934 842 1106 881 Franciaeqife
1121 835 1264 880 Regem&

202 888 351 916 Dominum
363 885 504 915 Hiberniae
517 893 549 913 ac
565 881 763 912 illustrissimos
775 881 806 911 δε
821 877 1030 909 potentissimos
1046 876 1187 912 Principes
1200 878 1267 904 Fer—

203 924 353 954 dinandum
368 922 407 959 ὀ·
420 919 615 952 Elizabecham
629 922 723 956 Regem
740 916 778 953 ὠ·
793 921 923 955 Reginam
938 914 1058 985 cassellae
1070 912 1108 949 «θ’
1128 916 1267 952 Legionis,

205 966 386 1000 Aragonum,
409 959 518 997 Siciliae,
541 961 696 996 Granatae,
720 956 781 992 &c.
801 956 954 994 Supremos
1007 954 1121 983 ominos
1139 952 1267 996 nos’tros,

203 1011 319 1032 necnon
349 996 554 1030 Gloriofillima
577 995 797 1026 Matrimonialis
817 993 1054 1032 Conjunekioque
1086 1000 1174 1029 nuper
1192 999 1264 1022 inter

204 1039 422 1070 illustrissimum
442 1035 607 1065 Dominum
616 1033 774 1064 Arthurum
782 1036 931 1071 PrincePem
946 1030 1072 1068 Walliae,
1090 1033 1192 1059 Ducem
1201 1033 1266 1059 Cor-

203 1078 310 1115 mbiae,
329 1075 366 1110 ὠ
383 1078 510 1103 Comitem
523 1073 629 1111 Cestrtae
644 1072 868 1111 Primogenitum
885 1070 992 1108 praefati
1006 1067 1177 1100 Sereniffimi
1190 1071 1267 1105 Regis

204 1116 316 1153 Angliae
328 1112 366 1148 ὠ
379 1116 518 1149 Franciae‚
535 1113 568 1143 ὃς
583 1110 848 1142 Excellentilsimam
863 1109 1025 1140 Dominam
1039 1109 1206 1137 Katerinam
1219 1107 1267 1137 Fi·

202 1155 269 1185 liam
283 1152 461 1193 praefiitorum
474 1153 551 1188 Regis
564 1148 603 1185 ὠ·
616 1154 726 1187 Reginae
743 1149 937 1189 Hispaniarum
958 1146 1076 1177 feliciter
1090 1146 1249 1184 emerserit,

240 1191 387 1230 Quocirca
402 1190 472 1220 cum
493 1190 528 1219 ad
547 1188 677 1219 Statuurn
696 1189 899 1226 praedietorum
917 1185 1084 1223 Principum
1108 1183 1267 1216 Conserva-

201 1232 313 1261 tionem
340 1228 426 1259 tutius
440 1226 612 1267 securiusque
634 1227 808 1258 retinendam
831 1225 938 1264 praefati
960 1223 1105 1262 Principes
1124 1223 1158 1254 ad
1179 1231 1267 1254 cerias

199 1268 283 1300 Pacis
297 1267 482 1299 Conditiones
496 1266 640 1304 inclinati,
663 1275 765 1296 eorum
781 1264 916 1296 Oratores
932 1264 965 1295 &
981 1262 1174 1294 Commiffarii
1189 1262 1268 1301 supe-

202 1307 284 1339 rinde
299 1307 467 1344 statuerunt,
485 1304 617 1336 videlicet
626 1327 636 1344 ,

240 1345 298 1376 Pro
313 1345 394 1376 Parte
408 1343 577 1375 Sereniffimi
596 1344 677 1379 Regis
699 1341 812 1380 Angliae
828 1339 865 1376 ὠ·
876 1344 998 1371 Franciae
1008 1364 1018 1380 ,
1033 1338 1219 1371 Reverendus
1237 1341 1265 1370 in

203 1384 324 1415 Christo
346 1384 425 1413 Pater
451 1382 596 1412 Dominus
617 1380 732 1411 Thomas
756 1380 950 1420 Londonienfis
972 1382 1027 1418 Epi
1040 1387 1130 1418 copus,
1153 1379 1190 1410 Et
1213 1388 1266 1416 pro

202 1422 286 1454 Parte
304 1422 503 1452 Dominorum
517 1423 594 1457 Regis
608 1419 646 1456 (γ’
655 1422 763 1458 Reginae
777 1419 984 1459 Hispaniarum,
1031 1418 1193 1449 onorandus
1201 1417 1267 1448 Do-

203 1463 299 1493 minus
314 1461 416 1490 Dollor
430 1459 462 1488 de
476 1459 579 1488 Puebla
588 1482 598 1497 ,

239 1499 417 1531 Aut-storitate
435 1497 585 1529 sufficienti
598 1497 628 1528 in
645 1497 698 1529 hac
714 1506 790 1536 parte
807 1497 846 1528 eis
867 1495 1016 1528 commissa
1040 1496 1130 1533 (cujus
1150 1494 1265 1534 quidem

199 1536 388 1570 'Auctoritatis
401 1536 534 1567 Tenores
546 1537 576 1567 in
591 1538 674 1568 certis
685 1536 900 1576 Instrumentis,
917 1536 995 1574 super
1011 1535 1091 1565 dicto
1106 1533 1266 1565 Conrrmstu

203 1575 410 1608 Matrimoniali
423 1575 578 1613 confectis,
595 1576 629 1607 &
643 1574 748 1606 eisdem
768 1575 886 1612 insertis,
905 1574 987 1612 plene
1010 1572 1183 1609 continetur)
1202 1572 1266 1610 post

205 1616 295 1647 multa
308 1614 384 1645 ultro
395 1615 521 1652 citroque
534 1613 670 1644 Tradiata
682 1614 716 1645 &
727 1613 775 1644 diu
783 1612 1024 1650 Communicata,
1042 1611 1157 1642 tandem
1173 1612 1201 1640 in
1215 1611 1268 1641 hos

203 1653 350 1685 Articulos
368 1653 510 1691 sequentes
525 1651 816 1690 Condescenderunt‚
833 1652 868 1682 &
881 1651 959 1688 super
980 1650 1091 1681 eosdem
1109 1649 1265 1680 Convene-

204 1700 291 1732 runt,
313 1690 534 1723 Concordarunt
546 1713 557 1729 ,
574 1691 608 1723 &
624 1690 851 1728 Concluserunt,
869 1698 952 1729 prout
965 1687 1104 1728 sequitur,
1119 1688 1267 1726 videlicet,

245 1770 454 1802 Immitis
471 1792 481 1809 ,
505 1770 694 1809 vastatum,
716 1768 957 1808 Concordaturn,
973 1769 1006 1802 &
1029 1766 1207 1800 Conclusurn
1225 1765 1267 1798 est

207 1809 290 1848 quod
304 1811 374 1841 inter
391 1809 539 1847 praefatum
559 1810 771 1841 Sereniffimum
783 1810 946 1849 Principem
962 1810 1110 1838 Henricum
1124 1809 1268 1845 Septimum

208 1846 323 1886 Angliae
350 1850 521 1888 Franciaeque
544 1849 637 1886 Regem
658 1851 806 1878 Dominum
823 1847 978 1885 Hiberniae,
997 1845 1269 1883 Illustriffimumque

203 1885 368 1917 Dominum
382 1885 541 1915 Arthurum
560 1886 668 1917 Walliae
681 1890 830 1925 Principem
847 1887 905 1925 ejus
919 1886 1147 1925 primogenitum
1161 1884 1266 1914 Filium

203 1924 540 1967 Haeredem,eorumque
550 1924 684 1957 Haeredes
700 1927 734 1957 &
747 1925 925 1957 Successores
938 1934 972 1954 ex
983 1924 1064 1955 Parte
1081 1933 1152 1961 una,
1171 1923 1205 1954 &
1218 1922 1270 1953 Se-

204 1963 363 1994 reniffimos
382 1963 528 2001 Principes
548 1964 747 1994 Ferdinandum
761 1964 799 2000 όν
810 1963 1006 1994 Elizabetham
1015 1961 1154 2002 Castellae,
1173 1964 1271 1998 Legio-

205 2005 266 2039 nis,
292 2005 468 2040 Aragomcm,
487 2002 601 2040 Siciliae,
615 2005 766 2041 Granum,
785 2002 845 2038 &c.
864 2006 959 2041 Regem
975 2001 1013 2037 ᾧ·
1036 2005 1183 2038 Reginam,
1201 2000 1270 2031 Illu—

202 2040 420 2079 striffimumque
435 2040 600 2078 Principem
615 2041 776 2071 Michaelem
797 2043 964 2072 eorumdem
987 2039 1141 2078 Nepotem
1155 2039 1188 2070 &
1203 2039 1270 2078 legi-

204 2080 309 2109 timum
320 2078 473 2109 i-iaeredetn
487 2101 497 2117 ,
508 2088 666 2117 eorumque
680 2080 817 2111 Haeredes
831 2081 864 2112 &
880 2079 1057 2112 Succeflores
1071 2087 1104 2109 ex
1118 2086 1194 2116 parte
1203 2079 1272 2108 alte-

204 2127 254 2156 ra,
269 2127 369 2161 eorum
396 2117 512 2156 Regna,
532 2118 687 2156 Dominia,
704 2118 825 2157 Parias,
843 2120 877 2150 &
902 2119 984 2149 Loca
1007 2126 1194 2156 quaecumque
1215 2118 1270 2146 im-

205 2155 417 2194 praesentiarum
431 2165 480 2194 per
502 2166 550 2187 eos
568 2157 704 2195 possessa,
724 2167 840 2189 necnon
859 2158 894 2188 &
917 2166 1017 2188 eorum
1034 2155 1184 2193 Vaffallos,
1201 2154 1269 2185 Ho-

206 2196 318 2233 mines,
337 2195 371 2225 &
387 2194 519 2226 Subditos
529 2197 589 2226 tam
601 2195 812 2227 Eccleiiasticos
827 2197 915 2235 quam
929 2195 1072 2226 Seculares
1083 2218 1093 2233 ,
1110 2195 1270 2232 cujuscum-

202 2243 261 2272 que
284 2232 395 2270 Status,
425 2232 556 2272 Gradus,
582 2234 625 2265 seu
648 2234 832 2265 Conditionis
858 2235 978 2273 fuerint,
995 2235 1055 2264 tam
1078 2243 1127 2272 per
1143 2233 1267 2263 Terram

199 2273 286 2312 quam
301 2282 350 2310 per
366 2270 450 2302 Mare
467 2274 500 2304 &
515 2273 610 2311 Aquas
627 2273 721 2304 dulces
743 2282 776 2305 ac
797 2274 902 2312 ubique
917 2273 1088 2310 Locorum,
1105 2272 1142 2302 ab
1156 2272 1210 2302 hac
1225 2272 1270 2301 die

200 2313 237 2341 de
252 2319 373 2348 caetero,
391 2310 485 2349 bona,
501 2312 598 2350 realis,
617 2311 741 2350 sincera,
767 2322 831 2343 vera
842 2335 852 2350 ,
876 2313 1001 2350 integra,
1026 2311 1150 2349 perfecta
1161 2334 1170 2348 ,
1193 2309 1272 2340 firma

203 2349 339 2380 Amicitia
350 2371 360 2387 ,
378 2346 544 2392 Concordia
554 2373 564 2388 ,
584 2351 676 2390 Liga,
692 2350 794 2390 Unio,
814 2350 1053 2387 Confoedetatio,
1071 2350 1104 2382 &
1119 2348 1176 2379 Pax
1191 2349 1271 2379 firma

203 2397 285 2432 atque
310 2396 442 2431 perpetua
466 2392 496 2418 lit
523 2389 666 2427 habitura,
682 2389 715 2419 &
737 2399 790 2427 pro
811 2389 909 2420 futuris
931 2389 1071 2427 perpetuis
1093 2388 1274 2426 temporibus

206 2430 374 2457 mconculse
389 2426 422 2456 &
438 2426 631 2458 iuviolabiliter
646 2427 783 2458 custodita
803 2430 836 2460 δε
852 2427 1034 2465 conservata,
1053 2428 1090 2457 ita
1105 2426 1184 2464 quod
1206 2426 1273 2456 Par-

205 2474 246 2496 tes
262 2466 406 2505 pi‘aeditihe
423 2466 576 2502 (videlicet)
592 2467 722 2504 praefatus
737 2466 931 2497 Sereniffimus
944 2469 1006 2496 Rex
1013 2465 1127 2503 Angliae
1137 2463 1272 2499 &Fran-

208 2508 255 2533 ciae
265 2527 274 2543 ,
293 2505 325 2534 &
341 2504 474 2536 antediffi
489 2503 665 2534 Illustriffirni
679 2504 802 2535 Domini
816 2505 1011 2544 Hispaniarum
1023 2508 1083 2534 Rex
1097 2501 1135 2538 ὠ·
1151 2505 1272 2542 Regina,

207 2541 408 2585 Principesque
423 2543 552 2581 praediffl
568 2544 608 2588 sui
619 2543 756 2587 Haejredes
770 2553 927 2582 eorumque
941 2542 1137 2588 SuccefforeS,
1156 2542 1208 2586 sint
1225 2552 1274 2572 vc-

208 2590 233 2638 {¹
241 2581 443 2650 eineres&
455 2591 494 2649 ξέἰ
498 2582 740 2650 ‘ffisszffiizn
747 2582 918 2660 ξὲἓῗὲἔῖῗ
925 2580 1274 2650 iofflffisk'ffi’suss}

209 2658 361 2696 praedictos
380 2658 517 2688 Haeredes
542 2660 572 2687 in
596 2658 647 2688 suis
669 2659 794 2689 Statibus
809 2682 818 2697 ,
842 2659 969 2698 Regnis,
987 2660 1021 2690 &
1043 2658 1207 2695 Dominiis,
1226 2667 1275 2696 pet

211 2706 278 2735 eos,
296 2705 327 2726 ut
341 2696 510 2734 praedidium
524 2696 582 2733 est,
603 2696 863 2734 impraesentiarium
872 2697 1012 2734 poffeffis,
1027 2698 1061 2726 ὃ(
1075 2697 1108 2726 ad
1122 2695 1274 2726 Defenfio-

211 2745 279 2767 nem
292 2735 404 2765 illorum
424 2743 524 2765 contra
547 2743 647 2763 omnes
669 2733 815 2764 Homines
837 2734 964 2771 Mundi,
983 2734 1084 2770 absque
1105 2734 1194 2771 aliqua
1218 2734 1276 2763 Ex-

212 2775 346 2843 cePtffne
359 2773 405 2803 seu
415 2772 646 2842 {eservatssnq
656 2773 693 2816 ita
707 2772 981 2841 ςιὲὸάὗυίευῐυςμε
999 2772 1136 2840 Prinffps
1150 2772 1195 2815 yel
1210 2773 1276 2802 alius

213 2820 535 2890 &usnimais
556 2820 802 2892 ἐξιᾙέῖῑοῗὲω
814 2815 1278 2887 ῗὲἓῖἆξῗῑίῗῗηάἳέἶᾞῗωὲἓὲ

214 2891 338 2922 Terram
354 2890 400 2919 vel
415 2888 510 2926 Mare,
524 2888 569 2918 vel
590 2897 690 2926 quovis
705 2887 796 2918 modo
817 2887 974 2919 Offiendere
990 2888 1037 2918 vel
1052 2887 1187 2917 invadere
1210 2897 1275 2917 mo-

213 2930 332 2966 liantur,
349 2937 403 2967 pro
421 2927 536 2957 Viribus
548 2926 600 2956 fiiis
617 2926 699 2957 illum
720 2926 767 2956 vel
782 2925 848 2957 Illos
864 2926 1090 2963 Refraenabunt,
1109 2925 1276 2963 impedierit,

215 2969 251 3000 ὃ(
268 2977 321 3005 pro
335 2967 385 2997 suo
407 2965 492 2995 Poffe
508 2964 650 2995 Refistenr
666 2974 700 2996 ac
722 2964 906 3003 Defendent,
925 2974 1040 2994 necnon
1063 2964 1111 3002 ipsi
1133 2963 1278 3001 Principes

215 3006 324 3045 praefati
339 3013 495 3043 eorumque
514 3003 667 3041 Haeredes,
686 3012 716 3033 ut
732 3003 910 3042 praedicitur,
928 3002 1090 3033 adinvicem
1103 3001 1130 3031 se
1144 3003 1278 3039 juvabunt

215 3043 456 3084 quandocumque
469 3042 503 3072 &
517 3041 768 3079 quotienscumque
788 3052 861 3081 opus
883 3042 964 3072 fuerit
979 3041 1094 3072 Auxilio
1109 3050 1177 3070 cum
1197 3041 1279 3070 omni

218 3086 265 3114 lua
280 3081 483 3119 Poffibilitate,
501 3080 579 3123 bona
593 3080 616 3110 F
618 3080 663 3122 ide
669 3104 681 3119 ,
698 3081 731 3111 &
744 3080 846 3121 absque
862 3080 943 3111 Dolo
964 3080 1020 3111 five
1038 3078 1132 3118 aliqua
1150 3078 1280 3118 Fraude,

219 3121 375 3153 secundum
391 3119 532 3150 Ordinem
547 3119 619 3149 infra
630 3122 800 3156 sequentem.

258 3160 330 3190 ΙΤΕ
340 3167 384 3197 Μ,
400 3158 586 3189 Conventum
599 3158 632 3188 ὅτ.
647 3156 826 3188 Conclusum
840 3157 880 3188 est
897 3157 977 3196 quod
993 3166 1089 3188 neuter
1098 3155 1279 3193 patratorum

218 3198 389 3236 Principum
401 3196 540 3238 praestabit
554 3195 717 3233 Auxilium,
735 3195 909 3234 Consilium,
926 3197 971 3227 vel
994 3197 1133 3226 Favorem
1155 3193 1282 3224 Inimicis

220 3237 331 3268 alterius
348 3236 435 3267 Partis
449 3234 585 3265 invadere
597 3234 775 3273 volentibus,
793 3234 838 3266 sed
860 3235 990 3273 praefatus
1012 3232 1208 3265 illustrissimus
1221 3235 1281 3262 Rex

225 3275 337 3312 Angliae
351 3274 389 3310 ὠ·
402 3276 524 3304 Franciae
539 3274 572 3304 &
589 3273 717 3310 praeditsti
733 3271 855 3303 Domini
871 3277 931 3303 Rex
953 3273 991 3309 όν
1013 3275 1114 3310 Regina
1133 3271 1282 3309 Hispania-

226 3324 286 3344 rum
299 3313 435 3344 Haeredes
450 3313 483 3343 &
501 3311 680 3342 successores
692 3311 731 3341 sui
753 3320 853 3342 contra
866 3321 967 3342 omnes
986 3312 1132 3350 Principes
1148 3310 1190 3339 vel
1214 3310 1282 3339 alios

225 3351 434 3390 quoscumque,
449 3350 551 3388 absque
562 3350 656 3388 aliqua
673 3349 847 3387 Exceptione
861 3349 907 3380 seu
923 3350 1122 3380 Reservatione
1140 3348 1284 3378 nominata

226 3390 275 3420 vel
291 3390 480 3428 innominata,
498 3389 547 3426 qui
563 3389 681 3427 Terras,
700 3388 816 3427 Regna,
835 3387 990 3427 Dominia,
1007 3390 1040 3420 δε
1057 3387 1138 3417 Loca
1157 3385 1282 3422 ipsorum

227 3436 293 3466 quae
309 3437 384 3458 nunc
397 3427 534 3467 possident
548 3426 715 3466 Impugnare
727 3427 773 3457 vel
781 3426 917 3457 invadere
933 3427 1055 3456 nitantur
1071 3426 1114 3455 vel
1124 3425 1286 3462 moliantur,

227 3467 276 3497 seu
291 3464 431 3497 Guerram
447 3474 492 3497 aut
506 3465 616 3497 Bellum
631 3471 721 3496 tacere
737 3474 784 3496 aut
799 3474 916 3495 movere
938 3464 1018 3504 super
1032 3465 1084 3494 hiis
1104 3462 1285 3500 praesumpse-

229 3506 306 3542 rint,
321 3503 451 3535 advicern
471 3504 497 3534 se
509 3504 697 3543 adjuvabunt,
715 3504 748 3535 δε
766 3503 845 3542 quod
865 3502 1025 3541 hujusmodi
1038 3502 1197 3540 Juvamen,
1214 3501 1283 3531 Suc-

229 3546 342 3579 curstm,
358 3543 391 3574 &
406 3543 547 3572 Auxilium
561 3542 608 3574 fiat
623 3544 656 3574 ὅτ.
672 3542 815 3581 praestetur
830 3542 900 3572 infra
912 3541 1030 3579 spatium
1046 3540 1181 3570 Duorum
1198 3537 1286 3569 Men·

232 3583 306 3614 sium
319 3591 334 3612 a
348 3590 477 3618 tempore
492 3580 707 3620 Requisitionis,
725 3580 857 3618 Expensis
879 3590 974 3611 tamen
990 3579 1088 3610 Princi
1110 3576 1287 3615 is²lnterpel-

231 3620 314 3651 lantis
328 3623 361 3653 &
379 3620 568 3657 acquirente,
587 3619 679 3658 Quod
690 3620 855 3656 Auxilium,
874 3618 1071 3658 Succursum,
1100 3625 1236 3652 uvamen,
1253 3617 1286 3646 ὃς

233 3659 403 3696 adjutorium
416 3659 507 3689 facere
520 3659 563 3687 seu
577 3667 656 3696 agere
669 3666 813 3689 teneantur
826 3657 903 3688 bona
919 3657 974 3687 side
985 3654 1207 3687 &estedimlster
1218 3655 1288 3685 sicut

232 3698 357 3729 facerent
370 3701 401 3729 in
413 3696 465 3727 suis
480 3697 596 3733 propriis
609 3697 642 3726 N
645 3699 757 3735 egoiii53
776 3695 924 3734 videlicet,
997 3698 1004 3700 i

271 3737 366 3774 Quid
381 3737 400 3766 si
422 3735 566 3773 contingat
583 3736 728 3772 praefatum
746 3734 960 3766 Sereniffimum
979 3736 1075 3770 Regem
1089 3729 1202 3769 Angliae
1216 3731 1290 3761 suos-

234 3783 288 3812 que
303 3775 436 3805 Haeredes
448 3774 481 3804 &
496 3772 670 3803 Successores
689 3773 837 3812 praedietos
850 3773 1030 3803 Hominibus
1055 3771 1175 3801 Armatis
1193 3769 1289 3807 Eque-

233 3814 336 3843 stribus
352 3814 396 3844 vel
418 3810 612 3848 PedestribuS,
629 3819 677 3840 aut
697 3811 846 3849 Sagittariis
868 3811 913 3841 vel
938 3810 1070 3840 Navibus
1086 3809 1224 3844 Armatis,
1242 3817 1288 3839 aut

235 3851 291 3880 aliis
307 3852 420 3881 Auxiliis
436 3851 543 3881 Bellicis
554 3848 742 3886 imposterum
759 3850 897 3888 indigere,
915 3858 947 3879 ac
961 3859 1014 3886 pro
1036 3848 1068 3878 δί
1091 3847 1168 3884 super
1184 3846 1287 3875 eisdem

237 3886 392 3919 Subsidium
405 3901 420 3920 a
433 3889 514 3919 dietis
534 3887 671 3917 Dominis
692 3889 761 3923 Rege
782 3887 819 3920 (ἐν
844 3890 944 3923 Regina
967 3886 1107 3926 Hisjvaniae
1128 3894 1287 3922 eorumque

235 3922 399 3968 Haeredibus
419 3929 451 3958 ὃ(
467 3926 676 3957 Succefforibus
698 3924 855 3962 praedictis,
873 3927 906 3955 ὃς
929 3925 1008 3964 super
1032 3923 1190 3960 hujusmodi
1212 3923 1286 3953 indi—

229 3970 359 4030 εἶπαι-ῃ
375 3974 422 4001 per
442 3965 547 3994 Literas
566 3964 609 3994 vel
635 3964 770 3994 Nuncios
790 3962 957 3994 sufficientes
976 3963 1167 4001 requisierint,
1183 3961 1212 3990 in
1238 3961 1284 3991 tali

230 4033 236 4037 ,
287 4009 303 4030 u
318 4003 443 4033 Dominus
457 4006 516 4033 Rex
529 4001 567 4039 ὀ·
582 4005 701 4034 Domina
717 4004 819 4040 Regina
835 4001 1030 4040 Hispaniarum
1044 4008 1202 4039 eorumque
1211 3998 1283 4040 Haeff

1305 298 1424 328 aliorum
1439 297 1618 327 Auxiliorum
1632 295 1835 326 Bellicosorum
1851 304 1938 332 quem
1948 295 2059 327 Rerum
2067 307 2100 327 ac
2115 297 2337 335 TemporumO
2359 317 2373 324 -

1305 336 1478 374 portunitate
1493 336 1662 374 propriaque
1679 331 1855 363 Necessitate
1869 331 2048 364 confideratis
2061 335 2189 373 praestare
2211 336 2324 376 possunt

1305 383 1456 413 poterunt,
1473 373 1638 412 Sumptibus
1655 381 1768 409 tamen,
1785 371 1940 408 Stipendiis
1957 371 1990 402 ὅ(
2007 371 2140 411 Expenfis
2161 374 2374 407 rationabilibus

1305 414 1411 452 praefati
1425 412 1551 443 Domini
1571 414 1649 448 Regis
1668 409 1781 447 Angliae
1795 408 1956 439 Haeredum
1972 411 2006 441 &
2023 409 2225 443 Successorum
2239 414 2371 444 suorum:

1305 461 1370 490 quae
1388 450 1527 490 Expensae
1550 450 1584 481 &
1604 450 1750 488 Stipendia
1770 447 1936 478 taxabuntur
1954 448 1987 478 &
2009 448 2249 490 moderabuntut,
2267 453 2368 483 habito

1306 490 1432 528 respecstu
1453 489 1488 520 ad
1510 488 1618 519 Forum
1641 487 1815 518 ViCtualium
1837 486 1915 525 quod
1931 486 1963 529 *iri
1985 485 2115 517 Partibus
2139 497 2208 520 tunc
2233 492 2372 529 temporis

1305 528 1460 565 contigerit
1473 528 1628 558 secundum
1644 526 1718 557 Loci
1740 525 1773 556 &
1793 523 1950 562 Temporis
1970 521 2144 555 Ubertatem
2167 535 2214 557 aut
2234 528 2370 561 Sterilita-

1305 573 1384 604 tem,
1402 566 1448 603 qui
1465 565 1606 604 Armigeri
1620 566 1654 596 δε
1670 564 1825 603 Sagittarii,
1842 573 1875 593 ac
1892 562 1992 593 Naves
2012 562 2158 600 Armatae‚
2173 564 2218 595 seu
2236 567 2286 597 alia
2307 568 2370 598 Au-

1304 603 1366 633 xilia
1378 603 1482 634 Bellica
1495 605 1574 640 Regis
1586 602 1625 638 ό·
1639 605 1746 640 Reginae
1760 602 1956 641 Hispaniarum
1973 600 2071 632 debite
2087 602 2120 632 &
2135 601 2252 633 fideliter
2263 605 2370 645 praefa-

1303 649 1332 671 to
1345 644 1411 678 Regi
1423 641 1536 678 Angliae
1551 643 1586 673 ὃς
1602 642 1654 672 suis
1669 641 1840 671 Haeredibus
1853 649 1934 679 atque
1957 639 2170 670 Succefforibus
2189 642 2219 671 in
2242 643 2368 680 ipsorum

1304 679 1422 710 Guerris
1444 681 1520 709 circa
1538 678 1682 709 Praemiffi
1703 679 1850 709 inservient
1872 689 1921 719 per
1936 678 2062 708 Terram
2077 679 2111 708 &
2129 688 2177 718 per
2206 679 2290 711 Mare
2325 683 2369 714 se-

1303 717 1434 748 cundum
1451 726 1580 748 mentem
1595 719 1628 749 &
1641 716 1818 748 voluntatem
1833 717 1939 756 praefati
1950 716 2158 754 DominiRegis
2165 703 2370 758 Angliae,i-1ae-

1303 756 1406 824 gedum
1428 756 1461 787 &
1490 756 1696 788 Succefforum
1714 755 1830 786 suorum
1852 755 1987 795 quamdiu
2009 755 2141 786 duxerint
2160 765 2210 787 eos
2232 756 2372 791 Retinen-

1323 804 1356 824 os

1338 817 1396 872 E't,
1414 834 1472 871 pari
1487 833 1596 871 modo,
1610 832 1630 863 fi
1645 833 1792 872 contingat
1806 832 1940 871 praefatos
1957 828 2108 864 Dominos
2123 837 2219 872 Regem
2234 833 2273 870 ό·
2289 839 2371 874 Regi-

1304 883 1368 900 nam
1391 872 1588 912 Hispaniarum
1611 881 1768 910 eorumque
1789 871 1927 902 l-iaeredes
1950 872 1984 902 &
2008 872 2189 903 Successor&
2212 875 2368 912 praedictos

1302 909 1480 942 Hominibus
1493 910 1629 951 ArmatiS,
1642 909 1825 948 Equestribus
1840 910 1885 941 vel
1900 909 2146 948 Pedestribus,aut
2157 911 2307 951 Sagittariis
2325 915 2372 946 vel

1305 947 1439 979 Navibus
1460 950 1599 987 Armatis,
1615 957 1661 979 aut
1677 950 1734 979 aliis
1748 948 1868 979 Auxiliis
1889 947 1996 979 Bellicis
2016 949 2205 988 imposterum
2224 952 2371 992 indigere,

1302 996 1335 1030 ac
1357 997 1409 1024 pro
1426 988 1459 1019 &
1480 988 1558 1027 super
1577 987 1681 1018 eisdem
1703 987 1864 1017 Subsidium
1877 997 1892 1016 a
1905 986 1985 1017 dieto
2000 985 2134 1018 Domino
2155 992 2224 1027 Rege
2238 990 2372 1030 Angliae,

1304 1027 1397 1062 eiusve
1412 1026 1584 1057 Haeredibus
1600 1027 1632 1057 &
1646 1025 1861 1056 Successoribus
1882 1025 2042 1064 pmcdfflis,
2058 1026 2092 1056 ὃς
2109 1026 2187 1066 super
2208 1028 2370 1066 hujusmodi

1303 1063 1489 1107 indigentiam
1503 1075 1552 1103 per
1567 1064 1673 1094 Literas
1686 1064 1733 1094 vel
1746 1063 1884 1094 Nuncios
1898 1063 2068 1094 sufficienter
2081 1065 2268 1106 requisierint,
2285 1069 2312 1098 in
2329 1078 2370 1099 ta-

1304 1102 1324 1132 li
1340 1101 1414 1133 Casu
1429 1103 1576 1134 Dominus
1597 1105 1658 1132 Rex
1679 1101 1808 1141 Angliae,
1824 1102 1918 1140 ejusve
1939 1101 2076 1133 Haeredes
2095 1103 2272 1136 Successores
2290 1107 2368 1139 bona

1303 1140 1360 1172 fide
1381 1141 1483 1181 absque
1502 1141 1668 1173 difficultate
1687 1142 1778 1179 aliqua
1796 1142 1874 1179 juxta
1898 1140 2058 1179 hujusmodi
2079 1140 2253 1181 Requestarn
2276 1144 2371 1176 facere

1304 1179 1349 1210 seu
1365 1190 1450 1218 agere
1466 1190 1589 1212 teneatur
1604 1190 1637 1210 ac
1659 1188 1806 1211 teneantur
1824 1179 1858 1210 ad
1876 1189 1942 1210 eum
1958 1179 2126 1210 Numerum
2149 1180 2370 1219 Armigerorum

1303 1219 1337 1249 &
1358 1218 1393 1249 Sa
1413 1220 1573 1250 ittariorum
1594 1218 1783 1256 Naviumque
1807 1218 2008 1256 Armatarum,
2024 1218 2071 1249 seu
2094 1219 2215 1249 aliorum
2240 1220 2372 1254 Auxilio-

1303 1266 1366 1287 rum
1407 1258 1606 1296 ellicosorum,
1620 1260 1707 1296 quem
1722 1257 1835 1288 Rerum
1849 1266 1896 1287 aut
1910 1256 2092 1294 Temporum
2103 1259 2293 1294 oportunitate
2301 1270 2367 1298 pro-

1304 1297 1419 1334 priaque
1432 1296 1608 1328 Neceffitate
1627 1294 1804 1327 consideratis
1826 1294 1956 1334 praestare
1972 1295 2073 1334 possit,
2092 1297 2211 1334 poterit,
2230 1298 2265 1328 ὃς
2283 1307 2368 1338 pote-

1304 1335 1376 1374 rint,
1393 1334 1560 1374 Sumptibus
1573 1344 1668 1366 tamen
1678 1357 1687 1373 ,
1697 1334 1844 1372 Stipendiis
1857 1333 2033 1372 &Expenlis
2042 1335 2250 1366 rationabilibus
2266 1337 2367 1375 praefa-

1305 1381 1400 1404 torum
1419 1373 1623 1405 Dominorum
1644 1375 1721 1411 Regis
1737 1372 1776 1408 ὠν
1791 1376 1899 1410 Reginae
1921 1372 2135 1412 Hispaniarum,
2153 1372 2313 1406 Haeredum
2333 1377 2368 1407 δί

1305 1412 1509 1443 Succefforum
1532 1414 1667 1449 suorum,
1686 1422 1751 1449 quae
1771 1411 1907 1450 Expensae
1928 1412 1961 1442 &
1983 1411 2126 1448 Stipendia
2143 1414 2310 1444 taxabuntur
2330 1415 2367 1445 ὃς

1306 1451 1545 1490 moderabuntur,
1570 1451 1669 1481 habito
1689 1451 1817 1488 respetftu
1842 1451 1876 1481 ad
1896 1449 2005 1481 Forum
2025 1450 2213 1491 Vffiuffium,
2239 1451 2318 1490 quod
2337 1453 2370 1484 in

1306 1489 1434 1520 Partibus
1456 1498 1525 1521 tunc
1544 1490 1680 1527 temporis
1697 1490 1871 1528 contigerit,
1886 1489 2042 1519 secundum
2065 1488 2140 1519 Loci
2164 1490 2198 1521 &
2214 1491 2371 1529 Temporis

1305 1527 1477 1560 Ubertatem
1490 1537 1536 1560 aut
1551 1529 1749 1566 sterilitatem,
1769 1529 1818 1566 qui
1835 1528 1977 1564 Armigeri
1993 1529 2026 1559 &
2047 1526 2202 1568 Sagittarii,
2219 1539 2252 1560 ac
2269 1530 2371 1561 Naves

1306 1567 1449 1606 Armatae,
1464 1569 1497 1599 δε
1513 1568 1563 1599 alia
1586 1567 1696 1597 Auxilia
1711 1566 1814 1597 Bellica
1841 1565 1967 1596 Domini
1988 1568 2066 1603 Regis
2085 1566 2198 1604 Angliae
2214 1568 2311 1599 debite
2335 1569 2371 1599 δε

1306 1604 1421 1637 fideliter
1433 1605 1556 1644 praefatis
1577 1605 1713 1636 Dominis
1734 1608 1800 1642 Regi
1819 1602 1858 1639 ὠ·
1880 1608 1987 1642 Reginae
2004 1604 2201 1644 Hispaniarum
2217 1607 2251 1638 &
2266 1617 2371 1638 eorum

1304 1643 1475 1687 i-laeredibus
1489 1646 1524 1677 &
1539 1643 1770 1681 Succefforibus,
1788 1645 1816 1674 in
1832 1642 1956 1681 ipsorum
1978 1643 2116 1682 Guerris,
2131 1645 2206 1675 circa
2227 1645 2373 1676 Praemissa

1307 1682 1477 1721 inservient,
1493 1693 1544 1721 per
1558 1683 1680 1714 Terram
1702 1683 1736 1713 &
1752 1691 1802 1720 per
1823 1681 1924 1719 Mare,
1941 1681 2098 1712 secundum
2121 1692 2249 1713 mentem
2266 1686 2300 1717 &
2320 1694 2374 1715 vo-

1302 1722 1439 1752 luntatem
1459 1722 1642 1760 praefatorum
1658 1720 1857 1750 Dominorum
1873 1723 1951 1757 Regis
1964 1719 2002 1755 &
2019 1725 2034 1737 ‘
2052 1723 2160 1758 Reginae
2175 1721 2371 1760 Hispaniarum

1304 1759 1464 1830 ldlaeredum
1476 1761 1510 1794 ὃς
1524 1759 1728 1792 Succefforum
1740 1758 1854 1790 suorum
1869 1759 2004 1797 quamdiu
2022 1757 2150 1790 duxerint
2163 1770 2212 1791 eos
2227 1761 2368 1793 Retinen-

1327 1809 1368 1830 os.

1342 1838 1412 1870 Ιτε
1423 1847 1450 1871 Μ
1460 1863 1469 1878 ,
1489 1837 1679 1870 Conventum
1691 1861 1700 1876 ‚
1719 1835 1956 1876 Concordatum,
1973 1836 2006 1868 &
2022 1835 2202 1868 Conclusam
2217 1837 2259 1869 est
2271 1838 2350 1877 quod
2361 1859 2372 1878 ,

1305 1877 1335 1919 in
1347 1880 1483 1909 omnibus
1499 1879 1556 1909 aliis
1569 1878 1665 1909 Causis
1677 1880 1710 1909 δε
1725 1876 1865 1914 Negotiis
1874 1899 1884 1914 ,
1902 1886 1961 1906 non
1976 1877 2154 1914 tangentibus
2167 1876 2240 1908 hanc
2258 1877 2373 1908 Amici-

1306 1917 1392 1955 tiam,
1412 1927 1464 1948 nec
1480 1917 1692 1955 Derogantibus
1706 1916 1744 1946 illi
1761 1916 1806 1945 seu
1822 1915 1903 1946 alicui
1919 1915 2050 1945 Articulo
2070 1915 2142 1955 ejus,
2160 1925 2208 1954 per
2221 1917 2372 1953 praefatum

1306 1954 1603 2000 Dominum-Angla?
1617 1958 1713 1995 Regem
1728 1955 1762 1985 &
1776 1954 1922 1984 Dominos
1938 1952 2130 1991 Hispaniarum
2142 1956 2238 1991 Regem
2255 1953 2293 1989 ό·
2313 1958 2370 1984 Re-

1304 1992 2375 2071 EfassastDsdd

1307 2075 1487 2102 Romanorum
1499 2071 1691 2111 Gallorumque
1705 2073 1802 2109 Reges,
1823 2071 1856 2101 &
1873 2068 2071 2099 Illustriffirnus
2086 2069 2155 2099 Dux
2165 2069 2303 2108 Philippus
2311 2074 2377 2100 Ar-

1307 2110 1404 2140 chidux
1424 2111 1563 2151 Austriae,
1581 2110 1627 2140 tali
1642 2108 1733 2140 modo
1747 2108 1824 2147 quod
1839 2118 1888 2146 per
1901 2107 1981 2139 istam
1997 2107 2206 2146 Exceptionem
2224 2110 2258 2140 &
2274 2108 2376 2139 Reser-

1307 2152 1454 2180 vationem
1469 2159 1528 2180 non
1545 2150 1671 2180 videatur
1689 2157 1755 2178 nec-
1768 2147 1932 2185 intelligatur
1953 2146 2152 2185 praejudicium
2171 2147 2285 2185 aliquod
2307 2148 2377 2178 huic

1307 2188 1436 2227 praesenti
1460 2188 1609 2219 Amicitiae
1629 2186 1705 2225 fieri,
1722 2186 1761 2217 set
1784 2187 1861 2224 quod
1884 2187 1914 2216 in
1935 2186 2086 2222 omnibus,
2112 2187 2142 2215 in
2167 2185 2220 2216 hac
2241 2185 2377 2225 praedista

1308 2228 1444 2257 Amicitia
1459 2227 1505 2257 hic
1520 2227 1661 2257 contentis
1674 2226 1720 2256 seu
1735 2224 1914 2264 specificatis,
1929 2224 2010 2255 firma
2024 2224 2057 2254 &
2071 2224 2183 2261 integra
2197 2234 2230 2255 ac
2245 2224 2378 2255 validiss-

1309 2275 1356 2296 ma
1371 2266 1478 2305 semper
1495 2274 1620 2309 maneat,
1640 2273 1774 2303 tanquam
1789 2263 1807 2293 fi
1824 2273 1885 2293 non
1899 2262 2011 2293 fuissent
2033 2262 2152 2303 Excepti
2175 2263 2208 2293 ὃ(
2230 2263 2376 2294 Reservati

1308 2299 2377 2383 {2351ssfffflffisgjfffiffljjhssmggjcgssfjrffiafflfflgffifflm‘sg‘stfflgg

1310 2381 1451 2419 Exceptio
1466 2381 1510 2411 seu
1528 2380 1692 2412 Reservatis>
1706 2379 1864 2419 intelligitur
1879 2380 1910 2408 in
1924 2379 1979 2409 aliis
1995 2378 2092 2409 Cauiis
2105 2378 2299 2418 &Negotiis,
2315 2389 2378 2409 non

1312 2421 1490 2489 {pingentibus
1511 2420 1585 2450 hanc
1607 2419 1796 2457 Amicitiam,
1813 2427 1866 2448 nec
1883 2417 1922 2447 illi
1939 2419 1970 2448 in
1993 2416 2076 2448 Parte
2098 2417 2190 2456 aliqua
2206 2417 2381 2457 Deroganti-

1335 2469 1374 2489 us.

1348 2496 1475 2535 ITEM,
1494 2496 1712 2528 Concordatum
1737 2497 1770 2528 &
1792 2494 1970 2526 Conclusum
1996 2494 2036 2525 est
2057 2495 2139 2533 quod
2160 2494 2291 2532 praedicti
2311 2493 2381 2524 Vas-

1308 2536 1379 2573 salli,
1395 2536 1559 2573 Homines,
1576 2538 1609 2567 &
1635 2535 1747 2566 Subditi
1767 2535 1953 2576 praefatorum
1973 2533 2158 2571 Principum,
2178 2534 2236 2563 tam
2258 2532 2375 2563 Merca-

1308 2584 1381 2605 tores
1395 2576 1481 2613 quam
1497 2576 1588 2605 caeteri
1605 2575 1649 2605 alii
1659 2575 1726 2604 hinc
1736 2573 1820 2611 inde,
1835 2574 1906 2614 tute,
1919 2573 2017 2609 libere,
2032 2573 2133 2610 absque
2147 2571 2262 2609 alicujus
2271 2571 2377 2602 Licen-

1313 2615 1361 2651 tia,
1376 2613 1486 2643 Salvive
1496 2612 1672 2643 Conducisis
1685 2612 1817 2651 generalis
1830 2611 1876 2641 vel
1885 2611 2008 2648 specialis
2022 2609 2166 2641 Petitione
2178 2610 2223 2641 vel
2239 2610 2376 2647 impetra-

1311 2654 1405 2689 tione,
1425 2653 1454 2681 in
1469 2652 1502 2682 &
1518 2651 1552 2681 ad
1565 2651 1751 2690 praefatorum
1765 2649 1966 2679 Dominorum
1983 2649 2124 2687 utriusque
2140 2649 2310 2686 Principum
2327 2658 2378 2679 eo-

1311 2699 1429 2728 rumque
1442 2689 1601 2720 Haeredum
1615 2691 1648 2720 &
1665 2688 1866 2719 Succefforum
1887 2687 2003 2725 PortuS,
2022 2687 2177 2724 Dominia,
2194 2686 2307 2723 Castra,
2327 2685 2380 2716 Ci-

1311 2729 1428 2765 vitates,
1446 2727 1752 2765 Fortalitia,Oppida,
1765 2726 1998 2764 Jurisdic‘tiones,
2016 2725 2212 2756 &Districkus
2246 2725 2382 2756 uoscum-

1315 2776 1388 2803 que,
1406 2775 1474 2796 cum
1499 2767 1550 2795 suis
1571 2765 1733 2795 Condutftis
1754 2766 1799 2795 vel
1820 2765 2047 2794 accommodatis
2067 2764 2216 2802 Navibus,
2261 2763 2383 2802 laustris,

1313 2804 1475 2842 VehiculiS,
1493 2803 1598 2841 Equis,
1619 2803 1791 2840 ArmaturiS,
1812 2801 1981 2839 Mercibus,
2001 2811 2034 2832 ac
2058 2801 2277 2839 Mercimoniis,
2295 2801 2383 2833 Bonis

1314 2843 1348 2873 &
1370 2842 1470 2873 Rebus
1490 2843 1738 2881 quibuscumque,
1764 2842 1821 2871 tam
1844 2851 1893 2880 pei·
1912 2840 2034 2870 Terram
2078 2841 2144 2871 uam
2169 2849 2218 2880 per
2243 2840 2327 2872 Mare
2344 2841 2380 2871 ὃ(

1316 2881 1409 2920 Aquas
1422 2881 1517 2912 dulces
1526 2903 1536 2918 ,
1555 2890 1638 2919 atque
1651 2889 1771 2911 omnem
1785 2879 1918 2917 Locum,
1936 2880 2034 2917 quotie
2066 2889 2191 2917 cumque
2204 2880 2238 2911 &
2250 2878 2379 2917 quando-

1318 2929 1443 2963 cumque
1458 2920 1486 2950 id
1503 2919 1663 2950 faciendum
1677 2918 1732 2950 esse
1753 2918 1899 2956 duxerint,
1916 2917 2078 2957 Navigare,
2097 2917 2246 2956 Equitare,
2263 2916 2326 2954 ire,
2346 2917 2381 2948 &

1317 2958 1470 2988 Discedere
1486 2959 1514 2988 in
1532 2958 1650 2996 eisdem,
1667 2957 1802 2995 quamdiu
1816 2958 1974 2994 voluerint,
1992 2958 2089 2987 omnis
2103 2956 2210 2995 generis
2218 2954 2333 2985 Merces
2347 2955 2382 2986 δε

1319 2996 1514 3027 Mercimonia
1539 2996 1641 3026 Emere
1665 2998 1698 3028 &
1721 2995 1871 3033 Vendere,
1897 2995 2040 3033 Mercari,
2065 2993 2229 3033 Negotiari,
2255 2992 2385 3032 Morari,

1317 3035 1835 3105 itffssesfieiissic‘iissirffiisnegss'Ossossis
1849 3031 2385 3110 ³ifi‘ii‘ii'scfiffiufiurffiiiiegcffiszcissf‘ci}

1318 3097 1457 3149 Ter'ram‚
1475 3112 1579 3149 Mare,
1595 3113 1629 3143 ὃς
1652 3097 1750 3150 Aquas
1765 3084 1955 3142 dulcesqabire
1972 3111 2006 3141 &
2021 3108 2168 3147 recedere,
2184 3109 2218 3139 &
2238 3109 2268 3138 in
2286 3080 2385 3139 cmiii-

1319 3151 1371 3181 bus
1385 3152 1419 3182 δε
1435 3151 1542 3187 ubique
1555 3151 1593 3180 ita
1608 3150 1680 3187 juste
1695 3151 1728 3182 &
1742 3149 1862 3181 honeste
1878 3149 2085 3184 tractabuntur,
2101 3156 2134 3177 ac
2150 3149 2169 3177 ii
2184 3146 2272 3178 essent
2285 3147 2385 3186 Origi-

1319 3190 1389 3220 narii
1412 3190 1446 3220 &
1469 3188 1581 3219 Subditi
1597 3190 1703 3228 proprii
1720 3201 1730 3227 3
1747 3188 1883 3227 juribus,
1906 3187 2020 3217 statutis
2036 3208 2046 3223 ‚
2072 3186 2105 3217 ὃς
2125 3184 2387 3217 Consuetudinibus

1321 3227 1475 3258 Locorum
1489 3228 1518 3257 in
1533 3228 1667 3258 omnibus
1678 3227 1788 3266 semper
1803 3227 1891 3257 salvis.

1359 3265 1487 3303 ITEM,
1508 3264 1726 3297 Concordatum
1748 3267 1782 3297 &
1812 3262 1989 3294 Conclusum
2008 3262 2049 3293 est
2072 3262 2153 3301 quod
2175 3261 2302 3301 praediffi
2323 3264 2385 3292 Rex

1322 3304 1436 3341 Angliae
1451 3303 1561 3342 ejusque
1578 3304 1660 3333 Filius
1672 3306 1871 3340 Primogenitus
1884 3302 1917 3333 ὃς
1932 3304 2028 3331 Haeres
2049 3311 2186 3332 eorumve
2199 3301 2334 3332 Haeredes
2349 3302 2386 3333 δε

1322 3342 1504 3374 Successores
1528 3342 1664 3373 antediffi
1688 3342 1871 3380 praefatorum
1891 3343 1969 3377 Regis
1993 3339 2032 3375 (ᾧ,
2049 3342 2156 3377 Reginae
2170 3338 2386 3378 Hispaniarum,

1325 3390 1484 3420 eorumque
1509 3380 1709 3418 ptaedietorum
1736 3379 1894 3410 Haeredum
1916 3381 1949 3411 δε
1970 3378 2172 3409 Success'orum
2196 3378 2387 3415 Rebellibus,

1323 3419 1550 3456 quibuscumque
1570 3419 1748 3457 praesentibus
1768 3419 1802 3448 &
1824 3418 1922 3448 futuris
1939 3441 1949 3456 ,
1973 3424 2072 3447 contra
2092 3415 2220 3453 praefatos
2239 3415 2388 3446 Dominos

1323 3460 1419 3494 Regem
1431 3456 1468 3491 ὠ
1482 3460 1612 3494 Reginam
1625 3455 1838 3524 wammam,
1854 3465 1943 3485 eorum
1964 3455 2007 3485 vel
2021 3453 2160 3485 Haeredes
2180 3456 2214 3486 &
2233 3453 2389 3486 Succeffo-

1325 3505 1369 3525 res
1381 3518 1389 3533 ,
1406 3502 1456 3533 per
1472 3495 1592 3525 Terram
1670 3503 1715 3524 are
1729 3495 1762 3525 δε
1784 3494 1878 3531 Aquas
1891 3493 2002 3529 dulces,
2018 3501 2053 3522 ex
2074 3493 2150 3523 causa
2170 3493 2218 3523 vel
2238 3493 2389 3523 occafione

1322 3542 1518 3572 quacumque,
1537 3517 1664 3570 praesenti
1679 3531 1724 3562 vel
1738 3531 1847 3569 futura,
1865 3529 2043 3568 Consilium,
2063 3530 2206 3561 Auxilium
2228 3531 2274 3562 vel
2293 3531 2388 3562 Favo-

1326 3582 1406 3609 rem,
1424 3571 1539 3609 publice
1553 3571 1599 3601 vel
1616 3570 1746 3607 occulte,
1764 3569 1871 3600 direete
1892 3569 1935 3600 vel
1958 3569 2112 3608 indirest‘e,
2129 3579 2189 3599 non
2206 3569 2314 3600 dabunt
2330 3578 2386 3599 nec

1326 3611 1579 3685 {iassssffimazziss
1593 3609 1656 3683 ἷξε
1663 3609 1772 3685 ἓὲἕέῗέ
1789 3606 2386 3686 3332,Jassiffffusi'izzu‘ffiies‘si‘iissfsffi

1326 3687 1532 3725 praedietorum
1547 3685 1680 3717 Rebelles
1694 3688 1723 3716 in
1738 3685 1790 3716 suis
1804 3684 1926 3723 Reginis,
1944 3685 2106 3723 Dominiis,
2126 3683 2246 3714 Locisve
2265 3683 2385 3713 scienter

1327 3726 1529 3765 Receptabunt
1544 3724 1729 3764 Receptarive
1743 3724 1862 3760 facient,
1879 3733 1932 3754 nec
1948 3725 1977 3753 in
1994 3723 2097 3754 eisdem
2110 3722 2220 3753 Morari
2234 3729 2283 3752 aut
2295 3721 2388 3751 Auxi-

1327 3765 1398 3794 lium
1418 3764 1463 3794 vel
1490 3763 1633 3794 Favorem
1652 3764 1754 3793 habere
1775 3763 1953 3800 permittent:
1978 3762 2030 3799 ὃς,
2057 3761 2076 3790 si
2099 3760 2210 3790 Morari
2228 3760 2257 3789 in
2281 3759 2389 3790 eisdem

1326 3802 1424 3833 Terris
1446 3802 1567 3839 praesum
1587 3802 1669 3832 serint
1683 3825 1692 3840 ,
1719 3801 1832 3832 eosdem
1853 3799 1976 3837 Capient
1997 3799 2042 3831 vel
2066 3797 2139 3836 Capi
2160 3798 2282 3834 facient,
2301 3798 2334 3829 ὃς
2352 3797 2389 3828 ad

1327 3841 1433 3870 Manus
1454 3844 1531 3878 Regis·
1547 3811 1586 3875 QX
1609 3843 1718 3876 Reginae
1738 3838 1933 3876 Hispaniarum
1955 3838 2085 3868 Tradent
2104 3838 2138 3868 &
2159 3834 2249 3865 Tradi
2269 3834 2390 3866 facient:

1326 3880 1377 3917 &‚
1395 3879 1474 3908 simili
1490 3879 1597 3916 modo,
1614 3878 1721 3916 praefati
1733 3877 1858 3907 Domini
1873 3879 1933 3906 Rex
1956 3875 1995 3911 ὠ·
2009 3878 2112 3912 Regina
2127 3875 2170 3917 ῌί
2181 3876 2325 3911 paniarum
2340 3884 2393 3904 eo-

1325 3926 1446 3954 rumque
1458 3916 1594 3947 Haeredes
1606 3918 1639 3947 ὃς
1656 3915 1834 3946 Succeffores
1848 3915 2032 3954 praefatorum
2044 3913 2138 3943 Sereni
2163 3912 2213 3941 imi
2230 3915 2308 3950 Regis
2323 3916 2392 3942 An-

1320 3955 1382 3994 gliae
1397 3955 1509 3992 ejusque
1527 3955 1588 3985 Filii
1604 3954 1797 3991 Primogeniti
1813 3954 1848 3983 &
1867 3953 1995 3983 Haeredis
2013 3959 2168 3988 eorumque
2184 3951 2389 3988 praedidtorutn

1320 3992 1481 4028 Haeredum
1501 3994 1533 4027 δι’.
1547 3993 1751 4026 Successoium
1763 3991 1812 4024 Re
1821 3991 1941 4024 bellibus
1952 3988 2179 4030 quibuscumque
2187 4010 2197 4028 ,
2214 3988 2399 4057 Ρῐκῑεηῑὼὲἕ

2391 1729 2411 1748 *
2426 1731 2495 1761 xii:

2392 1779 2427 1809 74
2435 1779 2464 1805 4·
