2555 4266
77 228 146 260 Ann
166 225 205 256 D.

100 274 185 304 1449.

78 310 142 334 Hm.
165 306 193 331 6.

78 646 97 664 0
119 646 173 673 xi.

84 693 148 719 25¹·

227 144 276 182 18
723 132 1536 186 CONVENTIONES,

226 227 265 257 sic
283 225 415 257 antms
428 222 511 254 fiderit
522 246 532 261 ,
551 223 617 261 seu,
634 223 728 261 abque
744 222 933 260 Bannitione,
951 222 1007 260 fic,
1024 230 1057 254 ut
1072 219 1309 260 praefertur,Ca-

229 275 294 304 ptus
309 263 428 295 eittiterit
438 285 448 300 ,
466 262 672 292 nichilominus
693 263 866 292 tenebuntur
881 260 1104 291 Conservatores
1119 260 1209 290 Partis
1222 260 1309 295 illius,

231 305 310 342 cujus
324 302 400 332 idem
417 300 590 331 ixlaieiaetor
604 300 741 332 Subditus
759 302 898 337 extiterit,
918 300 1060 336 Reparare
1076 300 1252 337 Attemptata
1271 298 1308 328 de

231 342 316 374 Bonis
336 339 499 378 hujusmodi
518 339 712 371 Malefac‘toris
726 349 862 378 quatenus
880 338 1010 369 sufficere
1032 339 1174 376 poterint,
1197 338 1216 368 si
1236 338 1307 367 vero

232 383 307 411 idern
326 377 516 416 Malefaclor,
532 379 571 409 fic
587 377 695 415 Captus
710 378 765 409 sive
782 376 1001 416 Deprehensus,
1019 387 1079 408 non
1093 377 1194 407 habeat
1210 377 1240 405 in
1250 375 1308 406 Bo-

232 421 274 450 nis
290 419 367 448 unde
380 417 535 448 satisfacere
547 418 665 455 poterit,
684 419 713 447 in
729 417 788 447 hec
799 415 875 448 Casu
884 426 920 446 eo
935 417 1051 454 gravius
1058 416 1196 446 Punietur
1206 414 1307 445 &luet

231 459 263 488 in
279 456 429 494 Corpore:
451 455 490 486 Et
504 456 614 494 insuper
625 457 675 494 qui
690 454 912 487 Malefafflmrem
928 454 1090 494 hujusmodi
1111 454 1229 485 scienter
1247 453 1308 496 Re-

231 496 387 533 ceptaverit
402 517 412 532 ,
437 504 484 525 aut
501 494 665 524 Conlilium
681 496 706 524 ei
723 494 831 525 dederit
847 495 895 525 seu
910 494 1070 531 Favorem,
1087 493 1122 523 ad
1139 491 1258 522 eandem
1277 501 1307 520 in

229 535 365 566 omnibus
381 533 608 564 satisfactionem
623 534 657 564 ὃς
672 533 794 563 Poenam
812 535 970 570 tenebitur,
988 532 1024 562 ad
1046 541 1132 570 quam
1147 530 1306 560 faciendam

233 574 270 644 ,δὲ
294 572 468 603 subeundam
496 581 638 603 teneretur
662 571 824 610 hujusmodl
847 571 1020 602 Malefic2tox
1044 571 1065 600 si
1087 569 1181 609 poffet
1208 577 1308 606 appre-

272 613 330 642 ndi.

270 653 290 671 ³*
305 650 431 689 ITEM,
450 649 532 680 simili
544 648 872 688 modo,concordatum
883 647 926 679 est
942 645 1200 686 quod,si,eisdem
1207 643 1304 675 Treu-

230 692 275 728 gis
288 689 469 727 durantibus,
487 688 592 726 aliquid
607 697 708 719 contra
724 687 835 717 easdem
858 687 902 716 vel
925 687 1046 724 aliquam
1061 683 1177 715 Partem
1195 692 1306 727 earum-

229 729 317 767 dem,
336 738 385 768 per
398 728 525 758 Terram
542 727 598 757 five
619 736 668 764 per
692 725 794 775 Mare,
809 726 868 756 fieri
887 725 934 755 vel
957 724 1117 762 attemptari
1133 731 1307 760 contigerit,

227 778 280 808 per
299 768 356 798 hoc
377 776 474 798 tamen
493 766 640 805 praesentes
658 765 787 802 Treugae
812 775 873 794 non
899 772 996 801 erunt,
1019 772 1073 793 nec
1093 761 1306 804 censebuntur,

228 817 276 838 aut
299 806 503 846 reputabuntur
526 804 652 842 Ruptae,
671 802 843 840 infirmatae,
861 802 907 832 vel
927 801 1106 839 Annullatae,
1120 800 1159 831 set
1181 799 1299 842 nichilo·

228 847 325 877 minus
343 846 374 875 iri
388 845 440 875 suo
462 842 585 874 Robore
597 843 805 881 permanebunt
825 843 858 872 &
875 841 1001 881 Vigore3
1016 849 1070 872 nec
1090 839 1232 875 Guerrae,
1254 837 1305 868 nisi

229 883 376 916 observata
392 881 499 913 Forma
513 883 542 912 in
555 882 652 920 primo
669 880 802 911 Articulo
823 880 942 920 seperius
963 881 1037 910 inter
1052 877 1196 914 Principes
1210 876 1304 907 decla-

227 924 304 961 rata,
321 931 376 961 pro
391 931 427 951 eo
441 920 500 951 fieri
512 920 616 951 debent
630 920 668 949 ab
683 930 738 949 una
750 919 833 949 Parte
847 920 891 949 vel
905 920 1006 955 altera·‚
1024 926 1077 948 nec
1103 916 1187 946 Prisae
1204 914 1305 959 Perso-

227 971 348 998 narum,
367 969 421 990 nec
439 958 642 990 Districttiones
659 967 707 989 aut
722 957 879 996 Captiones
902 957 1070 993 Bonorum,
1089 964 1143 985 nec
1166 953 1305 998 Obsidio-

225 1011 277 1032 nes
300 999 439 1030 Villarum
462 1007 510 1028 aut
537 995 705 1027 Castrorum
728 997 786 1027 sive
804 996 1034 1032 fortalitiorum,
1058 1003 1114 1024 nec
1133 992 1305 1024 Homicidia

228 1039 386 1071 Murdrave
399 1046 609 1076 quaecumque,
625 1036 655 1064 in
670 1037 846 1066 contrarium
872 1033 1084 1065 Praemiss'orum
1094 1055 1103 1072 ,
1117 1043 1135 1063 a
1156 1042 1305 1070 quocum-

226 1088 282 1115 que
303 1076 462 1114 attemptari
488 1075 544 1106 sive
567 1075 732 1112 committi,
747 1075 784 1105 let
799 1075 1000 1111 reparabuntur
1022 1072 1056 1102 &
1079 1080 1253 1110 reponentur
1273 1072 1303 1101 in

226 1117 338 1148 Statum
353 1114 504 1153 pristinum
522 1115 556 1144 ὃ(
574 1113 705 1143 debitum
723 1112 867 1143 Maleficia
882 1113 915 1153 ὃς
934 1112 1109 1149 Attemptata
1124 1110 1303 1148 hujusmodi,

227 1164 343 1186 necnon
358 1152 514 1192 Interprifae
527 1161 733 1192 quaecumque,
752 1160 801 1190 pei·
824 1150 1048 1182 Coniervatores
1069 1150 1103 1180 ὅ(
1125 1148 1302 1180 Commissa-

225 1195 282 1225 rios
294 1193 366 1224 illius
380 1192 483 1229 Parin,
503 1192 581 1227 cujus
596 1190 707 1221 Subditi
722 1190 758 1220 iic
780 1190 1010 1228 attemptaverint
1021 1212 1030 1227 ,
1047 1187 1238 1225 offenderint,
1255 1187 1300 1218 seu

227 1233 432 1264 malefecerint:
451 1231 514 1272 Qii
528 1232 598 1260 vero
618 1238 720 1259 contra
735 1228 834 1259 fecerit
855 1229 1011 1265 (videlicet)
1035 1227 1188 1258 Movendo
1205 1226 1301 1257 Guer-

225 1282 288 1303 ram
304 1270 455 1309 postquam
476 1269 600 1309 lupetius
621 1269 748 1305 recitata,
768 1268 826 1298 sive
844 1267 1030 1304 Obsidendo,
1049 1265 1237 1304 invadendo,
1255 1274 1302 1296 aut

227 1309 378 1348 Capiendo
399 1307 486 1337 Villas
500 1307 546 1336 vel
564 1307 721 1343 hortalitia,
737 1316 784 1337 aut
804 1306 937 1337 faciendo
953 1305 1122 1336 Homicidia
1144 1306 1201 1336 live
1215 1303 1300 1335 Mur-

224 1350 289 1387 dra,
308 1357 421 1386 propter
435 1345 548 1383 aliquod
565 1346 778 1384 Attemptatum
793 1354 827 1375 ex
847 1355 926 1385 parte
942 1345 1043 1382 altera,
1060 1353 1108 1374 aut
1122 1353 1223 1383 praeter
1237 1344 1300 1374 Au-

223 1389 385 1418 ctoritatem
403 1386 435 1415 δε
454 1384 611 1414 Decretum
629 1383 886 1422 Conservatotum,
903 1384 1036 1415 faciendo
1052 1383 1139 1414 Prisas
1163 1381 1300 1412 Persona-

221 1437 305 1463 rum,
321 1426 368 1454 vel
385 1423 586 1454 Diitrichones
604 1422 650 1452 seu
677 1422 833 1460 Captiones
850 1423 1018 1460 Bonorum,
1035 1432 1071 1452 eo
1090 1421 1148 1461 ipso
1168 1422 1248 1452 cadat
1269 1422 1299 1450 in

222 1465 313 1496 Causa
332 1465 394 1501 sua,
412 1464 445 1494 ὃ(
461 1461 663 1492 nichilominus
680 1461 815 1493 Puniezur
832 1463 906 1498 iuxta
922 1462 1029 1492 Delicti
1046 1461 1086 1491 sui
1106 1462 1301 1498 exigentiam,

221 1513 268 1534 aut
284 1502 410 1533 restituet
425 1503 458 1532 &
474 1501 609 1540 reparabit
623 1500 702 1530 alteri
715 1500 792 1532 Parti
806 1511 894 1532 omne
910 1500 980 1530 illud
999 1501 1029 1530 in
1052 1510 1112 1540 quo
1127 1509 1191 1530 earn
1213 1499 1297 1529 Laesit

222 1543 255 1574 ἃ
273 1541 362 1580 Cepit
377 1542 412 1570 ab
425 1540 535 1570 eadem.

260 1580 394 1617 ITEM,
419 1577 639 1608 Concordatum
667 1577 725 1614 est,
746 1578 829 1609 simili
855 1578 964 1616 modo,
983 1577 1082 1616 quod,
1109 1576 1147 1614 si,
1171 1576 1298 1615 Treugis

156 1642 162 1645 -
222 1619 365 1660 praediftis
380 1617 560 1653 durantibus,
579 1616 675 1654 aliquis
700 1616 888 1648 Subditorurn
907 1619 991 1648 unius
1011 1616 1141 1646 Partium
1163 1615 1208 1645 vel
1226 1615 1298 1644 alte-

74 3645 95 3663 *
116 3646 168 3677 xi,

79 3689 142 3719 252.

220 1660 277 1690 rius
292 1657 450 1688 Contrihat
467 1656 511 1685 vel
528 1655 621 1694 quali,
636 1655 682 1684 seu
706 1655 860 1693 Delinquat
883 1656 954 1686 infra
977 1655 1114 1694 Regnum
1125 1678 1134 1691 .,
1153 1653 1296 1688 Terram,

219 1697 277 1728 sive
297 1696 473 1727 Dominium
492 1693 562 1724 illius
578 1692 685 1731 Partis,
704 1695 784 1732 qu'us
801 1694 981 1724 Contrahens
998 1695 1044 1724 vel
1060 1694 1236 1734 Delinquens
1254 1691 1296 1722 est

220 1735 355 1767 Subditus
364 1760 373 1771 ,
389 1735 422 1764 ὃς
436 1741 558 1770 extunc,
576 1732 656 1763 causa
673 1733 780 1763 vitandi
791 1732 934 1770 Justitiam
946 1756 956 1767 ,
972 1732 1000 1762 se
1013 1732 1186 1762 Subtraxerit
1198 1731 1231 1761 ὅτ.
1241 1730 1293 1761 Ef-

223 1776 309 1818 fugiat
328 1776 357 1803 in
379 1772 494 1814 Locum
513 1780 728 1813 quemcumque
747 1771 891 1802 subditum
912 1772 968 1802 sive
985 1771 1144 1808 subiestum
1165 1770 1241 1800 alteri
1260 1777 1296 1800 ex

221 1814 324 1845 eisdem
351 1810 493 1847 Partibus,
518 1818 599 1846 cujus
619 1809 756 1840 Subditus
779 1819 839 1839 non
859 1811 1003 1848 extiterat,
1021 1811 1054 1841 ὅ(
1076 1809 1143 1840 illuc
1164 1808 1296 1839 deveniat

217 1852 321 1883 Homo
342 1851 426 1889 ligetis
438 1850 509 1879 illius
522 1847 629 1886 Partis,
645 1849 851 1879 nichilominus
864 1848 1051 1886 compelletur
1064 1848 1098 1879 ad
1108 1847 1296 1888 Responden-

217 1892 287 1920 dum
302 1891 336 1921 &
357 1886 591 1920 satisfaciendum
609 1896 642 1916 ac
664 1886 856 1918 Subeundum
873 1887 1035 1927 justitiam,
1052 1886 1088 1918 de
1109 1887 1221 1917 Debito
1237 1885 1296 1916 sive

215 1928 338 1960 Delitho
351 1927 400 1958 suo
419 1925 597 1964 hujusmodi,
616 1935 717 1956 coram
731 1924 986 1958 Conservatoribus
993 1926 1176 1965 Treugarum
1191 1923 1292 1955 utrius-

215 1978 270 2006 que
288 1967 374 1998 Partis
390 1965 446 1996 sive
461 1974 563 1996 eorum
579 1964 747 2003 DeputatiS‚
765 1967 848 2004 aeque
863 1974 893 1996 ut
909 1965 1092 1996 satisfacturus
1107 1965 1141 1995 &
1155 1964 1294 1995 subiturus

215 2006 309 2038 fuisset
322 2006 340 2036 si
358 2003 551 2043 permansisset
568 2002 619 2033 sub
627 2003 656 2046 ⁴F
658 2003 703 2034 ide
716 2003 750 2034 &
771 2003 920 2043 Ligeantia
935 2004 1016 2042 ipsius
1030 2003 1119 2034 Partis
1128 2004 1207 2040 cujus
1214 2002 1292 2033 Ter-

216 2055 277 2077 ram
294 2045 328 2076 &
342 2044 521 2075 Dominium
544 2042 662 2081 effiigit:
683 2042 713 2073 Si
735 2044 807 2073 verb
828 2043 932 2074 insola
954 2043 1029 2081 Fuga
1055 2041 1219 2081 perstiterit,
1237 2050 1293 2072 nec

214 2084 363 2115 devenerit
381 2081 486 2112 Homo
506 2081 609 2119 Ligeris
626 2080 695 2111 illius
710 2080 800 2112 Partis
819 2082 848 2111 in
871 2083 951 2120 cujus
971 2082 1095 2112 Terram
1118 2080 1236 2120 effugit,
1253 2090 1290 2111 eo

216 2122 293 2153 Casu
309 2120 518 2163 remittetur&
540 2119 697 2151 restituetur
717 2120 757 2150 illi
771 2119 847 2151 Parti
870 2122 952 2159 cujus
970 2120 1004 2152 L'
1025 2130 1073 2152 eus
1090 2120 1123 2151 &
1139 2119 1293 2157 subjectus

216 2161 321 2198 fuerat,
339 2170 393 2199 pro
406 2158 521 2198 justitia
537 2158 574 2188 de
589 2168 644 2196 eo,
662 2168 746 2196 prout
763 2160 812 2190 fibi
830 2160 986 2197 videbitur,
1032 2158 1145 2190 cienda:
1167 2158 1197 2189 Si
1221 2160 1293 2188 vero

214 2200 313 2240 aliquis
324 2198 513 2230 Subditorum
529 2198 610 2228 unius
624 2196 750 2228 Patrium
765 2198 964 2236 praedictarum
980 2198 1007 2229 se
1024 2197 1174 2229 Subtrahat
1188 2198 1220 2227 in
1233 2197 1294 2227 Re-

235 2249 307 2270 num
333 2238 382 2269 seu
405 2237 585 2267 Dominium
599 2236 725 2276 alterius,
744 2247 881 2275 tanquam
908 2237 1068 2276 Fugitivus,
1088 2236 1240 2274 Proditor,
1257 2237 1292 2267 &

212 2248 361 2314 Rebellis,
380 2277 413 2307 &
431 2275 538 2306 ibidem
554 2277 705 2312 reperiatur
720 2275 771 2305 sub
793 2276 986 2307 Ass'ecurantia
1005 2285 1052 2307 aut
1066 2274 1152 2306 Salvo
1168 2273 1293 2305 Condu-

214 2316 285 2355 ἂυ,
302 2315 368 2346 Pars
389 2316 431 2346 il'ia
447 2314 492 2344 seu
505 2313 663 2344 Gardunus
677 2314 723 2344 vel
741 2314 901 2353 Deputatus
925 2314 1047 2353 ejusdem
1058 2339 1068 2352 ,
1086 2316 1116 2345 iri
1140 2315 1219 2353 cujus
1233 2313 1293 2344 Re-

213 2364 274 2394 gno
296 2355 341 2386 seu
360 2353 506 2384 Dominio
529 2353 690 2395 hujusmodi
706 2353 853 2393 Fugitivus
874 2353 918 2384 seu
941 2353 1113 2384 h'hlefactor
1135 2361 1292 2391 receptatur

216 2395 248 2425 δε
264 2394 450 2430 affecuratur,
468 2401 612 2428 requiiitus
626 2396 705 2428 luper
719 2392 776 2422 hoc
794 2402 841 2429 per
855 2394 937 2423 aliam
953 2392 1085 2430 Partem,
1103 2391 1292 2430 Gardianum,

216 2434 262 2464 seu
286 2430 628 2472 Depuzatumssjusdem,
647 2431 806 2468 tenebitur,
825 2433 895 2461 infra
919 2431 1112 2470 Qiadraginta
1133 2430 1204 2461 Dies
1227 2431 1291 2466 post

217 2468 624 2510 Requisuionem‚iequentea
643 2479 762 2499 omnem
787 2470 1010 2501 Allecurantiam
1031 2472 1063 2502 &
1081 2470 1187 2500 salvum
1207 2469 1291 2500 Con-

217 2510 356 2544 ductum,
380 2508 540 2544 bujiilmodi
565 2507 701 2546 Fugitivo
727 2509 917 2545 conceffiim,
935 2510 1106 2548 Annullare,
1123 2510 1156 2540 &
1175 2507 1292 2547 Ipsum,

217 2559 246 2578 ut
264 2548 383 2584 superius
399 2547 440 2576 ei't
456 2545 634 2584 expressum,
651 2547 795 2576 remittere
819 2549 852 2578 δε
867 2547 1021 2579 destinare:
1044 2548 1097 2586 Et,
1116 2556 1291 2587 quamquam

218 2588 276 2617 talis
291 2586 422 2617 Proditor
439 2594 485 2615 aut
502 2584 627 2626 Rebellis
647 2584 751 2614 offerat
769 2587 810 2621 ei,
832 2586 865 2616 ad
885 2596 972 2622 quem
995 2587 1083 2618 taliter
1107 2586 1291 2625 subterfugit,

213 2624 415 2665 Juraznentum
433 2623 585 2661 Ligeantize
602 2624 647 2652 seu
668 2623 834 2661 fidelitatis,
854 2625 883 2654 in
899 2625 956 2655 hoc
973 2625 1048 2656 Casu
1060 2635 1118 2655 non
1142 2627 1292 2666 recipietur

215 2665 249 2694 ad
268 2664 443 2702 Ligeantiam
461 2662 506 2691 seu
520 2661 737 2699 Jurameiitum,
756 2662 901 2700 quousque
925 2663 1120 2702 Quadraginta
1142 2663 1201 2694 dies
1225 2663 1290 2702 lapsi

215 2703 320 2772 {ugint
337 2700 403 2740 post
416 2701 595 2730 oblationem
616 2699 774 2736 hujusmodi
793 2700 955 2739 juramenti
979 2704 1012 2734 &
1029 2702 1186 2741 Ligeantiae
1203 2703 1292 2733 taliter

231 2751 261 2772 a*
278 2751 336 2770 ain.

255 2779 301 2810 IT
312 2788 330 2810 E
341 2787 368 2810 M
380 2802 389 2815 ,
407 2777 487 2808 simili
505 2776 614 2813 modo,
632 2777 843 2808 concordatum
863 2778 903 2808 est
925 2778 1025 2818 quod,
1043 2778 1206 2809 durantibus
1219 2788 1292 2817 prae-

215 2818 336 2849 sentibus
350 2817 492 2853 Treugis,
508 2825 567 2845 non
584 2816 780 2845 Admittentur
790 2827 843 2846 nec
861 2818 1048 2855 Recipientur
1056 2818 1091 2848 ad
1101 2817 1208 2847 Officia
1218 2827 1291 2853 ,nec

215 2857 295 2895 super
314 2855 449 2892 Affisam,
465 2864 520 2885 nec
544 2855 578 2884 ad
603 2854 812 2891 perhibendum
835 2856 1052 2886 Testimonium
1067 2855 1198 2886 Personae
1214 2855 1291 2886 Infa-

218 2905 297 2932 mes,
318 2894 466 2930 Rebelles,
483 2893 625 2931 Fugitivi,
643 2892 807 2923 Proditores
831 2896 910 2924 unius
927 2895 1013 2925 Partis
1034 2895 1079 2925 vel
1095 2894 1222 2932 alterius,
1240 2905 1288 2925 aut

219 2933 358 2966 Convijli
372 2942 418 2970 per
435 2931 572 2969 Affii'am,
588 2931 628 2962 set
643 2930 732 2969 Boni,
749 2932 875 2971 Fideles,
891 2934 925 2965 ὅ(
939 2933 1030 2972 Justi,
1047 2933 1118 2964 Fide
1141 2933 1238 2972 digni,
1255 2935 1289 2965 ὅτ.

219 2982 280 3004 non
297 2971 439 3008 Suspectae
458 2970 599 3000 Personae.

256 3010 269 3041 1
280 3019 303 3040 T
315 3019 334 3040 Ε
343 3018 371 3040 M
380 3032 390 3048 ,
408 3010 489 3051 simili
502 3008 592 3038 modo
600 3033 608 3045 ‚
617 3007 844 3051 ,Concordatum
852 3009 893 3040 est
903 3011 983 3049 quod
993 3034 1004 3048 ,
1020 3010 1186 3041 durantibus
1193 3011 1290 3041 Treu-

217 3051 261 3087 gis
274 3047 452 3086 hujusmodi,
471 3048 560 3077 nullus
575 3056 656 3077 unius
672 3047 762 3078 Partis
779 3049 824 3078 vel
844 3050 958 3080 alterius
979 3050 1149 3088 ingrediatur
1165 3049 1289 3088 Terras,

218 3088 337 3124 Boscos,
356 3087 506 3124 Nemora,
523 3085 664 3128 Forel't-is,
682 3085 855 3125 XVarennas,
877 3088 974 3126 Loca,
993 3088 1288 3128 Dominiaquaecum-

216 3138 271 3166 que
285 3127 401 3165 alicujus
417 3124 531 3155 Subdiu
544 3124 651 3154 alterius
667 3123 760 3165 ‘Partis
770 3149 780 3163 ,
796 3126 878 3156 causa
900 3126 925 3156 V
928 3127 1046 3165 enandi',
1065 3126 1210 3166 Piscandi,
1231 3128 1292 3157 Au-

217 3165 358 3206 cupandi,
378 3164 546 3202 Disportum
561 3171 608 3205 aut
625 3162 762 3205 Sororium
778 3165 808 3194 in
820 3165 926 3195 eisdem
941 3167 1111 3202 exercendi,
1129 3166 1290 3205 aliavequa-

219 3213 344 3242 cumque
357 3203 394 3234 de
408 3201 504 3238 causa,
520 3201 623 3243 abique
647 3200 777 3232 Licentia
803 3204 859 3239 ejus
881 3204 925 3234 vel
940 3214 1060 3242 eorum,
1075 3205 1110 3234 ad
1130 3214 1218 3244 quem
1243 3205 1290 3235 seu

219 3253 289 3281 quos
307 3243 403 3274 Locus
419 3240 465 3272 vel
481 3240 562 3270 Loca
576 3239 630 3281 ipsa
643 3241 764 3276 pertinet
781 3240 827 3271 seu
841 3244 1000 3280 pertinent,
1016 3253 1063 3273 aut
1080 3243 1218 3280 Deptitati
1235 3243 1291 3282 sui,

218 3281 303 3318 petiti
318 3280 446 3318 primitiis
462 3280 496 3311 &
511 3279 646 3309 obtenta·-
665 3276 704 3308 Et
717 3279 735 3309 si
753 3281 900 3319 contingat
915 3280 1018 3310 Bestias
1033 3283 1077 3312 [eu
1090 3281 1231 3311 Animalia
1245 3282 1291 3311 ali-

220 3321 300 3356 cujus
316 3319 431 3350 Subditi
443 3318 554 3348 alterius
569 3316 696 3360 Patrium
711 3318 910 3353 praedictarum
920 3319 944 3348 F
946 3319 1072 3356 undum,
1091 3320 1220 3358 Agrum,
1236 3320 1292 3350 So-

221 3357 318 3388 lumve
332 3357 441 3388 Subditi
456 3357 567 3386 alterius
582 3354 672 3385 Partis
686 3356 814 3393 ingredi,
832 3357 864 3387 &
880 3356 1016 3387 Granum
1030 3366 1077 3387 aut
1091 3357 1219 3387 Herbarn
1237 3359 1292 3388 ibi-

221 3395 289 3426 dem
303 3396 474 3427 crescentem
488 3394 634 3433 depascere
669 3392 760 3425 aliove
776 3395 866 3424 modo
879 3395 935 3433 illi,
954 3395 1034 3433 cujus
1048 3394 1090 3425 est
1106 3395 1224 3433 Solum,
1242 3395 1292 3425 In-

219 3434 323 3471 juriam
339 3435 392 3464 sive
412 3435 582 3472 Dampnutn
594 3433 624 3462 in
639 3442 717 3471 erre,
733 3432 813 3472 quod
834 3434 876 3463 ob
893 3434 952 3464 hoc
972 3442 1071 3464 neutra
1092 3433 1220 3463 Partium
1238 3434 1291 3464 hu-

220 3472 344 3510 jusmodi
361 3471 529 3512 Dan-,prium
553 3472 608 3502 five
625 3470 757 3507 Iniuriam
772 3472 822 3501 tibi
836 3471 910 3502 fac'ta
934 3472 1048 3509 propria
1065 3471 1234 3502 austeritate
1249 3473 1292 3502 ul-

221 3511 420 3552 ciscatur,·1ed
435 3511 502 3541 iilud
517 3509 725 3548 Maleateffim,
743 3510 901 3540 secundum
918 3510 1027 3549 Legem
1049 3511 1082 3542 &
1100 3509 1293 3540 Consuetudi-

223 3559 292 3580 nem
309 3549 464 3578 obiervatas
481 3551 510 3578 in
530 3550 658 3578 Partibus
677 3549 727 3579 ubi
756 3548 928 3585 Dampnum
952 3553 985 3580 &
1003 3549 1107 3587 lnjuria
1132 3550 1194 3580 talia
1220 3549 1292 3580 faeta

224 3588 286 3619 sunt
295 3611 305 3625 ‚
323 3586 507 3617 effe-Qualiter
521 3587 715 3618 emendabitur
729 3597 759 3617 ut
773 3587 815 3618 est
828 3586 948 3625 justum.

261 3626 358 3657 *ΙΤΕ
368 3633 398 3655 Μ
409 3649 419 3661 ,
437 3634 467 3654 ut
479 3625 604 3662 Treugae
621 3626 784 3664 supradictae
799 3635 837 3657 eo
853 3625 962 3656 firmius
978 3627 1011 3657 &
1027 3626 1130 3656 melitis
1139 3625 1292 3656 observen-

223 3674 286 3702 tur,
306 3673 366 3703 que
380 3662 498 3694 cuilibet
520 3672 553 3692 ex
570 3664 694 3693 Subditis
713 3664 841 3695 Partium
865 3664 1066 3704 praedic'tarum
1088 3663 1290 3702 Conquereuti

224 3705 337 3734 liberior
354 3711 443 3741 pateat
459 3699 573 3730 facultas
584 3701 724 3738 Justitiam
745 3703 947 3742 prosequendi,
963 3703 1136 3733 Ordinaturn
1150 3703 1183 3734 &
1207 3702 1292 3733 Con-

224 3743 375 3773 cordatum
389 3739 432 3772 est
447 3738 542 3780 quod,
562 3738 581 3781 si
599 3741 659 3779 quis
673 3750 707 3769 ex
725 3741 851 3772 Subditis
865 3743 974 3773 alterius
993 3741 1122 3772 Partium
1143 3742 1292 3778 praedicta-

225 3791 289 3810 rum
306 3780 492 3817 Depraedatus
504 3780 587 3807 ruerit
600 3781 644 3805 ieu
666 3778 880 3818 Attemptaverit
898 3781 971 3811 infra
995 3779 1139 3810 Marchias
1155 3789 1203 3810 aut
1217 3781 1293 3810 Ter-

225 3829 283 3848 ram
299 3819 408 3848 alterius
420 3817 528 3852 Partis,
543 3813 607 3852 post
626 3813 875 3850 Depraedationem
891 3819 1051 3855 hujusmodi
1066 3818 1112 3848 seu
1131 3818 1294 3858 Attempta-

222 3865 285 3886 turn
302 3856 438 3895 fugiendo
451 3851 651 3896 revertatur-ad
665 3852 808 3885 Marchias
820 3867 867 3887 aut
882 3857 1006 3888 Terram
1023 3857 1095 3887 illius
1112 3856 1200 3886 Partis
1214 3858 1294 3894 cujus

225 3893 267 3922 est
283 3895 433 3932 Subditus,
450 3893 548 3924 licebit
572 3891 632 3934 illi,
649 3900 749 3920 contra
775 3903 862 3930 quern
883 3895 922 3926 sic
943 3896 1166 3935 attemptaverit,
1185 3898 1216 3924 in
1231 3894 1294 3925 Re-

225 3934 321 3969 tenti,
346 3933 391 3962 vel
410 3932 481 3962 infra
500 3931 555 3962 Sex
574 3931 634 3960 dies
650 3932 860 3966 computandos
875 3943 890 3962 a
909 3942 1039 3971 ternpore
1063 3933 1174 3964 Delic'ti
1195 3933 1234 3963 sic
1253 3943 1295 3964 at-

226 3971 356 4011 temptati
371 3971 427 4001 sive
443 3968 605 4007 commiffi,
621 3967 801 3998 Aucioritate
816 3970 953 4005 praesentis
964 3972 1177 4009 Ordinationis,
1193 3971 1297 4010 absque

223 4008 282 4049 aliis
301 4007 401 4037 Literis
415 4009 449 4038 de
464 4009 538 4038 salvo
555 4007 732 4043 Conduciu,
753 4008 880 4045 proiequi
897 4009 977 4039 illum
997 4010 1233 4047 Malefaetorem,
1252 4011 1296 4050 &‚

223 4047 314 4084 ipsum
326 4046 370 4080 ,fic
382 4046 597 4085 prolequendO,
615 4047 717 4079 intrare
727 4044 808 4076 salvo
825 4045 860 4077 &
881 4045 976 4078 secure
990 4048 1137 4080 Marchias
1150 4049 1206 4080 five
1222 4049 1299 4081 Ter-

1592 134 1982 182 LITERAE,

1351 229 1410 250 ram
1425 220 1456 250 in
1469 229 1557 258 quam
1575 220 1652 250 idem
1669 220 1843 252 Maiefaeior
1858 223 1884 252 le
1898 223 2057 260 retraxerit,
2071 221 2134 260 vel,
2153 222 2173 253 fi
2191 223 2244 254 sibi
2263 222 2365 254 melius
2380 224 2425 255 vi-

1346 259 1476 298 debitur,
1495 259 1597 296 poterit
1613 258 1684 288 infra
1700 260 1848 297 praedictos
1863 261 1917 291 Sex
1941 261 1999 291 dies
2016 261 2092 292 adire
2107 271 2198 292 unum
2220 270 2255 292 ex
2272 261 2424 294 Gardianis
2465 272 2479 294 1

2445 306 2500 332 He-

1347 297 1458 328 alterius
1474 297 1562 328 Partis
1577 297 1622 327 vel
1638 299 1696 335 ejus
1715 297 1894 341 Deputatum
1909 310 1963 337 pro
1975 300 2021 329 sua
2030 299 2144 338 justitia
2156 299 2360 339 prosequenda.

1382 336 1408 367 E
1417 346 1458 375 T,
1480 336 1491 366 Ι
1503 345 1525 366 N
1535 347 1546 366 s
1555 346 1577 367 υ
1586 345 1607 378 P.
1618 345 1636 366 i:
1647 345 1670 366 R
1678 358 1687 373 ,
1705 338 1846 366 coniirnili
1857 339 1948 368 modo
1959 360 1968 374 ,
1978 338 2214 378 Appuncluatum
2248 339 2422 371 Concorda-

1346 382 1409 406 tum
1425 377 1456 407 ὃς
1472 374 1653 419 Conci-ulum
1669 375 1708 404 est
1725 375 1804 412 quod
1825 375 1931 419 semper
1946 378 1980 407 ὅ(
2000 378 2155 415 continue,
2171 363 2278 409 e³sd’em
2292 378 2421 410 duranti-

1347 415 1398 445 bus
1412 415 1548 454 Treugis⁷
1566 415 1632 443 sinet
1647 415 1679 444 ὃ(
1696 423 1778 444 erunt
1792 414 1857 443 duae
1877 414 1980 444 Literae
1996 414 2127 446 Parentes
2141 417 2205 448 salvi
2224 416 2401 450 Condue‘ffis
2411 441 2423 457 ,

1348 454 1377 483 in
1393 454 1470 484 bona
1487 455 1520 485 ὃ(
1537 452 1688 483 sufficienti
1699 453 1792 482 fornia
1806 461 1975 490 conceptae,

1382 492 1417 522 U
1427 501 1451 523 N
1462 502 1482 522 A
1505 492 1657 529 (videlicet)
1677 501 1710 521 ex
1728 501 1804 529 parte
1816 491 1887 522 dicti
1900 491 2134 522 Excellentiffimi
2149 492 2292 534 Principis
2306 494 2422 533 Angliae

1348 529 1388 565 ὠ-
1402 534 1525 561 Franciae
1536 535 1631 569 Regis,
1659 531 1708 560 suo
1723 530 1835 569 Magno
1849 530 1948 569 sigillo
1964 530 2093 568 sigillata,
2109 533 2247 562 continue
2260 541 2378 564 manens
2389 536 2421 566 in

1347 570 1445 606 aliquo
1462 569 1546 600 Loco
1563 571 1596 599 ad
1614 571 1670 600 hoc
1685 579 1815 608 congruo
1828 570 1899 599 infra
1915 568 2060 599 Marchias
2074 567 2175 605 Regni
2188 569 2314 611 Scotiae,
2331 583 2421 610 quern

1347 606 1541 638 Sereniffimus
1557 608 1694 646 Princeps
1707 612 1767 638 Rex
1785 611 1920 638 Scotorum
1938 608 2067 646 elegerit,
2085 607 2192 638 virtute
2213 610 2291 645 cujus
2310 612 2422 643 valeant

1346 646 1606 685 quandocumque,
1631 648 1736 677 eisdem
1758 648 1880 686 Treugis
1901 647 2082 683 durantibus,
2100 645 2212 676 Subditi
2231 650 2309 685 Regis
2329 653 2423 679 Scoto-

1345 695 1405 713 rum
1413 686 1620 755 {qnicgcmssues'
1636 695 1738 754 conteri:
1759 685 1872 754 pasdern,
1892 687 2016 729 gravati,
2043 685 2144 754 liber}c
2153 685 2262 723 ingredi
2283 685 2422 727 Regnum

1345 723 1704 802 ffigffaffieniffiffillze
1718 727 2100 807 ἐῇῖῗάἓῶῗκὲξξξῗὲῗπ
2153 733 2254 754 ‘mm
2275 735 2418 764 ΨΜ

1382 800 1420 831 Et
1438 809 1543 832 AL1A
1561 811 1595 831 ex
1615 811 1694 839 parte
1719 801 1892 832 Sereniffitni
1922 802 2049 841 Principi
2069 805 2204 832 Scotorum
2227 803 2323 841 Regis,
2350 804 2420 843 ejus-

1343 838 1410 868 dem
1424 838 1478 883 Ma
1518 850 1538 870 0
1551 840 1651 884 Sigillo
1666 840 1792 884 figillata,
1811 850 1927 871 manens
1942 842 2080 871 continue
2094 842 2125 876 iri
2140 841 2233 878 aliquo
2246 841 2331 871 Loco
2346 852 2421 873 con-

1344 885 1418 916 gruo
1443 887 1472 908 in
1500 888 1516 907 a
1539 878 1683 909 Marchias
1708 879 1838 918 Angliae,
1856 889 1943 917 quern
1970 878 2225 910 christianissimus
2248 880 2362 919 Angliae
2380 880 2420 916 ό·

1344 919 1468 960 Francia
1481 920 1542 947 Rex
1554 917 1690 960 elegerit,
1708 919 1813 948 virtute
1829 920 1907 953 cuius
1929 918 2039 949 valeant
2059 917 2320 958 quandocumque,
2339 920 2422 952 dietis

1344 956 1467 994 Treugis
1488 956 1670 994 durantibus,
1685 956 1800 986 Subditi
1816 957 1938 995 ejusdem
1954 957 2068 994 Angliae
2084 956 2122 991 ό·
2138 959 2262 987 Franciae
2283 961 2362 992 Regis
2375 960 2420 989 in-

1343 994 1421 1033 gredi
1438 994 1526 1025 libere
1544 994 1680 1032 Regnum
1696 993 1821 1032 Scotiae,
1839 996 1872 1025 &
1888 994 2027 1033 Prosequi
2037 995 2157 1026 Causam
2170 996 2265 1034 suam,
2282 998 2419 1028 ubicum-

1343 1043 1398 1103 gue
1413 1034 1446 1076 ᾅῐ
1463 1043 1562 1064 coram
1579 1042 1766 1072 quocumque
1781 1035 1956 1071 competenti
1970 1033 2078 1072 Judice
2091 1033 2164 1064 infra
2183 1034 2261 1065 idem
2277 1035 2419 1076 Regnum

1366 1080 1452 1103 cotiae

1381 1094 1501 1142 Proviso
1516 1110 1626 1148 semper
1641 1110 1738 1149 quod,
1758 1111 1862 1141 virtute
1874 1110 1990 1146 alicujus
1997 1109 2156 1142 Literarum
2168 1112 2233 1144 salvi
2241 1112 2417 1145 Condufflis

1342 1150 1520 1187 hujusmodi,
1535 1159 1594 1179 non
1609 1149 1702 1189 plures
1716 1159 1804 1187 quam
1815 1149 1890 1179 Tres
1905 1150 1949 1179 vel
1959 1149 2094 1187 Qaiuor
2103 1149 2252 1190 Personae,
2270 1153 2415 1192 hujusmo-

1341 1189 1369 1219 di
1383 1188 1484 1219 Causas
1502 1188 1631 1228 prosequi
1646 1189 1793 1226 volentes,
1812 1197 1847 1218 ex
1867 1198 1921 1218 una
1942 1197 2020 1226 parte
2044 1188 2090 1218 vel
2108 1189 2207 1228 altera,
2225 1190 2362 1230 Regnum
2377 1192 2418 1223 21..

1341 1230 1440 1265 terius,
1459 1227 1540 1258 simul
1556 1228 1588 1257 &
1607 1227 1664 1258 una
1679 1229 1762 1265 vice,
1781 1227 1895 1264 ingredi
1910 1228 2019 1257 valeant
2037 1228 2142 1264 quovis
2155 1228 2256 1259 modo.

1376 1266 1422 1297 Ιτ
1431 1276 1449 1297 Ε,
1459 1275 1487 1298 Μ
1496 1289 1507 1302 ,
1525 1267 1590 1304 quia
1603 1267 1662 1296 t*am
1679 1265 1935 1296 Excellentissimus
1957 1268 1991 1297 ὅ(
2008 1264 2261 1298 christianissimus
2277 1265 2416 1308 Princeps

1339 1305 1454 1343 Angliae
1475 1304 1514 1340 ό·
1533 1309 1655 1335 Francia
1669 1308 1746 1342 Rex,
1763 1306 1850 1344 quarn
1865 1304 2060 1335 serenissimus
2080 1304 2218 1344 Princeps
2239 1309 2301 1336 Rex
2323 1311 2416 1338 Scoto-

1339 1355 1400 1374 rum
1414 1346 1470 1379 eius
1486 1343 1723 1382 Consanguineus
1733 1367 1742 1382 ,
1759 1344 1934 1374 considerant
1951 1344 1986 1373 ὅ(
2000 1343 2177 1381 perpendunt
2190 1346 2288 1382 quod,
2305 1346 2356 1377 nifi
2369 1347 2415 1378 su-

1342 1384 1467 1423 pradicta
1481 1385 1580 1414 omnia
1596 1384 1670 1413 bene
1686 1383 1889 1414 conserventur
1905 1381 2061 1414 efficaciter
2082 1384 2116 1414 &
2135 1384 2235 1414 votive
2245 1406 2255 1421 ,
2264 1385 2345 1422 quta
2364 1395 2416 1421 eo-

1339 1432 1404 1453 rum
1421 1422 1573 1459 defideria,
1589 1431 1637 1460 per
1654 1431 1787 1460 magnam
1804 1424 1837 1453 &
1857 1421 1982 1452 debitam
2002 1420 2179 1461 diligentiam
2195 1421 2416 1455 Officiariorum

1339 1463 1369 1491 in
1389 1460 1541 1492 Puniendo
1561 1460 1792 1499 Transgretl'ores
1810 1460 1951 1499 quossibet
1974 1469 2026 1498 pro
2052 1461 2184 1498 qualitate
2206 1459 2413 1501 Deli-storum,

1338 1501 1505 1539 contingere
1525 1501 1648 1537 poterit,
1663 1499 1736 1530 infra
1763 1501 1849 1530 breve
1863 1522 1873 1537 ,
1901 1508 2015 1536 propter
2031 1497 2212 1530 insolentiam
2232 1500 2266 1531 δε
2285 1500 2415 1532 ineffiae-

1339 1548 1432 1569 natam
1454 1539 1597 1569 Malitiam
1617 1537 1703 1569 Delin
1723 1540 1872 1576 nentium,
1897 1537 2047 1576 praedietas
2071 1538 2201 1577 Treugas
2217 1539 2413 1578 multipliciter

1337 1578 1453 1615 violari,
1480 1578 1558 1615 quod
1575 1577 1645 1608 adlit
1661 1589 1671 1615 ς
1696 1578 1704 1607 i
1743 1578 1804 1608 irco
1823 1576 2058 1615 Appuntftuatum
2071 1598 2082 1615 ,
2108 1575 2331 1609 Concordatum
2345 1602 2356 1616 ,
2376 1580 2412 1611 &

1337 1615 1516 1647 Conclusum
1540 1616 1582 1646 est
1601 1617 1681 1655 quod
1700 1618 1876 1654 quicumque
1895 1615 2012 1654 Regum
2031 1614 2235 1652 praedietorum
2253 1616 2365 1648 senserit
2383 1618 2413 1649 Ie

1336 1664 1384 1686 aut
1403 1655 1466 1686 suos
1479 1678 1490 1694 ,
1513 1663 1613 1685 contra
1629 1655 1755 1685 formam
1769 1655 1951 1691 Treugarum
1970 1653 2112 1684 diffluum
2128 1676 2138 1693 ,
2161 1663 2341 1694 aggmvatum
2362 1657 2409 1687 vel

1334 1703 1514 1733 aggravatos,
1537 1695 1567 1723 in
1593 1693 1708 1724 defeetu
1727 1693 1912 1724 Executionis
1926 1691 2048 1730 Justitiae
2072 1693 2108 1723 ab
2136 1693 2217 1724 altera
2239 1693 2324 1725 Parte
2349 1705 2411 1726 non

1335 1734 1434 1771 fatstae,
1454 1732 1588 1769 Princeps
1600 1754 1610 1769 ,
1627 1733 1716 1763 taliter
1736 1732 1774 1762 Se
1793 1740 1840 1762 ant
1856 1732 1931 1762 Suos
1952 1731 2070 1774 sentiens
2081 1731 2207 1774 'Laesum
2228 1733 2275 1763 vel
2295 1732 2411 1772 Laesps,

1335 1781 1497 1841 pff‘di‘i'im
1504 1769 1674 1840 ἒὲωῗῗὲἓ
1694 1779 1741 1839 ²⁰1²
1754 1769 2410 1841 gffiffilfiffiuiffissbffitfflfssffffl‘

1333 1821 1349 1841 a
1359 1821 1387 1841 iu

1334 1851 1438 1888 poterit
1452 1819 1829 1887 dggsuis’gonquffintibus
1846 1847 1948 1878 habere
1963 1846 2084 1890 Justitiae
2098 1819 2415 1888 coinpiementiimzuffi

1337 1898 1397 1927 quo
1417 1887 1482 1919 casu
1504 1887 1587 1925 Rex,
1612 1886 1649 1918 fic
1675 1888 1842 1918 informatus
1868 1887 1902 1918 &
1927 1895 1976 1916 cui
1992 1885 2052 1916 talis
2071 1883 2252 1929 Conquestio
2269 1886 2346 1919 fa&
2362 1888 2414 1928 fit,

1339 1928 1489 1966 quamcito
1513 1925 1675 1956 commode
1698 1927 1827 1964 poterit,
1849 1925 1893 1955 bis
1915 1924 1961 1955 vel
1979 1925 2013 1955 ad
2035 1925 2128 1955 minus
2145 1926 2231 1957 iernel
2251 1925 2281 1956 in
2304 1925 2414 1966 Anno,

1341 1967 1436 1996 mittet
1457 1965 1529 1996 Tres
1545 1974 1591 1995 aut
1610 1964 1743 1995 Duosde
1761 1964 1812 1995 suo
1832 1963 1970 1994 Concilio
1986 1986 1997 2001 ,
2019 1962 2144 2002 Justitiae
2166 1965 2203 1995 δε
2221 1962 2304 1995 Pacis
2321 1966 2415 1997 Arna-

1336 2014 1427 2042 tore8‚
1452 2005 1486 2035 ad
1513 2004 1638 2042 aliquem
1666 2004 1783 2035 Locum
1807 2003 2030 2033 convenientem
2056 2011 2146 2040 prope
2171 2001 2338 2043 Marchias,
2356 2005 2413 2035 ob-

1335 2045 1458 2075 viaturos
1483 2043 1603 2074 totidem
1631 2043 1826 2073 conlimilibus
1853 2042 1890 2072 de
1912 2040 2051 2071 Concilio
2068 2039 2161 2078 Regis
2184 2039 2414 2110 Conffiereuus,

1334 2092 1406 2113 cum
1419 2081 1564 2113 Potest-ate
1577 2080 1728 2112 sufficienti
1744 2088 1872 2111 oneratas
1887 2090 1948 2110 non
1966 2088 2076 2110 tantum
2093 2080 2129 2111 ad
2145 2079 2256 2111 Punien
2277 2091 2327 2112 um
2346 2080 2413 2113 De-

1331 2122 1490 2161 linquentes
1507 2121 1586 2160 super
1606 2121 1711 2159 quibus
1725 2121 1914 2163 conqueritur·
1923 2120 2002 2157 juxta
2019 2118 2129 2150 Deuffi
2147 2119 2310 2157 qualitatem
2324 2143 2336 2159 ,
2359 2131 2412 2152 ve-

1333 2161 1398 2191 ri‘im
1415 2162 1503 2191 etiarn
1520 2160 1556 2190 ad
1576 2159 1795 2197 inquirendum,
1814 2157 2062 2195 Examinandum,
2081 2157 2114 2188 &
2129 2158 2164 2188 ad
2177 2156 2412 2198 Investigandum

1333 2199 1352 2230 fi
1369 2198 1589 2230 conservatores
1601 2198 1741 2229 dietarum
1756 2197 1953 2236 Treugarum,
1972 2195 2111 2227 Gardiani
2129 2196 2345 2237 Marchiarum,
2361 2199 2413 2230 vel

1333 2248 1436 2268 eorum
1455 2238 1677 2274 Locatenentes,
1696 2246 1743 2267 aut
1851 2238 1918 2275 tati,
1939 2236 2110 2275 negligentes
2126 2235 2230 2266 fuerint
2246 2244 2296 2267 aut
2313 2237 2411 2268 remis-

1331 2277 1352 2308 fi
1365 2279 1396 2307 in
1411 2275 1720 2314 Executionejustitiae
1736 2275 1864 2306 Partibus
1880 2274 2148 2313 Conquerentibus3
2164 2283 2238 2313 quoe
2249 2276 2334 2306 etiam
2347 2274 2409 2307 Pu-

1332 2316 1408 2355 nire,
1427 2315 1600 2354 Corrigere,
1619 2315 1652 2345 &
1672 2313 1831 2345 Emendare
1854 2314 1996 2351 habeant,
2021 2313 2041 2343 si
2059 2322 2108 2350 per
2135 2313 2222 2344 talem
2244 2312 2409 2352 Inquifitio-

1337 2365 1425 2393 nem,
1441 2354 1712 2423 Effminffionem,
1728 2353 1761 2384 &
1775 2352 2030 2391 Investigationem
2047 2351 2212 2391 Culpabilee
2224 2352 2333 2384 inventi
2349 2353 2414 2386 fue-

1331 2404 1388 2424 rint
1404 2403 1451 2424 aut
1499 2403 1556 2424 erni
1582 2405 1600 2423 ι.

1366 2431 1527 2463 PRAETE
1538 2441 1561 2462 R
1572 2440 1590 2461 ε
1601 2441 1640 2469 Α,
1660 2440 1690 2462 ut
1709 2441 1747 2462 eo
1763 2431 1864 2462 fortius
1882 2431 1915 2462 δε
1934 2428 2120 2460 inviolabilitis
2136 2427 2285 2467 praesentes
2307 2429 2404 2461 Treu-

1329 2471 1595 2540 gaeodobsetxberiitiissr,
1613 2470 1786 2540 ᾳυοδξοῐᾶς)
1794 2469 2006 2537 Prioi'ffimiiim
2019 2468 2404 2538 ἱυὲἑίηιοιὲὺέ-εὲῗέίὶωϋί

1622 2518 1651 2538 m
1834 2518 1850 2537 u
1865 2517 1915 2537 um
1933 2518 1950 2537 e
2025 2517 2043 2536 u
2172 2516 2191 2535 n
2313 2508 2403 2546 iuguli

1331 2520 1468 2580 mGard)iaiii
1491 2519 1705 2584 hriarcziiigrum,
1727 2517 1914 2576 uniutiscPartis
1934 2547 1968 2577 &
1988 2517 2116 2582 asienus,
2135 2544 2285 2588 praesent&
2305 2545 2340 2575 &
2357 2546 2402 2577 fu-

1329 2585 1934 2661 ἳπὲεέἓὲἓῖᾪὲξῖἒζῗῖἓῑιῗηὲἷὲξ
1950 2584 2044 2653 ἒὲῗξῖἰ
2059 2583 2205 2652 ἕὲοἱὶῗ
2213 2593 2257 2652 ³0}
2268 2582 2405 2661 {3¹¹2ssAE

1331 2675 1377 2702 te,
1395 2665 1428 2696 δε
1446 2675 1460 2695 a
1485 2663 1568 2694 vinis
1580 2663 1618 2693 <ie
1631 2662 1830 2702 Edynbourgh
1846 2662 1880 2692 ει
1897 2660 2041 2691 Dunfrice
2059 2662 2090 2691 in
2110 2643 2207 2691 Semi}
2226 2660 2322 2692 vasus
2335 2663 2404 2693 An-

1329 2704 1414 2743 gliam
1433 2703 1632 2738 inhabitantes,
1652 2701 1735 2732 Parte
1752 2702 1789 2732 ab
1801 2701 1903 2738 altera,
1919 2699 1955 2730 ad
1973 2699 2141 2730 Scrosaneka
2159 2698 2218 2729 Dei
2232 2698 2407 2740 Evangelia,

1333 2751 1432 2773 coram
1448 2743 1487 2772 eis
1503 2740 1590 2780 posita
1609 2741 1643 2771 &
1661 2739 1844 2779 corporaliter
1861 2748 1912 2777 per
1931 2738 2046 2769 eosdem
2068 2740 2087 2758 ¹¹
2103 2739 2138 2769 &
2159 2747 2261 2782 eorum
2282 2739 2406 2778 quemn-
2422 2741 2443 2763 4
2462 2744 2517 2773 XL

1331 2782 1381 2812 bet
1402 2780 1493 2816 mista,
1506 2779 1646 2818 jurabunt
1666 2779 1747 2816 quod
1765 2777 1914 2818 praesentes
1933 2776 2077 2817 Treugas‚
2098 2786 2129 2807 ln
2144 2777 2281 2807 omnibus
2297 2779 2332 2809 &
2350 2777 2406 2808 fin·
2423 2791 2489 2820 ²53-
2523 2784 2533 2790 '

1329 2820 1401 2859 gulis
1419 2818 1555 2857 Capitulis
1579 2819 1613 2849 &
1638 2818 1772 2848 Articulis
1792 2816 1975 2853 earumdem,
1994 2815 2073 2846 bona
2092 2815 2164 2853 fide,
2188 2814 2291 2855 absque
2312 2816 2402 2855 dolo,

1329 2858 1442 2895 fraude,
1467 2857 1582 2887 malove
1596 2857 1716 2893 ingenio
1734 2856 1962 2894 quibuscumque
1978 2854 2180 2885 Observabant
2194 2853 2230 2884 &
2246 2863 2296 2892 per
2313 2854 2402 2893 alios,

1331 2906 1469 2936 quantum
1495 2897 1524 2925 in
1549 2896 1587 2940 eis
1605 2894 1647 2940 est
1665 2918 1675 2934 ,
1699 2894 1851 2925 Observari
1870 2894 1974 2924 facient
1986 2915 1997 2931 ,
2028 2894 2062 2925 &
2079 2891 2160 2932 quod
2177 2891 2258 2922 nullo
2275 2902 2402 2937 unquam

1330 2945 1470 3006 {iffi}
1478 2932 2016 3011 ἶὲἷῗῖηοῗέἷῑςῗᾶἓῗῗὲῗῖἓξὲἓᾞ
2030 2929 2224 3008 ῗῗεέξᾶὲῗῶ
2232 2931 2404 3007 ἓξὲξ-’ΣΞ

1328 3014 1516 3081 Ιερυηῑᾶἀηες
1532 3011 1630 3042 violari
1651 3011 1753 3042 facient
1768 3020 1817 3042 aut
1835 3010 2001 3051 permittent
2025 3016 2160 3046 quatenus
2171 3015 2306 3045 poterunt
2327 3018 2403 3047 quo-

1331 3062 1373 3083 vis
1391 3061 1421 3082 m
1462 3060 1496 3080 o:

1370 3090 1462 3128 Quod
1473 3088 1590 3127 quidem
1601 3088 1818 3128 juramentum,
1834 3086 1979 3117 Omnium
2000 3086 2035 3117 &
2050 3083 2228 3128 singulorum
2248 3083 2404 3128 praedieio-

1330 3139 1394 3160 rum
1404 3152 1414 3166 ,
1429 3127 1489 3158 fieri
1509 3128 1610 3165 debet,
1630 3128 1745 3167 publice
1761 3127 1794 3157 &
1807 3126 1985 3169 solemniter,
2000 3124 2070 3167 citra
2082 3122 2214 3163 Triginta
2226 3122 2287 3153 dies
2303 3124 2403 3160 proxi-

1329 3170 1382 3198 mo
1397 3167 1540 3207 sequent&
1557 3166 1622 3204 post
1635 3166 1745 3196 Datam
1754 3164 1939 3195 Praesentium
1950 3162 2090 3206 continue
2098 3161 2309 3205 numerandos,
2326 3160 2403 3193 Gar.

1329 3208 1481 3238 dianorum
1498 3204 1696 3236 Marchiarum
1714 3203 1826 3243 Angliae
1838 3204 1868 3232 in
1884 3202 2016 3232 manibus
2029 3198 2252 3231 excellentissimi
2260 3199 2404 3239 Principis

1331 3243 1446 3282 Angliae
1462 3242 1501 3278 ό·
1517 3246 1640 3273 Franciae
1653 3245 1732 3280 Regis
1747 3243 1780 3273 &
1795 3241 2062 3271 Comminatiorum
2083 3239 2200 3270 suorum
2216 3237 2251 3269 ad
2266 3238 2325 3269 hoc
2341 3238 2405 3277 spe-

1329 3285 1438 3315 cialiter
1461 3281 1706 3319 deputandorum,
1730 3281 1765 3310 &
1788 3279 2001 3310 Gardianorum
2026 3276 2220 3308 Marchiamm
2248 3275 2355 3308 Scotiae
2371 3280 2404 3309 in

1328 3323 1459 3353 manibus
1478 3319 1656 3351 illustriffimi
1672 3318 1814 3356 Principis
1831 3321 1970 3348 Scotorum
1983 3319 2064 3353 Regis
2077 3315 2111 3346 &
2124 3314 2404 3348 Commiffiriorum

1329 3360 1445 3391 suorum
1460 3359 1494 3402 ad
1513 3359 1571 3388 hoc
1586 3357 1738 3426 {5⁵²ch
1751 3356 1980 3400 deputandorum
1990 3378 2000 3392 ,
2019 3354 2203 3398 Notabilium
2226 3356 2298 3386 vero
2315 3354 2406 3400 Yiro-

1329 3396 1676 3468 ffiffiuzsszsssissflm?
1693 3394 2020 3476 Ρῗῗῗωῗέἔῧῗηωίῗ
2032 3391 2404 3475 &affifflbeaffidmmm

1330 3474 1530 3505 Marchiarum
1548 3472 1671 3509 Scotiae;
1735 3480 1834 3514 omina
1852 3479 1946 3514 autem
1962 3479 2065 3500 eorum
2090 3479 2139 3509 qui
2161 3469 2199 3501 fic
2219 3462 2404 3509 juraverint,

1330 3513 1399 3544 infra
1415 3511 1549 3542 Mensem
1562 3510 1627 3548 post
1641 3509 1858 3540 Praestationern
1874 3509 1995 3547 ejusdem
2008 3508 2186 3547 Juramenti,
2202 3507 2403 3539 certificaban-

1329 3561 1375 3583 tur
1389 3551 1588 3587 alterutrinque
1602 3549 1744 3580 autentice
1758 3546 1907 3578 Gardianis
1921 3547 2031 3586 singulis
2045 3547 2241 3578 Marchiarum
2254 3545 2403 3586 pra-iaaa-

1330 3599 1413 3627 rum,
1432 3598 1471 3656 ug
1484 3587 1559 3656 appd
1583 3587 1656 3656 ipgos
1677 3587 1851 3626 fingulorum
1875 3586 2031 3625 Nomina,
2049 3586 2088 3617 fic
2104 3585 2285 3625 jurantium,
2301 3584 2405 3617 habete

1330 3628 1444 3697 valffg
1454 3637 1502 3702 Me,
1518 3635 1605 3708 siemciii
1624 3635 1748 3708 (inodo,
1761 3662 1982 3708 Concordaturn
2004 3664 2038 3708 ὃς
2061 3661 2242 3707 Conclusam
2261 3658 2303 3690 est
2320 3659 2403 3731 &od

1329 3701 1804 3785 inqisissiiiirfssttkraa
1810 3702 1965 3779 {gree
1974 3700 2405 3779 arammeh&

1330 3783 1448 3814 sentium
1462 3780 1584 3810 similiter
1599 3781 1738 3810 continue
1754 3780 1951 3811 numerandos.
2258 3814 2263 3819 ι

1370 3819 1592 3850 Conservatores
1618 3821 1690 3848 vero
1715 3818 1746 3849 T
1749 3828 1896 3857 rengarum
1922 3828 1978 3857 pro
1999 3816 2081 3848 dieo
2103 3813 2351 3857 Excellentiffimo
2367 3815 2404 3848 δε

1333 3856 1574 3889 Christianiffimo
1590 3855 1726 3895 Principe
1745 3857 1858 3895 Angliae
1868 3855 1908 3893 ῤ’
1920 3859 2044 3886 Francia
2055 3856 2141 3891 Rege,
2157 3852 2268 3896 ejusque
2279 3851 2406 3894 Regnis,

1331 3898 1430 3928 Terris
1441 3919 1451 3934 ,
1467 3895 1631 3932 Dominiis,
1648 3895 1753 3934 Locis,
1768 3906 1801 3926 ac
1820 3895 1948 3926 Personis
1960 3892 2186 3933 quibuscumque
2200 3899 2228 3922 el
2245 3891 2407 3932 subjetffis,

1335 3938 1396 3966 t‘atn
1409 3944 1458 3973 per
1474 3933 1615 3971 Terram,
1631 3935 1718 3972 quiam
1734 3944 1786 3974 per
1802 3934 1907 3973 Mare,
1921 3940 2024 3970 erunt,

1391 4014 1425 4041 H
1424 4008 1557 4050 umfridus
1575 4013 1646 4041 Dux
1665 4010 1881 4048 Bukinghoem‘ae.

1390 4049 1541 4089 Johannes
1553 4052 1624 4081 Dux
1642 4049 1809 4089 Norffivlaae.
2285 4079 2408 4112 VW-

2447 223 2523 261 Ars

2480 213 2555 360 ᾗ

2552 384 2555 430 ἐ
