2555 4266
722 186 824 228 ET
907 186 1172 228 ACTA

0 268 117 302 A›nn-D·
135 273 260 313 gularum
283 272 430 309 Navium,
447 271 527 311 quod
550 270 695 302 Marinarii
717 272 772 303 sive
794 272 932 304 Naucleri
955 275 987 304 &
1005 283 1105 303 omnes
1118 274 1146 302 in
1164 282 1196 304 ea

7 318 94 347 1490.

2 353 53 378 fen.
66 355 95 383 7.

0 2239 8 2260 ²
25 2241 93 2270 XII.

136 313 181 342 vel
203 315 232 342 in
247 312 285 341 eis
297 311 462 348 existentes,
481 310 682 349 cujuscumque
697 310 880 341 Conditionis
893 311 1030 349 existant,
1049 312 1196 342 servabunt

134 351 241 382 Pacem
266 349 427 380 adinvicem
451 357 514 388 erga
534 349 728 388 quoscumque
742 350 875 380 Subditos
889 358 937 379 aut
953 348 1062 389 Incolas
1078 349 1200 387 Regno-

136 399 200 420 rum
220 387 382 418 nostrorum
398 387 615 427 praedictorum,
633 388 736 425 absque
749 397 786 418 eo
799 386 876 425 quod
891 387 976 417 ullam
989 386 1102 416 Subditi
1117 387 1198 417 unius

135 426 224 466 Regis
243 425 381 464 Subjeffis
403 427 511 457 alterius
540 425 670 464 injuriam
695 426 741 455 seu
765 424 936 455 Violentiam
956 426 986 454 in
1002 424 1093 454 Terra
1107 425 1152 456 vel
1166 426 1195 454 in

135 465 230 501 Mari,
247 463 420 494 Fluminibus
437 465 480 494 vel
493 465 521 494 in
538 464 675 494 Portubus
685 464 778 501 aliquo
792 463 882 492 modo
894 462 998 492 inferre
1012 463 1193 499 praesumant:

134 502 188 541 Et,
203 503 224 532 si
240 501 364 534 Domini
380 503 558 541 Proprietari'i
572 503 628 532 five
644 502 819 532 Exercitores
832 500 960 539 praedieti
974 502 1055 530 unius
1072 501 1117 530 vel
1129 501 1195 530 alte-

134 542 191 571 rius
206 540 241 570 N
244 540 355 572 ostrum
370 541 529 579 hujusmodi
542 541 728 571 Securitatem
746 538 873 575 praestare
886 538 1111 576 noluerint,tum
1131 538 1197 569 Ma-

133 580 205 617 iores
224 579 370 611 Officiales
391 580 439 610 seu
459 580 674 610 Gubernatores
696 579 724 606 in
741 577 828 606 Locis
841 576 982 615 praediffis
997 587 1056 607 non
1075 578 1193 616 permit-

133 625 195 647 tent
217 617 334 649 Navem
353 619 399 649 seu
418 616 578 656 hujusmodi
597 625 715 655 quoquo
740 615 828 644 modo
850 615 924 645 exire
939 638 949 652 ,
975 615 1026 645 nisi
1053 615 1194 646 Poffeffor

135 655 272 694 Magister
286 658 343 687 sive
356 657 496 687 Bursarius
511 655 602 685 Navis
617 654 672 683 five
688 652 820 683 Navium
834 653 994 690 hujusmodi
1008 653 1133 691 Regiam
1145 654 1195 684 Li-

134 695 258 725 centiam
278 696 328 727 suo
349 696 399 726 sub
413 694 514 731 Sigillo
530 694 566 723 eis
582 691 749 729 ostenderit,
765 691 846 729 qued
867 693 945 722 licite
969 702 1037 722 cum
1053 694 1098 723 sua
1114 692 1196 723 Navi

134 733 179 764 vel
192 733 335 772 Navibus,
343 733 416 764 nulla
427 731 548 770 praestita
561 730 719 767 hujusmodi
736 729 886 768 Cautione,
894 731 966 760 exire
981 733 1103 770 poterit,
1121 731 1196 770 Quo

136 771 210 802 Casu
231 772 250 801 fi
272 773 344 811 ipsi,
370 772 406 801 iic
428 781 477 810 per
505 770 623 800 alterum
648 767 796 798 Nostrum
815 769 1018 806 praedictorum
1042 770 1195 808 licentiati,

135 809 270 841 Subditos
291 811 400 841 alterius
413 808 608 848 spoliaverint,
623 815 670 837 aut
684 806 835 837 Damnum
852 807 896 837 seu
910 806 1044 844 Iniuriam
1059 810 1195 846 fecerint,

135 848 183 878 vel
197 849 274 880 aliter
288 849 419 887 injuriose
436 846 628 882 tractaverint,
647 846 666 875 fi
680 845 827 876 Solvendo
838 856 896 876 non
908 845 1023 885 fuerint,
1038 857 1088 887 per
1105 847 1195 886 ipsum

137 885 252 926 Regem
267 887 304 917 fic
317 885 527 917 Licemitmtem
543 884 624 923 plena
639 883 795 914 Satisfaetio
808 885 854 915 fiet
868 885 941 922 aliis,
957 885 1026 915 sicut
1042 887 1197 924 praefertur,

136 924 348 962 Damnificatis3
365 923 508 961 Quotiens
529 932 621 953 autem
638 922 821 953 Securitatem
836 923 1005 961 praemiffam
1023 923 1147 961 Majores
1163 924 1201 954 si-

135 973 173 994 ve
195 961 338 992 Officiales
359 961 543 1000 Oppidorum
566 963 599 993 &
614 960 752 991 Portuum
768 962 847 991 unius
862 962 905 992 vel
920 962 1028 993 alterius
1043 964 1195 1001 exigerint,

135 1001 256 1031 Dabunt
275 1000 381 1030 Literas
396 1001 580 1037 autheriticaS,
608 1000 657 1030 sub
678 1009 778 1030 eorum
802 999 964 1030 Communi
985 1001 1102 1039 sigillo,
1128 1000 1199 1032 Pos-

136 1039 283 1069 sefforibus
306 1038 449 1077 Magistris
471 1039 526 1068 sive
553 1038 680 1068 Bursaiiis
698 1039 805 1068 illarum
829 1038 960 1069 Navium
982 1039 1201 1077 Securatarum,

136 1076 332 1109 Testificantes
353 1077 435 1116 ipsam
453 1077 638 1108 Securitatem
661 1076 828 1115 praestitam,
845 1077 880 1108 ad
897 1076 982 1107 finem
996 1078 1030 1109 &
1046 1077 1201 1117 effeetirm,

136 1124 168 1145 ut
186 1115 306 1153 ipsarum
332 1116 490 1146 Literarum
509 1117 610 1153 vigore
630 1116 728 1145 Naves
753 1115 910 1152 hujusmodi
929 1117 995 1146 alios
1015 1116 1116 1147 Portus
1130 1139 1140 1155 ,
1166 1116 1201 1146 ad

135 1163 208 1192 quos
222 1153 333 1184 forsitan
347 1154 545 1193 applicuerint,
563 1154 650 1184 libere
664 1155 736 1184 exire
753 1155 868 1185 valeant.

171 1191 215 1221 IT
227 1202 244 1222 E
255 1202 302 1231 M,
318 1192 537 1223 Concordatum
560 1192 601 1222 est
616 1194 649 1224 &
669 1192 844 1223 Concluluin
867 1191 946 1230 quod
962 1191 1136 1223 Mercatores
1155 1193 1188 1223 &

136 1230 182 1260 alii
205 1231 290 1267 Legii
311 1231 451 1261 Homines
473 1234 550 1268 Regis
573 1230 700 1269 Angliae,
725 1231 927 1268 cujuscumque
946 1232 1119 1261 conditionis
1144 1233 1203 1262 exi-

138 1269 228 1307 stant,
247 1269 346 1308 Regna
371 1269 471 1301 Daci-‚e
489 1270 522 1300 &
538 1268 636 1299 Norw
672 1270 705 1299 iae
719 1270 753 1300 &
767 1269 815 1299 alia
831 1269 971 1299 Dominia
986 1269 1036 1299 sub
1053 1268 1136 1300 Parte
1149 1280 1202 1299 no-

138 1307 192 1337 stra
211 1308 355 1338 existentia
370 1309 515 1346 intrantes,
537 1309 564 1336 in
580 1307 631 1338 suis
673 1307 787 1345 erfonis,
802 1306 900 1345 Bonis,
916 1306 1082 1338 Mercantiis
1096 1309 1203 1347 &taliis

137 1345 237 1376 Rebus
258 1347 500 1386 quibuscumque,
518 1346 666 1376 Veniendo
689 1348 722 1377 &
742 1345 923 1383 Redeundo,
941 1345 1047 1376 stando
1073 1348 1104 1376 ὃ(
1119 1347 1203 1376 Con-

137 1384 291 1423 versando,
311 1385 445 1416 Emendo
466 1385 499 1415 &
514 1383 690 1422 Vendendo,
712 1384 869 1422 piscando,
887 1394 920 1413 ac
938 1385 1020 1413 etiam
1040 1383 1203 1414 Mercandi-

138 1424 247 1461 zaudo,
266 1424 417 1454 habeantur
436 1425 469 1454 &
495 1423 547 1453 fint
569 1424 605 1452 ita
626 1422 720 1452 Liberi
746 1424 779 1454 &
798 1423 897 1461 Qieti
912 1423 1080 1460 privilegiati
1096 1424 1128 1453 &
1144 1423 1203 1453 Im-

138 1470 238 1491 munes
256 1463 325 1492 sicut
345 1462 427 1500 aliqui
450 1461 493 1491 alii
517 1460 695 1491 Mer-catores
711 1461 756 1491 seu
787 1462 934 1491 Homines
953 1460 1101 1498 Extranei,
1124 1461 1203 1501 quas-

137 1509 264 1537 cumque
278 1500 322 1530 seu
344 1501 556 1539 qualiacumque
571 1499 725 1530 Libertates
740 1499 785 1529 seu
800 1500 947 1538 Privilegia
961 1500 996 1530 de
1011 1499 1118 1536 Gratia,
1140 1500 1202 1529 Usu

137 1540 182 1569 vel
204 1539 414 1570 Consuetudine
435 1538 507 1568 infra
522 1537 627 1574 Regna
643 1539 685 1568 vel
709 1538 848 1567 Dominia
864 1538 998 1576 praedicta
1012 1538 1143 1568 habentes
1156 1538 1203 1568 vel

136 1578 312 1615 obtinentes,
332 1577 534 1614 cujuscumque
554 1577 658 1607 fuerint
674 1576 783 1613 Stzitsis,
800 1576 1001 1613 Conditionis,
1019 1576 1138 1613 Linguae
1154 1576 1199 1606 seu

136 1615 174 1645 N
175 1616 292 1652 ationis,
314 1615 416 1654 absque
441 1614 643 1645 Molestatione
653 1637 663 1652 ,
689 1614 858 1651 Exactione,
884 1615 981 1644 Onere
1005 1616 1050 1644 seu
1079 1615 1202 1652 Impedi-

136 1662 237 1684 metito
256 1654 366 1692 aliquali
386 1663 392 1683 z
428 1651 466 1683 Et
485 1654 570 1684 etiarn
595 1653 675 1690 quod
699 1653 749 1690 ipsi
772 1652 949 1683 Mercatores
971 1654 1003 1683 &
1028 1653 1108 1693 Legii
1125 1657 1202 1691 Regis

137 1691 252 1730 Angliae
271 1692 376 1730 poffint
389 1693 422 1722 &
439 1691 547 1722 valeant
560 1700 660 1721 omnes
675 1691 794 1729 Terras,
805 1691 882 1721 Loca
897 1692 930 1722 ὃ(
949 1691 1128 1722 Tenementa
1139 1693 1200 1731 sua,

137 1740 208 1761 cum
221 1732 354 1761 omnibus
366 1729 511 1761 AEdificiis
523 1739 555 1760 ac
571 1729 748 1760 pertinentiis
763 1729 830 1767 suis,
844 1731 892 1760 'vel
908 1730 989 1760 Loca
1003 1730 1156 1761 consimilia
1170 1732 1199 1762 in

137 1768 308 1800 Civitatibus
326 1768 456 1808 Bergensi
475 1770 505 1798 in
529 1768 706 1808 Norwegia,
733 1768 877 1798 Lundenfi
896 1769 929 1799 &
956 1768 1141 1800 Landskrone
1170 1771 1199 1799 in

136 1807 255 1845 Scania,
272 1808 306 1838 δε
329 1807 440 1846 Dragor
462 1807 491 1836 in
506 1806 651 1845 Selandia,
670 1808 703 1838 ὃς
718 1807 807 1845 Loysa
823 1809 851 1836 in
867 1806 983 1844 Suecia,
1002 1807 1047 1837 seu
1061 1808 1090 1837 in
1106 1808 1198 1847 aliquo

135 1846 191 1876 alio
212 1846 298 1877 Loco
312 1846 383 1880 intra
399 1845 500 1883 Regna
517 1846 550 1876 &
566 1845 707 1876 Dominia
721 1846 816 1875 noitra
832 1854 896 1875 ante
912 1845 976 1876 haec
995 1854 1122 1883 tempora
1137 1856 1198 1886 per-

133 1885 230 1922 quisita
248 1885 283 1915 &
303 1883 493 1922 imposterum
514 1884 718 1922 perquirenda,
750 1885 834 1913 libere
857 1884 958 1914 habere
979 1885 1011 1915 ὃς
1032 1894 1126 1914 tenere
1150 1885 1199 1915 fibi

132 1923 304 1955 Haeredjbus
326 1924 360 1954 ὃς
383 1921 537 1960 Affignatis
559 1924 586 1952 in
602 1932 787 1960 perpetuum,
804 1923 837 1952 &
852 1922 932 1961 quod
950 1922 1110 1960 hujusmodi
1124 1923 1201 1953 Ter-

132 1971 175 1991 ras
196 1963 230 1992 &
251 1961 449 1998 Tenementa,
467 1971 535 1991 curn
549 1962 683 1992 omnibus
697 1961 747 1991 suis
763 1962 945 1998 pertinentiis,
961 1961 1118 1998 Reparare,
1136 1961 1200 1992 Sus-

133 2007 261 2038 tentare,
284 2000 317 2030 δε
339 1999 528 2031 Manutenere
553 2000 717 2037 Sumptibus
735 2009 835 2029 eorum
856 2000 977 2037 propriis
1000 2003 1032 2030 δε
1048 1999 1201 2038 Expenlis,

133 2048 168 2071 ac
186 2048 242 2077 *pro
256 2038 301 2069 sua
315 2039 456 2070 voluntate
471 2038 673 2076 Reaedificare,
691 2048 759 2068 cum
776 2037 932 2076 plenissima
948 2037 1088 2068 potestate
1106 2038 1202 2068 Uten-

133 2074 162 2106 di
177 2078 210 2107 ὃς
228 2077 251 2106 F
253 2078 350 2108 ruendi
366 2078 400 2108 ad
413 2078 525 2107 libitum
536 2077 591 2107 suae
608 2076 884 2114 voluntatis,absque
896 2077 1010 2115 alicujus
1026 2086 1111 2107 novae
1125 2077 1201 2107 Prae-

135 2115 261 2146 stationis
274 2116 319 2146 vel
334 2115 444 2146 alterius
457 2116 660 2153 cujuscumque
677 2115 781 2146 Oneris
797 2114 998 2153 Impositione3
1017 2125 1132 2145 necnon
1149 2116 1202 2146 hu—

131 2154 252 2192 jusmodi
272 2155 374 2185 Terras
393 2156 426 2185 ὃς
443 2154 620 2185 Tenementa
641 2154 728 2192 Dare,
751 2153 882 2184 Vendere
904 2155 937 2185 &
962 2153 1123 2193 Assignare,
1140 2155 1201 2185 cui-

134 2202 261 2230 cumque
277 2194 320 2224 vel
335 2193 610 2232 quomodocumque
624 2193 661 2222 eis
672 2193 823 2230 placuerit,
841 2193 930 2223 libere
947 2193 981 2223 &
996 2193 1133 2231 pacifice,
1148 2193 1201 2232 Ju-

135 2240 165 2261 re
182 2232 199 2250 ³*
215 2240 308 2263 tamen
325 2231 425 2261 nostro
440 2230 535 2270 Regio
548 2232 656 2269 semper
670 2231 746 2261 salvo
762 2232 859 2261 debito
872 2233 906 2262 &
921 2231 1068 2262 consueto.

139 2294 143 2296 .
173 2268 305 2308 ITEM,
323 2270 543 2300 Concordatuni
565 2270 605 2299 est
627 2270 707 2308 quod
729 2269 905 2300 Mercatores
921 2273 1006 2312 Regni
1020 2269 1151 2308 Angliae,
1170 2270 1200 2300 in

134 2310 259 2337 civitate
281 2308 408 2349 Bergenfi
429 2309 473 2338 vel
488 2309 544 2338 aliis
564 2309 651 2339 Locis
667 2309 738 2338 infra
755 2308 854 2347 Regna
870 2308 971 2338 Daci-a:
984 2309 1016 2338 δε
1030 2307 1063 2337 N
1066 2310 1200 2347 orwegiae

133 2354 360 2385 commorantes,
389 2348 489 2384 quibus
511 2347 547 2377 de
563 2347 633 2384 Jure
653 2347 699 2378 vel
723 2346 953 2385 Consuetudine,
975 2347 1096 2385 Gratizl,
1115 2347 1201 2386 Usu,

132 2384 303 2424 Privilegio,
320 2386 390 2424 Jure
408 2383 533 2424 Collegii
549 2386 604 2416 five
619 2385 774 2423 Societatis,
788 2388 953 2425 congregari
968 2386 1002 2417 ὃς
1020 2387 1092 2415 uniri
1109 2386 1200 2417 libue-

135 2425 188 2461 rit,
207 2424 341 2455 Personas
362 2433 447 2455 certas
470 2424 636 2455 fiifficientes
657 2425 691 2455 δε
716 2425 831 2454 idoneas
852 2426 881 2454 in
905 2424 1120 2455 Gubernatores
1141 2425 1197 2457 five

134 2461 361 2499 Oldermannos,
381 2466 449 2493 inter
465 2463 501 2493 Se
516 2464 550 2493 ad
566 2473 666 2493 eorum
680 2463 802 2501 libitum,
817 2462 927 2501 Eligere
945 2465 978 2493 &
995 2463 1136 2494 Obtinere
1152 2474 1201 2494 va-

134 2500 228 2538 leant,
247 2501 286 2532 Ita
299 2502 378 2540 quod
395 2502 605 2532 Gubernatores
620 2501 777 2540 hujusmodi
792 2501 849 2531 five
863 2502 1098 2539 Oldermanni,in
1115 2502 1202 2532 Locis

133 2539 276 2577 praedictis
297 2550 346 2578 per
364 2539 538 2571 Mercatores
552 2541 678 2578 legitime
690 2539 799 2578 Elecffi,
817 2540 932 2570 Partem
952 2540 1071 2570 habeant
1087 2541 1120 2571 &
1136 2542 1199 2571 Au-

133 2578 294 2611 ctoritatem
318 2580 424 2610 Statuta
444 2578 618 2616 Condendi,
643 2578 798 2616 omnesque
821 2579 855 2609 ὅτ,
879 2579 1002 2617 singulos
1024 2578 1199 2610 Mercatores

133 2616 273 2654 Anglicos
292 2618 326 2648 δε
350 2618 417 2648 alios
440 2618 638 2656 quoscumque
656 2617 692 2649 de
706 2617 825 2655 Anglia,
843 2618 878 2647 ad
891 2617 985 2647 Partes
1000 2617 1146 2656 praedictas
1163 2619 1198 2648 de

133 2663 239 2686 caetero
260 2657 402 2687 venientes
423 2657 457 2687 ὃς
479 2656 666 2693 declinantes,
684 2665 732 2693 per
751 2657 788 2685 Se
808 2658 842 2687 ὃς
859 2655 1036 2686 Sufficientes
1054 2656 1133 2686 Loca
1149 2658 1196 2688 sua

133 2701 274 2732 tenentes,
292 2694 423 2733 Regendi
439 2696 471 2725 ὃς
486 2694 683 2731 Gubernandi,
699 2704 733 2724 ac
751 2695 790 2724 eis
804 2695 837 2725 ὃς
857 2704 957 2725 eorum
969 2695 1082 2724 cuilibet
1099 2697 1127 2725 in
1144 2696 1198 2726 suis

133 2732 229 2766 Cauiis
251 2736 284 2764 ἃ
308 2734 456 2772 Qierelis,
475 2734 546 2763 inter
567 2744 616 2764 eos
632 2732 741 2763 ibidem
757 2734 841 2763 motis
854 2734 887 2763 &
903 2734 1072 2771 movendis,
1084 2734 1196 2771 plenam

132 2773 166 2802 ὅ(
190 2772 312 2803 celerem
333 2772 473 2810 Justitiam
497 2771 628 2805 Faciendi
641 2770 677 2801 de
691 2773 826 2801 omnibus
842 2773 876 2802 ὃς
892 2772 1002 2810 fingulis
1021 2772 1199 2809 Qiaestioni-

134 2811 205 2846 bus,
226 2809 483 2848 Conteneonibus,
502 2811 649 2849 QuereliS,
667 2810 792 2848 Iniuriis,
811 2811 844 2842 δε
868 2810 1045 2840 Criminibus
1066 2812 1137 2842 inter
1160 2812 1198 2841 Se

134 2849 168 2879 ὅ(
189 2858 290 2879 contra
311 2849 348 2879 Se
371 2850 456 2879 motis
471 2849 516 2880 vel
535 2849 698 2886 movendis,
712 2849 789 2879 acin
804 2849 900 2880 talibus
918 2849 1123 2887 Delinquentes
1141 2849 1199 2880 Ca-

135 2886 252 2924 stigandi
275 2888 307 2917 ὃς
332 2887 488 2924 Puniendi,
505 2897 538 2917 ac
562 2887 716 2919 secundum
737 2886 810 2924 Juris
831 2890 863 2917 &
881 2886 1005 2925 Justitiae
1020 2889 1151 2918 ordinem
1170 2889 1197 2918 in

134 2925 236 2956 melius
256 2926 442 2955 Reformandi
452 2948 461 2963 ,
479 2926 530 2956 nisi
546 2926 607 2957 talia
623 2926 717 2955 forent
729 2935 793 2963 quae
808 2926 913 2958 merito
927 2936 976 2963 per
991 2925 1113 2965 Regiam
1132 2926 1198 2957 Ma·

133 2963 269 3002 gestatem
293 2964 386 2994 forent
405 2962 599 3003 Corrigenda,
626 2964 683 2995 fine
704 2962 915 3001 Impedimento
933 2972 979 2994 aut
1000 2964 1199 2996 Prohibitione

135 3001 233 3034 nostra
254 3002 300 3034 seu
323 3001 500 3034 Officialium
522 3004 556 3034 &
577 3001 782 3036 Ministrorum
802 3002 966 3033 nostrorum
990 3012 1199 3041 quorumcum-

136 3050 224 3109 qqu
234 3087 247 3109 s
256 3088 279 3109 U
288 3088 306 3109 Ρ
316 3089 335 3110 ε,
345 3080 408 3118 R,si
425 3080 520 3119 aliquis
535 3079 682 3112 Mercator
698 3078 805 3116 Legius
819 3079 864 3110 seu
882 3078 1043 3111 Nauclerus
1055 3081 1100 3111 vel
1115 3081 1199 3112 Nau-

138 3126 165 3147 ta
181 3120 265 3155 Regni
279 3118 392 3156 Angliae
407 3119 453 3150 vel
467 3119 677 3150 Dominiorum
692 3118 812 3154 eiuldem
826 3117 923 3148 Diei-is
940 3118 1143 3150 Ass'ertionibus
1153 3120 1200 3150 vel

137 3155 291 3187 Sententiis
312 3157 544 3189 Gubernatorum
556 3156 716 3196 hujusmodi
735 3167 788 3196 pro
805 3166 934 3194 tempore
950 3157 1129 3188 existentium
1145 3159 1199 3188 ob-

138 3202 296 3232 temperare
307 3195 443 3235 noluerit,
464 3207 518 3228 nec
532 3197 559 3226 in
577 3197 665 3227 Locis
679 3195 819 3234 praediffis
832 3195 966 3234 obedire,
981 3196 1046 3234 Ille,
1063 3206 1198 3236 tanquam

139 3240 309 3270 contumax,
327 3234 475 3274 Privilegio
494 3237 528 3268 ὃς
550 3234 668 3273 Gratia,
689 3234 896 3265 Mercatoribus
919 3236 952 3266 &
969 3234 1060 3274 Legiis
1075 3235 1202 3266 Domini

136 3273 217 3308 Regis
229 3272 342 3309 Angbae
358 3273 464 3304 ibidem
478 3273 634 3312 conceffis,
650 3274 768 3313 amplius
784 3282 842 3302 non
860 3273 991 3311 gaudebit
1010 3283 1016 3302 :

178 3309 325 3341 Caeterum
347 3320 416 3342 cum
435 3312 564 3350 plurimi,
583 3322 707 3351 nequam
726 3311 894 3342 seductores
913 3313 946 3342 ὅ(
969 3312 1050 3342 Pacis
1071 3312 1202 3351 AEmuli,

138 3355 242 3378 tonna
263 3350 455 3380 innocentiam
481 3350 681 3384 Mercatorum
699 3352 733 3382 &
753 3350 910 3388 Legiorum
934 3350 1100 3382 Hominum
1125 3355 1202 3389 Regis

141 3384 258 3422 Angliae
278 3386 413 3425 Qier'eias
426 3387 598 3420 criminosas
611 3390 701 3420 solent
715 3390 821 3425 fingere
834 3390 926 3421 minus
939 3389 1014 3426 J'uste
1022 3413 1032 3428 ,
1050 3390 1086 3420 de
1101 3392 1202 3428 quibus

147 3422 321 3456 Mercatores
346 3427 472 3467 praedieti
492 3429 524 3458 ὃ(
542 3429 588 3458 alii
609 3428 723 3468 Anglici
737 3426 911 3465 dispendiose
926 3428 1029 3466 fatigati
1046 3430 1075 3458 in
1091 3429 1202 3466 Regni>-

139 3464 180 3493 ὣς
201 3463 347 3495 Dominus
368 3466 470 3497 Daciae
490 3468 523 3497 ὅ(
543 3467 602 3497 No
642 3467 715 3506 egiae
735 3466 861 3497 solebant
882 3475 979 3497 contra
994 3469 1085 3499 bonos
1102 3467 1203 3498 Mores

138 3501 323 3545 -Gravamina
338 3505 423 3542 atq‘ue
447 3504 586 3543 Dampna
624 3542 626 3544 μ
649 3506 725 3544 ipere
738 3505 772 3536 &
787 3504 954 3543 sustentare,

183 3539 324 3571 Hmciest
335 3542 419 3579 *qued
433 3542 517 3582 Nos,
535 3543 698 3582 Johannes,
718 3543 776 3573 Dei
788 3544 889 3582 gratia,
905 3545 966 3574 ἃς.
980 3548 1040 3574 Rex
1048 3552 1204 3582 praememo—

143 3586 223 3609 ratus
232 3601 244 3618 ,
262 3578 458 3619 Rrouidimus,
472 3581 510 3612 de
522 3583 623 3614 Gratia
635 3584 669 3614 &
683 3582 855 3621 Benignitate
869 3582 885 3612 s
900 3583 998 3620 eciali,
1015 3585 1204 3621 quemadmo-

136 3618 218 3648 ⁴dum
242 3617 364 3648 Tei-iore
380 3620 522 3657 pr‘aesentis
541 3620 804 3652 Confoederationis
827 3619 872 3651 Or
895 3621 1003 3651 inamus
1021 3622 1054 3652 &
1068 3621 1205 3653 Provide-

135 3666 226 3693 mus,
244 3656 324 3695 quod
342 3666 442 3696 omnes
464 3658 497 3688 &
508 3659 607 3698 finguli
623 3659 798 3690 Mercatores
812 3659 844 3689 ὃς
857 3659 966 3689 Subditi
984 3662 1061 3696 Regis
1074 3660 1205 3698 Angli.e,

134 3695 181 3725 -ad
204 3695 307 3734 Regna
328 3693 424 3725 nostra
443 3695 498 3725 five
517 3695 689 3728 Potestatem
704 3697 892 3734 dechnantcs,
910 3700 1043 3735 quamdiu
1055 3700 1085 3728 in
1102 3700 1205 3729 eisdem

136 3733 315 3772 nauticam,
333 3733 426 3772 quoad
439 3734 535 3764 omnia
547 3735 671 3772 ipsorum
685 3735 757 3774 justa
772 3735 922 3772 Negotia,
939 3736 1091 3768 habeantur
1104 3740 1137 3769 ὃ(
1154 3738 1204 3768 sub

134 3770 330 3803 -Protedtionc
346 3771 458 3809 speciali
471 3771 524 3803 fint
537 3773 641 3802 nostrae
658 3773 688 3803 R
722 3774 758 3803 iae
773 3772 946 3811 Magestatis.

152 3847 159 3853 Ι
186 3810 394 3846 ΙΝευΡΕΚ,
411 3809 510 3841 eadem
529 3810 628 3841 Gratia
648 3782 873 3850 &zenignitate
892 3811 1088 3843 Concedimus
1109 3814 1208 3852 quod,

135 3857 181 3877 -m
198 3848 300 3879 Causis
319 3850 354 3880 &
376 3848 521 3888 Qerelis,
537 3850 620 3879 motis
641 3849 687 3879 seu
707 3849 877 3886 movendis,
895 3849 966 3879 infra
988 3849 1159 3882 Potestatem
1173 3854 1207 3883 &

146 3886 377 3925 Jurisdfflonem
392 3886 529 3924 nostram,
537 3887 662 3917 adversus
678 3887 856 3918 Mercatores
869 3888 902 3918 &
914 3887 1047 3921 Subditos
1060 3892 1137 3928 Regis
1145 3895 1210 3921 An-

147 3923 293 3962 gliae‚-ubi
316 3928 408 3965 agitur
421 3926 456 3956 de
471 3924 629 3956 Contactu
643 3926 687 3956 vel
701 3926 793 3964 quafi,
810 3927 859 3963 qui
873 3925 921 3956 vel
936 3927 1012 3964 quod
1027 3930 1208 3964 praetenditur

150 3963 239 3999 initus
256 3964 312 3994 five
319 3966 430 4003 Factus,
446 3963 622 4003 Initumfive
636 3963 756 3994 Factum
771 3973 847 3994 exrra
864 3963 962 4003 Regna
984 3964 1018 3995 &
1036 3965 1209 3997 Potestatem

137 4001 362 4041 -nostramripsi
382 4003 559 4034 Mercatores
579 4004 657 4039 Regis
678 4001 790 4039 Angliae
806 4002 840 4033 δί
854 4001 966 4034 Subditi
978 4003 1062 4034 alicui
1079 4004 1209 4035 Personae

148 4039 292 4071 Instantiae
314 4044 360 4072 ieu
384 4043 467 4072 etiam
480 4040 593 4079 Judicis
612 4040 724 4071 Officio
749 4039 822 4071 infra
842 4040 981 4071 Dominia
1004 4042 1038 4072 &
1057 4041 1211 4075 Potestates

126 4079 284 4124 q-praedidta
295 4077 458 4112 *nullatenus
481 4079 667 4119 Respondete
681 4078 867 4118 compellatur
877 4101 887 4117 ,
898 4079 950 4110 seu
963 4079 1056 4117 aliquo
1069 4083 1158 4113 modo
1169 4092 1210 4113 te-

1229 179 1695 238 PUBLICA.
2262 217 2289 258 7

1234 282 1349 310 neatur,
1367 275 1607 321 ni13‘Cont4raetus
1632 281 1787 319 hujusmodi
1810 283 1865 315 five
1886 284 2035 317 Delic'ium
2048 295 2146 318 contra
2162 288 2215 326 ipsa
2230 289 2292 320 Re-

1239 319 1311 354 gna,
1330 312 1488 357 Dorninia,
1509 321 1563 359 live
1586 319 1757 350 Potestatem
1773 321 1941 361 Regnorum
1956 326 2117 356 nostrorum
2154 337 2199 357 aut
2215 328 2290 358 Sub-

1234 351 1307 379 ditos
1324 350 1407 381 fuerit
1423 356 1584 386 immediate
1599 357 1706 388 fae‘turn
1726 361 1757 389 &
1769 370 1967 398 perpetratum.
2126 349 2136 364 ²

1272 385 1317 433 Iu*
1328 397 1345 417 E
1357 397 1399 425 M,
1414 389 1637 436 concordatum
1652 396 1693 426 est
1707 399 1801 435 quod,
1819 399 1837 428 fi
1852 399 1947 438 aliquis
1966 400 2112 433 Mercator
2128 403 2172 432 vel
2189 403 2293 434 Levius

1233 427 1310 462 Regis
1330 427 1441 469 Angliae
1452 439 1479 471 μ]
1494 432 1586 467 aliquo
1601 433 1685 463 Loco
1703 435 1771 465 infra
1788 437 1886 476 Regna
1899 439 1932 470 ὃ(
1949 439 2122 470 Potest-atem
2141 429 2249 472 Daciaeo
2257 443 2290 473 &

1234 463 1394 506 Noruegiae
1419 465 1506 496 Diem
1532 470 1608 499 suum
1633 472 1753 503 clauserit
1776 473 1942 506 Extremum
1958 499 1966 513 ,
1991 487 2051 508 turn
2071 481 2214 517 proximus
2233 481 2291 518 ejus

1232 501 1334 533 I-lteres
1351 506 1395 532 ieu
1410 503 1582 547 Exequutor,
1594 518 1677 552 quein
1698 510 1824 542 Moriens
1839 513 1885 543 ille
1898 516 2093 553 nominaverit,
2110 517 2164 548 five
2173 519 2206 548 ab
2213 515 2291 548 Inte-

1234 539 1305 570 stato
1325 540 1555 586 Consangqineus
1570 555 1728 586 proximus,
1745 549 1862 580 habeant
1876 552 2153 585 :deiiiistmtionem
2170 558 2287 586 liberam

1234 579 1267 609 ὃς
1292 578 1441 627 Bonorum
1467 582 1547 620 iplius
1571 588 1608 612 lic
1626 584 1801 627 Discedentis
1819 588 2074 629 Dispensationem,
2092 594 2207 628 proviso
2220 593 2292 624 sem-

1233 627 1283 661 per
1297 617 1393 661 quod„
1412 628 1526 657 propter
1541 620 1701 665 Absentiam
1720 624 1876 662 hujusmodi
1891 627 2083 659 Executorum
2094 631 2294 663 Testamenta-

1232 666 1341 700 riorutn
1367 659 1422 687 sive
1446 658 1747 698 Consanguineorum,
1764 664 1800 692 ab
1822 664 1955 696 intestato
1973 667 2178 699 succedentium
2216 672 2293 701 Prae-

1234 695 1333 739 positi,
1351 694 1566 740 Gubernatores
1577 720 1586 734 ,
1605 698 1660 729 sive
1678 699 1869 738 Aldermanni,
1889 712 1939 740 pro
1958 714 2087 742 tempore
2104 693 2248 738 existe’ntes
2263 710 2294 739 in

1235 734 1323 763 Locis
1337 734 1496 772 praedietls',
1506 736 1591 766 liuere
1605 738 1798 768 nanciscantur
1814 740 1846 770 δε
1866 741 1980 771 habeant
1990 742 2198 777 Custodiam&
2208 746 2294 777 Con-

1234 771 1420 818 servationem
1443 772 1591 818 Bonorum
1612 776 1770 813 hujusmodi
1786 778 1818 806 ad
1835 778 1913 807 usum
1930 779 2129 812 Minii‘trorum
2144 786 2295 821 praemetu-

1235 820 1311 854 rum,
1329 821 1398 854 cum
1414 822 1541 843 venerint
1557 815 1586 843 in
1602 814 1697 845 forma
1710 815 1803 846 debirit
1818 815 2060 850 Deliberationern
2076 823 2230 851 eorundem
2247 834 2296 859 pe-

1235 851 1331 893 tituri,
1350 853 1406 880 {ine
1426 850 1639 888 Impedimento
1658 855 1691 884 ὅς
1707 853 1901 885 prohibitione
1924 856 2222 898 cujuscumque3jure
2236 861 2298 892 Re-

1235 896 1284 926 gio
1299 888 1407 928 semper
1419 889 1503 919 salvo.

1275 926 1346 957 ΙΤΕ
1357 935 1401 965 M,
1421 928 1640 960 Concordatum
1656 930 1697 960 est
1714 931 1792 969 quod
1807 931 1983 963 Mercatores
1995 934 2029 964 ὃς
2045 934 2123 972 Legii
2138 938 2214 971 Regis
2230 941 2296 967 An-

1235 964 1314 1003 gliae,
1332 966 1366 1010 acl
1385 966 1523 997 Dominia
1543 969 1575 998 ἃ·
1591 967 1764 1001 Potestatem
1784 969 1952 1009 Regnorum
1968 973 2131 1003 nostrorum
2149 973 2248 1004 Daciae
2263 977 2297 1006 δε

1236 1004 1394 1044 Noruegiae
1418 1006 1578 1044 venientes,
1599 1006 1712 1038 pannos
1734 1008 1776 1038 vel
1799 1009 1850 1040 alia
1869 1009 2061 1042 Mercimonia
2075 1011 2118 1041 sua
2133 1011 2296 1052 Compac'ta

1236 1043 1280 1072 vel
1301 1042 1435 1074 Cordulis
1452 1044 1547 1083 Ligata
1564 1045 1701 1085 Dilligare
1714 1048 1746 1078 ὃ(
1764 1047 1851 1077 libere
1865 1048 1996 1086 Aperite,
2014 1049 2158 1087 Vendere,
2179 1052 2211 1081 ὅ(
2231 1052 2298 1082 Per-

1238 1089 1345 1112 mutare
1357 1083 1484 1121 valeant,
1500 1084 1601 1122 absque
1618 1085 1765 1116 Praesentia
1779 1086 1960 1117 Officialium
1978 1089 2010 1118 &
2027 1087 2226 1119 Ministrorum
2244 1100 2300 1119 no-

1237 1118 1360 1150 strorum
1376 1131 1640 1160 quorumcumque,
1659 1125 1694 1154 ita
1711 1125 1790 1161 quud
1804 1133 1948 1164 propterea
1962 1127 2081 1163 aliquam
2098 1127 2221 1164 Culpam
2238 1138 2299 1158 non

1236 1160 1419 1200 contrabant,
1437 1170 1483 1190 aut
1503 1160 1624 1203 Poenam
1642 1163 1793 1200 incurrant,
1809 1164 1854 1193 seu
1870 1165 1950 1201 quod
1965 1175 2012 1203 per
2028 1164 2172 1195 Officiales
2187 1166 2220 1196 &
2236 1166 2297 1196 Mi-

1236 1195 1338 1226 nistros
1353 1197 1463 1227 nostros
1479 1200 1583 1237 pollint
1597 1201 1662 1230 inde
1677 1201 1819 1238 Reti-argui
1830 1225 1839 1238 ,
1856 1202 2002 1239 Accufini,
2021 1204 2065 1234 vel
2083 1204 2188 1233 Puniri.

1277 1234 1320 1264 [T
1333 1244 1351 1265 E
1361 1244 1405 1272 M,
1422 1235 1640 1268 Concordatum
1656 1239 1696 1268 est
1713 1241 1794 1277 quud
1810 1243 1978 1271 Mercatores
1991 1241 2024 1271 de
2039 1241 2163 1280 Axglia,
2181 1242 2214 1272 ad
2235 1242 2296 1273 Re-

1237 1282 1327 1317 gnum
1342 1274 1471 1304 nostrum
1488 1275 1587 1306 Daciae
1606 1279 1638 1308 ἃ
1659 1277 1759 1309 Insulas
1772 1279 1894 1317 ejusdem
1913 1280 2013 1310 futuris
2029 1280 2045 1299 '¹‘
2058 1282 2234 1318 temporibus
2246 1292 2296 1312 ve-

1238 1322 1361 1356 nientes,
1387 1314 1415 1343 in
1441 1313 1628 1351 Civitatibus,
1655 1317 1790 1355 Oppidis,
1810 1318 1865 1347 live
1892 1317 1987 1354 Villis,
2006 1328 2053 1355 per
2076 1318 2144 1349 Nos
2166 1319 2301 1358 assignatis

1240 1350 1404 1388 (Vldelicct)
1426 1350 1549 1382 Civitate
1563 1352 1728 1392 Hlffsseuli,
1745 1355 1952 1394 Malmogenli,
1975 1357 2177 1393 Landzkrone,
2195 1358 2301 1395 poilint

1238 1389 1271 1418 ἃ·
1287 1390 1393 1432 valeant
1407 1390 1468 1419 suos
1483 1390 1516 1419 N
1521 1393 1685 1427 egotiatores
1700 1395 1733 1424 &
1750 1393 1880 1424 Fautores
1894 1395 2020 1425 ordinare
2036 1398 2069 1427 ὃ(
2085 1396 2235 1434 deputare,
2251 1399 2299 1434 qui

1238 1428 1340 1470 possint
1355 1428 1560 1471 Commodum
1576 1432 1607 1460 ἃ
1626 1430 1787 1461 Utilitatem
1804 1433 1922 1462 aliorum
1932 1433 2128 1464 Mercatorum
2145 1435 2182 1464 de
2192 1436 2302 1474 Anglia,

1238 1476 1266 1494 in
1289 1466 1373 1495 Locis
1388 1467 1535 1509 ‘prscdictis
1556 1478 1614 1498 non
1636 1469 1838 1508 Existentium,
1857 1481 2024 1509 procurare,
2043 1472 2155 1502 Pannos
2173 1473 2302 1511 integros

1238 1504 1284 1533 vel
1310 1504 1427 1534 Medios
1448 1507 1493 1534 vel
1509 1516 1577 1535 cum
1592 1506 1740 1538 Divinone
1759 1508 1846 1538 Ulnae
1862 1509 1992 1541 Vendere
2007 1512 2039 1541 δε
2055 1512 2141 1541 libere
2154 1511 2303 1543 Permuta-

1238 1552 1286 1578 rc,
1304 1543 1467 1573 dummodo
1493 1554 1542 1582 per
1561 1545 1680 1575 Annum
1698 1548 1836 1584 integrum
1852 1549 1896 1577 vel
1912 1550 2031 1588 amplius
2046 1550 2074 1579 in
2093 1550 2178 1580 Loco
2195 1550 2231 1581 fic
2250 1551 2302 1582 de·

1241 1581 1348 1613 signato
1360 1581 1555 1621 demorantur,
1574 1585 1606 1614 &
1621 1584 1721 1615 faciant
1739 1586 1910 1616 Civitatibus
1926 1587 2064 1627 praedictis
2079 1598 2160 1618 more
2177 1588 2301 1620 aliorum

1239 1620 1448 1650 Mercatorum.

1274 1658 1383 1689 ITEM
1394 1681 1404 1696 ,
1415 1658 1642 1702 „Concordatum
1665 1660 1705 1690 est
1726 1660 1759 1691 &
1781 1660 1958 1693 Conclusum
1982 1662 2061 1701 quod
2075 1662 2251 1696 Mercatores
2266 1666 2300 1696 &

1236 1706 1337 1727 omnes
1351 1697 1430 1736 Legii
1446 1697 1586 1728 Homines
1601 1702 1685 1736 Regni
1697 1698 1821 1738 Angliae,
1840 1701 1874 1730 ad
1891 1701 1989 1741 Regna
2003 1703 2035 1732 &
2051 1701 2190 1733 Dominia
2206 1704 2301 1735 nostra

1236 1735 1421 1773 declinantes,
1441 1736 1488 1767 has
1509 1737 1629 1768 habeant
1649 1737 1803 1779 decaetero
1820 1739 1974 1770 Libertates
1990 1741 2019 1770 in
2036 1740 2124 1770 Locis
2142 1742 2303 1780 praedic'tis3

1236 1776 1314 1812 quod
1334 1775 1344 1812 <
1354 1775 1500 1811 videlicet)
1521 1775 1571 1813 ipsi
1586 1784 1633 1806 aut
1646 1776 1768 1815 ipsorum
1784 1778 1863 1808 Bona
1877 1779 1948 1809 infra
1964 1779 2061 1809 eadem
2076 1779 2178 1818 Regna
2191 1780 2224 1810 ὃ(
2243 1779 2302 1811 Ρο-

1236 1813 1364 1843 testatem
1385 1813 1541 1851 existentia,
1557 1824 1609 1852 pro
1633 1815 1726 1853 aliquo
1740 1815 1850 1846 Debiio
1863 1818 1898 1847 de
1911 1827 1969 1855 quo
1986 1817 2156 1856 principales
2174 1817 2300 1849 Debito-

1237 1861 1278 1881 res
1300 1861 1346 1882 aut
1370 1851 1553 1889 Fidejuffores
1572 1863 1633 1883 non
1648 1854 1803 1892 extiterint,
1822 1865 1875 1885 nec
1890 1865 1943 1893 pto
1958 1856 2051 1892 aliqui
2067 1856 2299 1896 Transgreffione

1237 1890 1312 1921 fasti
1331 1890 1376 1920 seu
1401 1890 1529 1921 facienda
1543 1901 1591 1930 per
1608 1892 1677 1921 alios
1688 1902 1774 1930 quam
1791 1903 1838 1930 per
1853 1894 1978 1931 Scipsoz,
1997 1905 2056 1924 non
2073 1895 2236 1926 Arestentur
2254 1896 2299 1926 vel

1236 1929 1389 1967 aliqualiter
1410 1929 1621 1967 Molestentur;
1637 1933 1688 1967 &,
1709 1930 1728 1959 fi
1751 1933 1891 1970 contingit
1917 1932 2093 1964 Mercator-es
2107 1934 2151 1963 vel
2166 1934 2301 1965 Subditos

1238 1968 1343 2007 aliquos
1366 1966 1460 2007 Regni
1483 1967 1600 2004 Angliae
1618 1968 1664 1999 seu
1687 1979 1789 1999 eorum
1813 1970 1891 2000 Bona
1914 1981 2103 2010 quaecumque
2117 1982 2169 2010 pro
2185 1971 2301 2003 Debitis

1238 2006 1271 2036 &
1294 2005 1416 2036 Delu-[tis
1439 2007 1556 2045 propriis
1578 2006 1612 2036 ad
1630 2006 1792 2038 Instantiam
1813 2009 1922 2039 alterius
1936 2009 2162 2048 Conquerentis,
2181 2010 2226 2041 vel
2241 2011 2302 2042 ali-:is

1239 2054 1441 2082 quocumque,
1461 2043 1582 2075 Gravari
1594 2045 1638 2075 vel
1652 2044 1803 2085 Distringi,
1820 2056 1900 2085 tunc,
1917 2048 2064 2078 sufficienti
2077 2049 2218 2080 Cauiione
2232 2058 2305 2089 prae-

1238 2083 1300 2113 stlta
1321 2083 1357 2113 de
1376 2083 1481 2124 Stando
1500 2083 1562 2121 Juri
1578 2093 1628 2120 per
1642 2083 1818 2115 Mercatores
1833 2086 1868 2115 sic
1885 2086 2044 2126 Gravatos,
2062 2088 2090 2116 in
2108 2087 2204 2118 Caufis
2218 2097 2304 2127 quare

1237 2122 1389 2152 Bonorum
1413 2124 1528 2152 luorum
1553 2122 1745 2153 Atestationes
1765 2123 1822 2154 fieri
1845 2127 2031 2165 contingent,
2058 2126 2108 2165 ipsi
2129 2126 2303 2157 Mercantias

1237 2161 1296 2191 suas
1310 2161 1342 2190 &
1359 2160 1436 2202 Bona
1452 2161 1488 2203 sic
1503 2160 1639 2203 uArestata
1662 2161 1749 2192 libere
1773 2163 1998 2202 consequantur,
2016 2173 2049 2194 ac
2072 2174 2125 2202 pro
2149 2164 2198 2195 suo
2216 2164 2301 2196 libito

1237 2198 1353 2229 Habere
1367 2200 1401 2230 δε
1417 2198 1594 2231 Distribuere
1609 2199 1725 2232 valeant.

1275 2237 1321 2267 IT
1332 2246 1402 2273 EM,
1422 2236 1640 2268 Concordamm
1656 2238 1712 2276 est,
1731 2238 1763 2269 ad
1781 2238 1868 2269 finem
1892 2241 1926 2271 ὃς
1943 2239 2081 2271 effe-<stum
2098 2241 2176 2279 quod
2192 2241 2220 2270 in
2237 2241 2299 2272 Re-

1238 2276 1289 2306 bus
1305 2277 1337 2307 &
1351 2276 1385 2306 N
1390 2277 1486 2313 ezzonis
1499 2276 1611 2312 agendis
1627 2278 1659 2308 ὃς
1674 2277 1842 2315 explicandis
1858 2281 1973 2316 privata:
1989 2279 2164 2310 Affse‘tiones
2184 2280 2221 2309 de
2240 2290 2302 2310 cae-

1235 2322 1297 2344 tero
1314 2314 1433 2351 cessent,
1453 2324 1483 2345 ur
1504 2316 1535 2345 <St
1554 2314 1730 2355 Μετὰ-τῇτῇ
1743 2316 1776 2346 &
1793 2316 1901 2347 Gentes
1912 2320 1991 2353 Regis
2009 2318 2120 2355 Angliae
2134 2318 2299 2349 indifferen-

1236 2354 1288 2383 tius
1306 2354 1339 2384 &c
1354 2353 1533 2383 favorabilius
1547 2354 1576 2382 in
1592 2354 1699 2394 Regnis
1715 2356 1747 2385 ὅτ.
1764 2354 1911 2386 Dominiis
1927 2356 2028 2386 Daciae
2040 2358 2073 2387 ὃς
2088 2357 2122 2387 N
2125 2358 2246 2395 oruegiae
2257 2367 2301 2387 re-

1237 2400 1384 2429 ceptentur
1401 2394 1433 2423 ὃς
1444 2392 1595 2421 ῑωξὶεῡωῑ
1611 2394 1784 2430 temporibus
1798 2393 1912 2432 futuris,
1931 2396 2126 2433 inperpetuum
2143 2396 2303 2426 curabimus

1236 2430 1401 2467 providere,
1420 2431 1452 2460 &
1475 2441 1524 2468 per
1541 2429 1692 2462 Praesentes
1714 2432 1898 2469 providemus
1925 2434 1955 2462 in
1982 2433 2105 2465 Civitate
2129 2433 2256 2472 Bergenli
2271 2436 2302 2465 in

1237 2468 1342 2508 Regno
1367 2469 1540 2511 Noruegize,
1564 2479 1679 2499 necnon
1700 2472 1727 2499 in
1751 2469 1841 2501 Insula
1865 2469 2006 2509 Illaudiae,
2031 2482 2120 2502 unum
2145 2473 2189 2502 vel
2211 2473 2301 2509 plures

1235 2507 1410 2537 Praefestum
1436 2510 1492 2538 live
1513 2507 1668 2538 Praefee'tos
1688 2507 1835 2539 Officiales
1856 2511 1890 2540 ai
1912 2510 2079 2541 Levandum
2101 2510 2134 2540 &
2152 2510 2300 2547 Colligeri-

1234 2545 1304 2576 dum
1320 2546 1484 2576 Theolonia
1499 2548 1531 2577 &
1550 2544 1776 2578 Consuetudines
1792 2549 1820 2577 in
1839 2547 1966 2578 Civitate
1981 2549 2014 2579 &
2030 2548 2122 2579 Insula
2158 2550 2299 2586 raedictis,

1239 2586 1390 2622 providum
1407 2585 1452 2614 vel
1467 2585 1601 2622 providos
1614 2586 1647 2616 ὃς
1662 2586 1882 2624 c'rcumspe&os
1896 2587 1993 2625 Viros,
2010 2586 2129 2626 Origine
2177 2598 2242 2618 aeos
2256 2589 2301 2619 vel

1238 2623 1386 2661 Noricos,
1404 2633 1463 2653 non
1486 2624 1571 2654 alium
1593 2624 1638 2654 vel
1655 2624 1722 2654 alios
1741 2625 1849 2655 alterius
1866 2625 2000 2656 Nationis
2014 2626 2059 2656 seu
2073 2626 2199 2665 Originis
2212 2627 2303 2666 cujus-

1238 2672 1373 2699 cumque-

1274 2700 1401 2737 ΙΤΕΜ,
1420 2698 1638 2730 Concordatum
1664 2699 1705 2730 est
1730 2699 1830 2739 quod,
1847 2703 1866 2732 si
1892 2701 2068 2733 Mercatores
2091 2705 2175 2740 Regni
2188 2703 2303 2737 Andiae

1238 2739 1283 2768 vel
1304 2738 1415 2769 Subditi
1429 2738 1533 2767 horum
1547 2739 1653 2768 Trium
1671 2737 1843 2777 Regnorum
1858 2739 1978 2778 Daciae,
1997 2740 2174 2780 Noruegiae‚
2192 2744 2225 2773 δε
2241 2744 2304 2773 An-

1241 2778 1305 2813 gliae
1330 2777 1516 2815 Naufragium
1533 2800 1542 2814 ,
1568 2777 1647 2816 quod
1666 2777 1753 2815 absit,
1777 2780 1805 2807 in
1828 2778 1939 2818 Regnis
1960 2779 2005 2810 vel
2029 2779 2175 2810 Dominiis
2194 2781 2303 2811 alterius

1241 2814 1386 2846 Nostrum
1411 2816 1566 2853 patiantur,
1585 2817 1665 2846 liceat
1680 2817 1717 2845 eis
1732 2815 1766 2846 N
1769 2827 1832 2848 aves
1847 2817 1902 2847 suas
1919 2818 2015 2848 nanas
2030 2818 2074 2848 vel
2092 2818 2213 2849 collisas.
2232 2829 2301 2849 nec-

1239 2864 1298 2884 non
1321 2853 1398 2892 Res,
1419 2854 1548 2892 Merces,
1567 2855 1600 2885 &
1622 2853 1702 2884 Bona
1723 2854 1766 2884 sua
1784 2864 1991 2893 quaecumque,
2010 2856 2098 2886 libere
2115 2866 2146 2886 ac
2164 2857 2303 2895 pacifice,

1238 2903 1288 2932 per
1306 2892 1343 2923 Se
1363 2892 1408 2923 vel
1430 2901 1477 2929 per
1493 2893 1577 2930 alios,
1597 2891 1747 2932 Reficere,
1761 2892 1904 2933 Colligere
1921 2895 1954 2924 &
1969 2894 2102 2931 Habete,
2121 2894 2240 2926 Ballivus
2253 2907 2303 2926 au-

1238 2940 1296 2961 tem
1314 2931 1359 2962 seu
1374 2930 1469 2961 Ballivi
1485 2931 1518 2961 ὃς
1533 2930 1578 2961 alii
1592 2929 1737 2961 Officiales
1751 2933 1798 2969 qui
1811 2931 1894 2962 fuerit
1909 2942 1961 2970 pro
1975 2941 2103 2970 tempore
2120 2934 2163 2963 vel
2187 2933 2302 2972 fuerint,

1239 2971 1288 2999 ubi
1304 2970 1337 3000 &
1353 2969 1466 3007 quando
1478 2969 1535 2999 hoc
1550 2970 1662 3000 evenire
1675 2969 1704 2998 in
1721 2968 1854 3001 alterutro
1869 2970 1979 3007 Regno
1992 2972 2157 3009 cont'oerit,
2176 2971 2302 3004 Naufra-

1237 3017 1288 3047 gos
1301 3008 1372 3045 illos,
1391 3017 1460 3038 cum
1476 3007 1608 3038 Navibus
1622 3007 1672 3038 suis
1687 3008 1838 3039 confractis
1854 3008 2004 3039 Mercibus
2018 3010 2050 3040 &
2092 3011 2152 3040 onis
2166 3010 2218 3041 suis
2233 3021 2300 3041 om-

1239 3048 1339 3084 nibus,
1359 3047 1395 3077 ab
1416 3047 1629 3085 inquietantium
1654 3045 1810 3076 lncurfibus
1834 3057 1886 3084 pro
1902 3047 2016 3078 Viribus
2030 3047 2082 3078 suis
2100 3047 2251 3085 Protegant
2267 3050 2300 3080 Sc

1241 3085 1421 3122 Defendant,
1437 3095 1469 3115 ac
1484 3085 1567 3115 atiam
1584 3084 1617 3114 ad
1635 3083 1709 3120 Res,
1730 3083 1861 3124 Merces,
1880 3085 1976 3124 Bona,
1994 3087 2028 3117 &
2041 3086 2142 3118 Naves
2156 3086 2301 3126 Colligen-

1239 3123 1287 3154 das
1311 3124 1344 3155 &
1367 3123 1514 3154 Salvandas
1536 3122 1707 3153 Succursum
1728 3124 1895 3163 impendant
1915 3125 1949 3155 &
1966 3124 2125 3163 Juvamen,
2143 3125 2244 3163 absque
2265 3136 2302 3156 eo

1239 3162 1320 3197 quod
1345 3162 1446 3201 aliquid
1463 3161 1552 3199 Juris,
1568 3169 1704 3198 praetextu
1719 3162 1832 3200 alicujus
1848 3162 2002 3193 Damnatae
2016 3163 2250 3201 Consuetudinis,
2269 3166 2300 3194 in

1240 3200 1342 3231 Rebus
1359 3202 1415 3230 tiim
1437 3200 1569 3230 luctuosis
1590 3199 1750 3230 Vendicare
1771 3199 1875 3238 possmt
1899 3211 1947 3232 aut
1963 3201 2089 3238 valeant,
2107 3203 2144 3231 ne
2160 3211 2193 3231 ei:
2211 3203 2300 3233 aliena

1241 3238 1408 3270 Calamitate
1429 3238 1646 3275 Compendium
1670 3238 1834 3277 sectentur,
1857 3239 1972 3278 except&
1990 3239 2066 3278 just-j.
2089 3239 2227 3272 Mercede
2247 3251 2300 3278 pro

1277 3280 1407 3308 uantitate
1422 3276 1559 3314 Laboris,

1303 3325 1326 3346 T
1336 3326 1354 3346 E
1364 3325 1409 3354 M,
1425 3314 1640 3345 Concordatum
1657 3313 1713 3352 est,
1730 3318 1804 3345 inter
1819 3316 1879 3343 Nos
1889 3321 2103 3352 praememoratos
2114 3317 2300 3355 Reges-,qubsl

1241 3363 1337 3385 neuter
1359 3352 1490 3384 nostrum
1507 3363 1551 3384 aut
1567 3353 1753 3383 Subdiiorum
1769 3353 1933 3383 nostrorum
1947 3353 2074 3385 inimicis
2088 3354 2196 3385 alterius
2209 3356 2300 3386 Auxi-

1239 3392 1310 3422 lium
1331 3393 1431 3431 quovis
1445 3393 1533 3422 modo
1549 3391 1688 3429 praestabit
1704 3392 1748 3422 vel
1763 3391 1911 3421 Pavorem.

1278 3430 1349 3461 ΙΤΕ
1360 3439 1404 3469 M,
1423 3430 1642 3460 Concordatum
1669 3429 1709 3459 est
1733 3429 1832 3467 quod,
1850 3431 1878 3459 in
1903 3429 2040 3461 Portubus
2063 3431 2120 3461 five
2142 3431 2301 3463 Littoribus

1242 3468 1411 3509 Regnorum
1433 3469 1597 3499 nostrorum
1612 3469 1728 3505 Daciae,
1749 3467 1905 3507 Noruegiae
1920 3468 1952 3498 &
1967 3469 2095 3507 Angliae,
2112 3469 2182 3500 nulli
2194 3473 2300 3501 Piratae

1241 3518 1288 3540 aut
1310 3509 1355 3538 alii
1379 3507 1500 3538 Guerras
1515 3507 1594 3543 super
1612 3506 1694 3537 Mare
1708 3507 1858 3543 facientes,
1878 3507 2082 3545 cujuscumque
2092 3507 2227 3539 Nationis
2243 3510 2302 3547 fue-

1241 3548 1311 3584 rint,
1329 3548 1424 3584 aliquo
1438 3545 1528 3576 modo
1543 3545 1787 3582 Receptabuntur,
1806 3554 1859 3574 nec
1876 3545 1914 3574 eis
1930 3544 2037 3575 ibidem
2050 3546 2096 3577 seu
2109 3547 2173 3577 alibi
2188 3549 2216 3577 in
2235 3547 2300 3577 Do-

1241 3586 1335 3615 miniis
1355 3584 1523 3623 Regnorum
1539 3583 1758 3621 piaedidtornm,
1776 3585 1804 3612 in
1821 3582 1954 3621 Pecunia,
1970 3583 2081 3622 Armis,
2104 3585 2298 3616 instrumentis

1241 3623 1601 3661 Bellicis,VictualibuS,aut
1614 3621 1666 3651 alia
1675 3621 1718 3650 Re
1733 3630 2028 3659 quacumque,contra
2042 3622 2176 3654 Subditos
2193 3624 2300 3654 alterius

1240 3662 1455 3700 Regni,aliquo
1464 3659 1720 3696 Paeto,Auxilium
1737 3659 1921 3701 praest—abitur,
1935 3669 1988 3690 nec
1999 3660 2097 3699 Favor,
2112 3663 2211 3700 quovis
2220 3672 2300 3699 qus:-

1242 3701 1293 3730 fito
1308 3701 1420 3737 colore,
1439 3699 1628 3738 praebebitur,
1643 3697 1678 3726 ad
1698 3696 1950 3727 Damnincandum
1971 3698 2147 3731 Mercatores
2173 3700 2216 3729 sen
2237 3700 2304 3729 alio:

1241 3738 1376 3768 Subditos
1394 3738 1586 3776 quoscumque
1604 3735 1770 3774 Regnorum
1785 3735 1987 3774 praedictorum
2002 3738 2048 3775 ,in
2064 3738 2188 3768 Personis
2209 3738 2252 3767 vel
2272 3741 2301 3769 in

1243 3777 1336 3814 rebus,
1344 3777 1393 3806 sub
1404 3785 1492 3834 poena
1503 3773 1699 3810 Recuperendi
1713 3774 1750 3804 ab
1765 3773 1825 3810 ipsis
1839 3774 1984 3805 Auxilium
2001 3776 2044 3806 seu
2061 3776 2159 3813 Opem
2176 3776 2304 3807 facienti-

1246 3816 1315 3852 bus,
1334 3816 1367 3846 ὃς
1388 3813 1588 3844 ἳεηάίῑοτὼυς
1608 3811 1720 3841 illorum
1743 3811 1900 3842 Armorum
1921 3814 1955 3844 &
1979 3813 2234 3844 Instrumentorum
2256 3825 2305 3846 aut

1247 3854 1420 3884 Vietualium
1435 3852 1480 3881 scu
1496 3851 1608 3880 aliarum
1626 3848 1735 3881 Rerum
1752 3852 2152 3888 quarumcumque,Duplum
2172 3852 2305 3884 Valorem

1247 3892 1428 3927 earumdem,
1447 3892 1479 3920 &
1497 3888 1545 3919 sub
1562 3887 1655 3917 Poena
1669 3887 1870 3927 Indignationis
1886 3888 1988 3926 Regize
2003 3890 2160 3927 Magestatis
2179 3901 2185 3919 :
2212 3890 2266 3929 Et,
2285 3893 2306 3922 si

1247 3931 1394 3968 contingat
1419 3927 1494 3957 Bona
1516 3927 1598 3956 unius
1618 3926 1663 3956 vel
1687 3927 1796 3957 alterius
1810 3927 1958 3957 Nostrum
1975 3927 2020 3957 {eu
2035 3927 2220 3959 Subditorum
2231 3953 2241 3968 ,
2259 3939 2307 3968 per

1248 3968 1353 3998 Piratas
1375 3965 1531 4003 hujusmodi
1551 3965 1578 3993 in
1595 3964 1686 3994 Terra
1702 3965 1749 3995 vel
1763 3966 1791 3994 in
1811 3964 1887 3995 Mari
1903 3965 2026 4002 spoliata
2061 3966 2169 4005 Capta,
2184 3968 2228 3998 vel
2245 3970 2308 4000 De-

1249 4006 1386 4044 praedata,
1406 4007 1434 4034 in
1449 4001 1539 4040 aliqua
1555 4000 1691 4040 Civitate,
1710 4003 1794 4040 Villa,
1810 4003 1941 4042 Oppido,
1960 4005 2002 4033 vel
2021 3988 2109 4035 1³0nu
2122 4005 2230 4036 alterius
2246 4007 2308 4038 Re-

1248 4054 1371 4083 gnorum
1398 4042 1431 4072 ad
1452 4041 1572 4071 Terram
1595 4041 1725 4077 applicari
1747 4042 1793 4070 vel
1810 4043 1918 4071 ibidem
1942 4040 2055 4073 Venalia
2076 4045 2201 4083 exponi,
2227 4046 2308 4084 quod

1252 4092 1319 4113 tunc
1335 4081 1448 4119 Judices
1462 4080 1506 4111 vel
1520 4078 1730 4112 Gubernatores
1745 4079 1858 4110 illorum
1871 4079 2020 4111 Locorum
2034 4082 2071 4119 βε,
2083 4081 2223 4114 Portuurn
2233 4107 2241 4122 ,
2257 4094 2310 4120 pro

2239 4132 2310 4151 [em-

2315 290 2388 321 Am.
2402 291 2446 324 D.

2334 338 2420 368 1490.

2314 373 2377 396 ΗΜ.
2396 378 2425 402 7.

2317 1301 2336 1321 ⁸⁸
2355 1302 2423 1329 xir.

2321 1340 2382 1377 385·
