2555 4266
66 255 145 289 Ann.
155 252 195 283 D.

90 293 174 332 1498.

68 338 132 364 Hm.
155 341 179 368 7.

217 183 294 212 122

253 248 421 287 willielmus
433 244 578 279 Carliolen.

249 293 403 332 Episcopi,
476 328 481 333 .
666 324 670 329 ⁸
746 320 751 327 ⁸

254 332 384 365 Ricardus
400 332 531 359 Dominus
544 323 577 353 de
593 317 696 352 Nevill
706 318 812 359 Mlles,

254 371 399 411 Johanner
411 370 485 396 Baro
499 364 530 393 de
548 366 608 393 Gra
623 360 709 399 βοά,

258 407 415 449 Cristoforus
432 402 555 440 Moresby
571 371 675 436 lvdie-5,
728 437 733 442 q

260 450 296 481 Et
315 446 459 487 Jolsannes
474 444 636 477 Cartington
652 437 803 476 Armiger,

257 489 316 519 Pro
328 486 409 516 Parte
423 484 499 519 Regis
511 483 663 515 Scotorum,

255 522 420 557 Reverendi
435 522 544 555 Patres,

258 562 422 596 Willielmus
435 557 574 597 Episcopus
592 549 804 598 Abirdonenfis,

255 606 382 639 Georgius
398 598 527 628 Candida>
544 595 618 632 Casae
633 591 789 637 Episcopus,

258 643 298 671 W
302 639 425 670 illielmus
442 638 573 668 Dominus
589 629 746 667 Borthvsk,

257 682 383 717 Georgius
395 678 526 707 Dominus
539 676 650 716 Sepon,
765 706 770 711 .

257 721 393 749 Patricius
405 717 494 744 Hume
509 711 546 741 de
559 706 708 741 kastcastel
724 704 828 742 Miles,

257 757 297 788 Et
309 754 442 796 Magister
455 749 586 783 Ricardus
599 746 711 786 Lausbn
719 768 728 783 ,

220 790 714 870 duggrflgldftgirfflteglpiacele'nriff
727 818 863 855 Articuli;
881 816 1002 846 habeant
1018 813 1130 851 plenam
1150 808 1279 841 Potesta-

220 883 281 905 tem
303 883 338 905 ac
357 867 555 902 omnimodam
569 861 798 903 jurisdictionem
815 856 852 887 ad
871 853 1088 896 Reparandum,
1107 849 1278 892 Reforman-

220 912 290 943 dum
307 912 341 942 &
358 905 594 941 Emendandum,
613 910 646 930 ac
662 897 812 934 Reparari,
828 893 993 924 Reformari
1010 891 1042 921 &
1058 888 1212 920 Emendari
1226 895 1278 917 co-

219 950 351 989 gendum
367 951 400 980 &
418 940 648 982 compellendum
667 937 765 967 omnia
776 935 808 965 &
825 932 930 976 singula
944 930 1080 966 Dampna
1095 928 1128 958 &
1144 927 1279 962 Attemp-

217 998 275 1021 tata
292 985 480 1022 Exceffusque
498 980 570 1011 faeta
588 979 622 1010 ὃς
640 983 812 1015 perpetrata,
838 969 964 1002 facienda
977 991 986 1006 ,
1006 965 1204 1005 perpeti-anda,
1222 963 1279 994 sive

239 1038 267 1059 er
297 1026 468 1064 Capitaneos
498 1028 544 1049 aut
576 1016 817 1046 Locumtenentes
831 1033 840 1048 ,
871 1006 1096 1053 eorumdemque
1121 1003 1279 1048 Dteputatos

259 1066 413 1097 archiarum
432 1057 647 1100 praedictarum,
668 1053 724 1082 five
742 1060 791 1089 per
807 1048 942 1080 Subditos
955 1044 1096 1090 utriusque
1110 1042 1278 1080 Principum

218 1103 419 1144 praedictorum
434 1121 443 1136 ,
476 1097 495 1127 si
529 1103 629 1126 contra
657 1091 810 1122 Tenorem
835 1086 1015 1124 praesentium
1040 1083 1220 1121 Treugarum
1245 1081 1280 1111 &

219 1143 395 1174 Guerrarum
414 1134 656 1170 Abstinentiarum
673 1128 778 1167 aliquid
797 1127 922 1161 Anum,
938 1121 1062 1166 Gestum
1081 1122 1127 1152 vel
1146 1120 1280 1164 Attemp-

217 1190 308 1213 tatum
333 1180 385 1210 erit
433 1185 486 1206 nec
509 1182 569 1203 non
592 1171 626 1201 ad
651 1165 836 1200 Multandum
855 1166 889 1196 &
908 1161 1088 1206 Puniendum
1108 1159 1280 1204 Capitaneos

217 1230 252 1252 ac
271 1202 479 1251 Locaten'entes
495 1237 505 1249 ,
529 1212 562 1242 &
587 1218 689 1240 eorum
712 1206 874 1244 Deputatos
894 1200 1065 1240 praedufms,
1089 1209 1122 1229 ac
1141 1207 1226 1228 etiam
1245 1197 1279 1227 ad

218 1255 458 1290 Incarcerandurn
490 1252 523 1282 &
551 1250 653 1279 ultimo
678 1245 827 1284 Supplicio
844 1238 1094 1289 *Demandaudum
1120 1246 1221 1281 omnes
1246 1237 1280 1267 &

219 1297 341 1337 singulos
370 1291 570 1325 Malefaetores
596 1285 754 1318 secundum
783 1281 875 1313 Casus
892 1280 927 1312 &
947 1277 1134 1310 Dehetorum
1156 1274 1280 1315 Exigen-

217 1346 320 1414 uas(Qii
347 1370 461 1410 quidem
483 1365 620 1405 Deputati
634 1388 644 1402 ,
667 1362 714 1393 vel
727 1361 787 1392 duo
804 1366 925 1400 eorum,
942 1365 991 1394 per
1010 1353 1158 1398 Principes
1176 1351 1280 1391 praedi-

218 1414 282 1445 &os
308 1421 352 1444 aut
370 1419 471 1441 eorum
490 1407 613 1444 aliquem
633 1426 643 1439 ,
662 1402 720 1432 five
744 1409 794 1437 per
813 1396 1010 1442 Marchiarum
1029 1392 1215 1436 Gardianosh,
1233 1400 1280 1435 aut

217 1461 317 1484 eorum
336 1450 560 1482 LocatenenteS,
575 1441 646 1482 Juffi
664 1440 709 1471 vel
727 1436 882 1476 Requisiti,
902 1434 964 1479 'sine
983 1441 1151 1477 quacunque
1171 1430 1281 1465 dilatio-

217 1502 255 1522 ne
272 1489 441 1522 frustratoria
456 1510 467 1524 ‚
486 1484 522 1516 ad
540 1493 572 1513 en
590 1481 669 1512 Loca
686 1479 713 1510 se
731 1476 882 1508 conferent
899 1484 929 1504 in
948 1472 1051 1510 quibus
1070 1471 1168 1501 melius
1187 1471 1220 1500 ὃς
1240 1468 1281 1499 fa-

217 1531 300 1561 ciiius
327 1525 488 1567 hujusmodi
516 1517 748 1558 Attemptanonis
772 1514 926 1552 Reparatio
951 1512 985 1542 &
1011 1509 1194 1541 Reformatio
1219 1507 1282 1537 fieri

213 1569 361 1643 ψέξει-ΞΜ,
376 1603 567 1636 Conveniam
586 1598 619 1630 &
639 1593 856 1627 Concordatum
874 1589 915 1620 est
936 1588 1016 1627 quod
1035 1587 1180 1635 praespntes
1197 1584 1282 1616 Coris

218 1647 368 1679 vei-itiones
385 1644 419 1675 &
436 1637 644 1672 conclusiones
662 1635 733 1665 infra
752 1632 835 1662 Duos
852 1629 966 1659 Menses
983 1636 1120 1670 proximo
1137 1625 1282 1662 sequentes

219 1685 285 1725 post
304 1683 413 1714 Datatn
430 1678 612 1711 Praesentium
627 1697 637 1712 ,
661 1683 710 1711 per
728 1671 837 1713 Literas
854 1668 983 1698 Parentes
1001 1665 1142 1703 utriusque
1163 1663 1279 1702 Regum

240 1722 426 1755 raedietorum
451 1716 563 1754 magnis
587 1712 690 1750 Sigillis
715 1711 766 1741 suis
790 1706 914 1751 sigillatas
929 1730 938 1743 ,
963 1703 1220 1749 Confirmabuntur
1246 1703 1281 1734 &

217 1735 448 1795 {atificabuntur
463 1768 469 1774 ·
498 1764 565 1793 quas
584 1750 700 1791 quidem
720 1749 828 1779 Literas
846 1743 1099 1788 Ratificatorias&
1117 1741 1282 1786 Confirma-

217 1803 302 1833 torias
337 1807 368 1829 ut
387 1780 587 1835 praerr’iittitur,
608 1791 627 1821 si
647 1789 731 1820 illatas
745 1811 756 1826 ‚
779 1784 914 1830 Uterque
941 1784 1107 1820 Principum
1127 1780 1282 1825 praedicto-

218 1850 282 1872 rum
299 1823 406 1908 ''gistgc
417 1834 515 1904 {ieeltlcgse
526 1798 920 1903 ξιμῗὲεῗέἔεῐὲξεῖἷοὶὲἓέἓὲε
935 1821 1023 1853 tradet
1040 1821 1074 1853 &
1094 1819 1281 1857 deliberabit,

219 1887 268 1911 aut
286 1887 325 1909 tra
517 1881 528 1901 r
906 1885 914 1892 .

739 788 857 816 utraque
880 777 962 808 Parte
979 771 1215 814 supranominati,
1231 769 1279 799 vel

254 1958 408 1994 Sequuntur
419 1954 532 1982 fluores
542 1943 757 1984 Commxffionum.

255 2034 404 2066 Henricus,
419 2027 477 2058 Dei
493 2023 598 2064 gratia,
616 2025 676 2052 Rex
691 2018 804 2057 Angliae
826 2016 864 2053 όν
889 2018 1011 2046 Franciae
1026 2013 1065 2050 ὀ·
1080 2016 1212 2058 Dominus
1226 2014 1282 2043 Hi-

218 2071 317 2102 berniae
339 2067 487 2100 Omnibus
503 2088 513 2103 ,
535 2063 569 2095 ad
586 2071 658 2101 quos
676 2059 823 2098 praesentes
846 2056 951 2086 Literae
972 2063 1177 2093 pervenerint,
1202 2051 1282 2084 Salu-

215 2118 285 2142 tem.

255 2147 354 2178 Sciatis
369 2143 448 2183 quod
465 2141 548 2178 Nos,
676 2176 690 2182 ..
865 2173 870 2178 ι
897 2173 901 2177 .
972 2171 978 2176 ,
1145 2170 1150 2175 ¹
1195 2170 1200 2175 Ι

255 2186 305 2217 De
324 2183 514 2215 Fidelitatibus
529 2202 539 2217 ,
565 2176 704 2209 industriis
727 2175 762 2206 &
789 2171 916 2211 providis
940 2169 1256 2208 Circumspectionibus
1270 2192 1280 2207 ‚

217 2224 401 2256 Dile&orum
427 2222 459 2252 ὃς
483 2218 622 2250 Fidelium
649 2214 883 2245 Consiliariorum
910 2210 1096 2246 nostrorum,
1115 2208 1280 2239 Reverendi

215 2264 245 2294 in
263 2261 380 2294 Christo
399 2261 487 2291 Patris
503 2256 612 2287 Ricardi
629 2253 747 2293 Episcopi
766 2248 953 2288 Dunolmenfir
968 2247 1105 2278 Custodis
1123 2247 1230 2291 Privati
1246 2247 1280 2277 fi-

215 2302 274 2341 gilli
292 2300 394 2338 nostri,
413 2296 556 2330 Willielmi
578 2293 711 2325 lVarham
732 2291 848 2326 Legum
866 2288 1005 2318 Doetoris
1022 2296 1055 2317 ac
1073 2286 1203 2325 Magistri
1223 2286 1278 2316 sive

187 2367 190 2370 Δ
216 2339 353 2371 Custodis
372 2337 548 2369 Rotulorum
567 2332 728 2364 nostrorum
747 2354 756 2368 ,
781 2330 813 2360 &c
830 2327 971 2367 Johannis
989 2328 1154 2364 Cartington
1180 2324 1280 2355 Armi-

68 2429 86 2446 ⁸
106 2428 177 2456 XH-

217 2381 292 2419 geri,
307 2375 550 2417 quamplurimum
562 2371 760 2414 confidentes,
1156 2403 1161 2408 .
1219 2402 1224 2408 ·

256 2420 271 2435 *
292 2417 368 2456 Ipsos
386 2414 495 2446 nostros
514 2421 595 2443 veros
613 2411 645 2441 δε
662 2409 835 2440 indubitatos
854 2405 990 2436 Oratores
1004 2427 1014 2441 ,
1038 2401 1279 2446 Commiffiriosn,

217 2457 418 2488 Procuratores
430 2478 439 2491 ,
464 2452 622 2489 Deputatos
639 2473 649 2487 ,
672 2448 795 2483 Legatos
813 2467 822 2482 ,
840 2446 874 2477 &
893 2443 1030 2485 Nuncios
1047 2441 1177 2480 speciales
1196 2441 1219 2472 F
1221 2451 1280 2472 eci-

219 2506 298 2534 mus,
316 2493 540 2533 Affignavimus,
557 2491 590 2520 &
609 2486 820 2518 constituimus
838 2494 884 2521 per
900 2481 1072 2526 inscientes,

253 2534 363 2564 Dantes
388 2533 422 2563 ὃ(
450 2528 649 2561 Concedenies
673 2525 776 2555 eisdem
803 2523 955 2561 plenariam
977 2519 1148 2551 potestatem
1167 2518 1279 2562 &.A¹¹·

217 2572 376 2603 &mitatem
395 2593 406 2608 ‚
427 2579 460 2600 ac
483 2567 655 2600 Mandatum
679 2562 807 2603 generale
834 2563 867 2593 &
893 2560 1030 2602 speciale,
1056 2568 1109 2596 pro
1128 2557 1227 2587 Nobis
1244 2558 1277 2587 ἃ

216 2610 352 2641 Nomine
372 2607 486 2645 nostro,
504 2615 573 2636 curn
590 2602 777 2634 lllustrissimo
795 2600 928 2637 Principe
945 2599 1165 2640 Conianguineo
1179 2595 1279 2626 nostro

217 2648 324 2689 Jacobo
341 2652 473 2678 Scotorum
494 2648 578 2681 Rege,
597 2643 641 2672 seu
661 2651 717 2678 ejus
736 2639 924 2675 Oratoribus,
942 2636 1194 2672 ProcuratoribuS,
1214 2634 1276 2665 De-

217 2689 319 2725 putatis
331 2711 341 2724 ,
363 2686 395 2716 &
415 2683 540 2714 Nunciis
562 2681 750 2712 sufficientem
771 2676 942 2717 potestatem
961 2676 994 2705 δε
1013 2675 1222 2705 Auctoritatem
1242 2674 1278 2715 ab

218 2727 322 2757 eodem
347 2723 567 2760 Consanguineo
585 2718 682 2748 nostro
701 2716 734 2745 ad
754 2715 809 2744 lioc
830 2713 998 2744 habentibus
1015 2737 1025 2748 ,
1054 2713 1111 2742 ram
1131 2711 1167 2740 de
1184 2713 1215 2741 δε
1235 2716 1278 2741 iu-

218 2775 268 2804 per
287 2774 368 2801 vera,
385 2762 481 2798 firma,
500 2759 580 2795 reali,
597 2759 630 2788 ὅ(
651 2764 783 2793 perpetua
802 2752 876 2782 Pace
888 2761 980 2794 *arque*
992 2749 1173 2794 Concordia,
1192 2750 1278 2793 quarn

218 2805 255 2834 de
274 2803 307 2834 ἅτ
325 2802 405 2839 super
424 2798 547 2835 Treugis
563 2799 595 2828 ὅ(
615 2794 790 2825 Guei'i‘arum
811 2789 994 2821 Abstiiieiltils
1007 2812 1017 2826 ,
1043 2788 1122 2826 Ligis
1138 2812 1146 2825 ,
1167 2788 1278 2817 Amici-

218 2843 262 2873 tiis
277 2864 286 2879 ,
314 2842 347 2872 &
368 2837 559 2875 intelligentiis
572 2859 582 2873 ‚
609 2835 641 2864 δε
671 2829 972 2862 Contoederationibus
990 2829 1199 2869 imperpetuum
1215 2851 1224 2865 ,
1243 2826 1278 2857 ad

219 2881 332 2917 Vitam,
350 2878 394 2908 seu
413 2876 446 2907 ad
465 2876 574 2906 minora
589 2873 754 2909 Tempora,
769 2869 846 2906 juxta
866 2876 967 2909 eorum
988 2866 1200 2902 Diicretiones,
1224 2867 1278 2895 du-

218 2920 315 2950 raturis
327 2942 336 2954 ,
362 2927 395 2947 ac
413 2915 449 2946 de
467 2916 500 2945 &
519 2913 599 2950 super
618 2920 720 2941 mutuo
739 2911 771 2939 &
788 2906 930 2937 amicabili
951 2904 1109 2936 intercursu
1130 2904 1278 2934 Mercium

218 2959 253 2989 &
280 2954 522 2987 Mercandisarum
545 2955 617 2981 inter
640 2951 700 2978 Nos
720 2949 752 2978 ὃς
777 2946 877 2975 dii-‘lum
893 2943 1120 2983 Confiznguineum
1144 2942 1279 2983 nostrum,

218 3005 252 3026 ac
272 2995 392 3034 Regna,
409 2993 530 3027 Terras,
549 2989 706 3024 Dominio,
727 2986 848 3021 Patrias,
865 2985 898 3015 &
919 2983 1000 3013 Loca
1014 2982 1107 3012 nostra
1121 2990 1203 3021 atque
1217 2981 1279 3019 sua,

219 3033 355 3065 Subditos
370 3055 380 3070 ,
405 3032 540 3069 Alligaios
554 3052 564 3066 ,
582 3026 733 3062 Vassallos,
754 3024 891 3060 Amicos,
910 3021 1148 3065 Con-foederatoffi
1165 3022 1201 3064 ¹&
1220 3020 1280 3050 Ad-

220 3074 356 3104 haerentes
372 3070 482 3100 nostros
498 3076 580 3106 atque
598 3065 660 3096 suos
677 3063 889 3105 quoscumque,
906 3059 1042 3104 hincinde
1056 3058 1200 3097 ineundis,
1217 3069 1280 3096 per-

221 3111 357 3142 cutiendis
377 3133 387 3147 ,
410 3106 605 3147 pasciscendo,
624 3101 846 3140 componendiS,
863 3101 896 3130 ὃ(
917 3098 1070 3142 habendiS,
1088 3108 1121 3128 ac
1141 3098 1280 3128 Securita-

220 3159 260 3181 tes
275 3173 284 3187 ,
307 3149 460 3180 Cautiones
475 3170 485 3183 ,
512 3143 650 3175 Promissa
667 3164 676 3180 ,
690 3141 869 3178 Juramenta,
890 3137 1101 3177 Obligationes,
1121 3137 1153 3167 &
1175 3136 1281 3166 Literas

222 3187 430 3223 Promittendi,
447 3185 477 3215 T
481 3182 608 3218 radendi,
623 3182 656 3213 ὃς
676 3177 878 3215 Deliberandi,
897 3187 930 3207 ac
945 3176 1142 3212 juramentum
1163 3175 1190 3204 in
1209 3175 1282 3205 Ani-

224 3237 300 3257 niam
317 3225 442 3256 nostram
461 3220 628 3257 Praestandi,
647 3227 762 3248 necnon
779 3218 815 3246 de
833 3216 866 3246 &
883 3215 963 3253 super
979 3215 1114 3244 omnibus
1134 3214 1166 3243 sc
1187 3213 1281 3250 singu-

223 3266 255 3296 lis
272 3263 531 3299 contentionibus,
550 3257 766 3297 Qiaestionibus
781 3253 1135 3296 Guerrarum,Qierelis,
1154 3252 1280 3295 LigibuS,

227 3303 422 3339 Artemptaris,
450 3302 483 3332 δε
499 3298 676 3334 Demandis‚
701 3295 756 3325 una
771 3303 839 3323 cum
852 3292 903 3322 suis
919 3290 1163 3327 Circumstanriis,
1180 3291 1282 3320 hmer-

227 3342 377 3378 gentibus,
395 3350 477 3377 atque
492 3338 638 3369 Connexis
652 3358 662 3373 ,
687 3343 750 3372 quae
767 3336 839 3361 inter
854 3333 913 3360 Nos
928 3332 962 3361 ὃς
970 3329 1119 3369 prefatum
1137 3328 1283 3367 Illustrjffi-

230 3391 300 3408 mum
317 3382 477 3417 Principem,
492 3387 524 3407 ac
539 3376 656 3414 Regna,
673 3374 794 3409 Terras,
815 3370 953 3400 Dominia
964 3391 972 3405 ‚
991 3368 1113 3404 Patrias,
1132 3370 1165 3398 δε
1183 3371 1262 3397 Loca
1274 3389 1285 3404 ,

229 3417 362 3447 Subditos
378 3440 387 3453 ,
413 3416 438 3446 V
442 3416 548 3446 assallos
561 3437 570 3451 2
598 3413 731 3451 Alligatos
742 3434 751 3448 ,
779 3408 1003 3439 Oonfoederatos
1020 3431 1029 3443 ,
1047 3408 1079 3449 ὃς
1102 3406 1286 3436 Adhzerentes

231 3454 342 3486 nostros
357 3456 390 3484 &
408 3456 469 3484 suos
488 3453 639 3493 praedictos
653 3474 662 3488 ,
680 3451 747 3479 hinc
766 3447 830 3478 inde
850 3446 973 3484 pendere
991 3445 1191 3481 dinoicuntur,
1211 3444 1287 3474 Tra-

231 3492 328 3523 &andi
342 3514 351 3529 ,
363 3514 367 3519 .
379 3490 621 3522 Communicandi
639 3514 648 3527 .,
667 3485 886 3522 Conveniendi,
905 3482 1132 3522 Componendi,
1152 3482 1286 3513 Conclu-

233 3532 336 3566 dendi,
355 3530 387 3560 ἃ
404 3529 633 3565 Determinandi,
1153 3561 1158 3566 η
1248 3560 1253 3565 .

272 3571 435 3606 Noe-amque
449 3571 558 3597 Dietam
575 3568 671 3598 talibus
688 3566 839 3601 Tempore
856 3563 890 3594 &
910 3561 1012 3598 Loco,
1031 3569 1116 3600 prout
1135 3570 1172 3590 eis
1191 3559 1287 3590 melius

234 3609 325 3639 visum
344 3607 426 3637 fuerit
441 3629 449 3641 ,
468 3607 499 3635 &
518 3607 644 3643 quatinus
662 3614 734 3642 opus
752 3602 850 3638 fuerit,
869 3599 1029 3637 Statuendi,
1048 3598 1287 3637 Appuncmandi,

233 3649 266 3678 ὃ(
286 3647 355 3676 inibi
370 3645 407 3675 de
425 3644 457 3674 &
476 3644 552 3681 super
567 3644 698 3674 omnibus
716 3643 749 3672 &
766 3641 875 3679 singulis
893 3638 1044 3682 Praemiffis
1062 3640 1096 3670 &
1111 3639 1147 3682 ab
1165 3638 1203 3667 eis
1220 3647 1290 3675 qua-

232 3688 423 3720 litercumque
440 3681 658 3718 dependentibus
671 3680 830 3711 Tractandi
843 3702 852 3716 ,
877 3676 1142 3713 Communicandi,
1169 3674 1290 3706 Conve-

234 3724 329 3755 mendi
347 3744 357 3759 ,
383 3719 606 3757 Concordandi,
633 3717 852 3757 AppunCtuandi
864 3740 875 3755 ,
899 3718 932 3748 ὅ(
951 3715 1067 3746 finaliter
1086 3714 1290 3745 Concludendi

234 3764 266 3793 ὃ(
286 3757 526 3795 Determinandi,
548 3767 615 3787 cum
633 3757 836 3796 prorogatione
852 3756 1037 3794 Temporum
1051 3777 1060 3792 ,
1089 3753 1212 3784 Dierurn
1227 3776 1237 3790 ,
1256 3754 1290 3784 &

263 3808 385 3830 ocorum

235 3801 260 3831 L
276 3820 479 3872 Praemii’saque
495 3834 592 3864 omnia
607 3833 641 3863 &
653 3831 756 3870 singula
772 3832 933 3870 Firmandi,
952 3830 1140 3867 Roborandi,
1158 3830 1191 3860 &
1207 3828 1291 3861 Affe-

238 3875 373 3909 cuiundi,
388 3882 471 3910 atque
483 3872 679 3911 Jurarnentum
698 3872 728 3900 in
747 3871 879 3901 Aninssam
897 3870 1023 3901 nostram
1043 3868 1216 3905 Praestandi,

276 3913 406 3943 Necnon
433 3911 468 3941 de
492 3912 525 3941 ὃ(
549 3911 627 3947 super
648 3910 806 3945 huiuimodi
830 3909 1034 3945 Appuneiuatis
1059 3909 1093 3939 &
1116 3906 1290 3943 Conclusis,

236 3951 399 3988 caeterisque
414 3951 546 3979 omnibus
565 3950 596 3979 δ’
611 3948 737 3987 lingulis,
756 3946 899 3977 Prieniiiia
914 3949 1155 3986 qualitercumque
1169 3954 1290 3975 concer-

236 3990 368 4021 nentibus
383 4010 392 4025 ,
418 3997 480 4025 quse
499 3997 565 4017 cum
579 3986 698 4025 praefato
718 3986 912 4024 Consanguineo
935 3986 1037 4023 nostro,
1054 3985 1100 4014 scu
1119 3984 1175 4021 ejus
1193 3982 1289 4013 Com-

236 4028 365 4058 mii'sariis
379 4048 389 4063 ,
414 4025 644 4055 procuratoribus
656 4047 665 4062 ,
693 4024 856 4060 Deputaris,
878 4024 1005 4062 Legatis,
1024 4026 1057 4054 ὃς
1073 4022 1197 4052 Nunciis
1211 4030 1289 4051 ante-

236 4066 336 4105 dietis,
356 4064 554 4103 Appunctuata
568 4087 577 4102 ,
602 4062 787 4094 concordata
801 4085 811 4103 ,
836 4064 869 4093 &
885 4061 1029 4094 Conclusa
1045 4062 1163 4098 fuerint,
1184 4059 1290 4092 Literas

672 109 1922 199 CONVENTIONES‚⁴L1TERAE,

1314 233 1418 279 validas
1439 234 1474 265 &
1495 231 1624 264 efficaces
1636 254 1647 270 ,
1691 242 1725 263 ro
1738 231 1824 277 Parte
1839 231 1950 276 nostra,
1967 232 2114 266 Tradendi
2128 234 2162 266 &
2178 233 2381 274 Deliberandi,
2397 234 2475 269 Ann.
2488 240 2522 274 D
2532 229 2543 253 1

1315 272 1461 317 Tradique
1474 281 1525 316 per
1540 271 1609 302 Nos
1623 281 1663 315 no
1703 280 1780 315 oque
1796 270 1894 310 Sigillo
1916 273 2021 315 muniri
2036 273 2070 304 ὃ(
2090 274 2236 304 deliberari
2255 273 2381 304 Promit-
2422 281 2508 317 1498,
2521 269 2531 278 ’

1317 312 1420 350 tendi,
1447 310 1606 349 Lirerasque
1629 309 1692 340 alias
1713 319 1744 339 m
1765 310 1819 339 hac
1841 318 1918 346 parte
1932 309 2034 341 validas
2054 312 2088 343 &
2104 312 2234 343 efficaces
2249 321 2284 343 ex
2299 312 2381 344 Parte
2401 319 2465 348 Hm.
2485 331 2512 356 7,
2540 321 2544 329 “

1317 349 1413 381 nostra
1427 349 1488 380 fieri
1502 349 1679 387 Requirendi
1689 370 1699 386 ,
1716 347 1870 387 Exigendi',
1888 346 2022 386 petendi,
2040 350 2074 380 &
2090 350 2276 389 Recipiendi,

1357 388 1397 420 Et
1419 388 1582 428 generaliter
1601 388 1700 418 omnia
1721 386 1869 417 Praemiffa
1890 386 1925 417 ὃς
1946 385 2160 420 Praemifforum
2177 390 2285 428 singula
2295 399 2384 429 eaque

1319 428 1564 465 qualitercumque
1577 426 1780 457 concernentia
1792 424 1941 462 Faciendi,
1956 423 2131 465 Exercendi,
2147 428 2331 468 Exequendi,
2348 430 2384 461 δε

1321 466 1499 504 Expediendi
1516 488 1526 504 ,
1551 467 1587 496 ita
1606 467 1640 497 &
1655 465 1759 495 eodem
1776 463 1867 494 modo
1887 463 1956 493 ficut
1975 462 2044 493 Nos
2057 465 2106 501 ipsi
2124 465 2278 499 faceremus
2293 469 2326 499 &
2341 468 2384 500 fa·

1321 515 1388 535 cere
1402 504 1544 541 possemus
1557 504 1575 534 fi
1588 505 1617 534 in
1629 502 1743 542 propria
1756 501 1878 533 Persona
1893 501 2102 541 iuteressemus,
2117 505 2202 535 etiam
2217 506 2238 536 fi
2253 507 2315 538 talia
2331 507 2384 539 sint

1321 552 1388 581 quae
1404 541 1574 581 Mandatum
1590 543 1626 572 de
1640 542 1668 573 se
1683 542 1772 580 magis
1784 543 1895 580 exigant
1908 540 2039 578 speciale3

1357 581 1579 618 promittentes,
1602 580 1680 611 bona
1699 580 1769 611 Fide
1784 580 1817 611 ὅ(
1832 583 1861 610 in
1877 579 1975 609 Verbo
1990 578 2103 649 Rgio,
2119 582 2219 612 omnia
2229 583 2264 614 δε
2278 584 2384 624 singula

1321 628 1388 657 quae
1403 629 1453 657 per
1465 618 1597 656 praefatos
1608 618 1760 657 Oratores,
1779 619 1980 650 Procuratores
1993 642 2003 656 ‚
2052 619 2260 659 ommiffarios,
2279 621 2382 661 Depu-

1321 665 1413 695 tatOS,
1429 657 1554 696 Legatos
1563 679 1574 695 ,
1587 658 1622 689 &
1638 656 1672 686 N
1675 658 1774 688 uncios
1789 656 1901 687 nostros
1917 656 2067 694 praedictos
2082 656 2281 695 Appuncmata
2290 684 2300 698 ,
2309 661 2383 692 Pro-

1322 696 1420 733 missa,
1436 694 1589 726 Conventa
1603 719 1613 733 ‚
1639 694 1842 733 Concordata,
1860 696 1894 726 &
1907 695 2053 727 Conclusa
2067 696 2172 727 fuerint
2187 698 2217 727 in
2230 698 2286 728 hac
2300 699 2384 732 Parte

1321 733 1392 777 Nos
1411 734 1501 778 Rata,
1517 732 1622 773 Grata,
1642 735 1676 764 &
1693 733 1788 763 Firma
1799 734 1944 765 habituros
1957 736 1991 766 &
2010 735 2226 775 observaturos,
2240 736 2275 767 &
2291 737 2385 775 super-

1319 771 1385 802 inde
1401 772 1508 803 Literas
1520 772 1626 803 nostras
1642 771 1770 802 Parentes
1785 772 1889 803 Novas
1901 781 1948 804 aut
1961 772 2195 805 confirmatorias
2210 797 2221 813 ,
2247 775 2384 809 Ratifica-

1320 811 1460 880 tforiasssg
1477 810 1700 848 Approbatorias
1717 811 1747 840 in
1762 810 1855 841 forma
1870 811 1964 842 debita
1976 813 2009 843 &
2024 812 2293 852 auctenticafflrout
2310 826 2383 854 opus

1335 858 1422 888 uerit,
1459 858 1563 880 aturos.

1318 971 1330 994 t
1354 925 1389 956 In
1404 926 1484 966 cujus
1499 925 1558 957 Rei
1571 925 1787 957 Testimonium
1804 923 1854 957 has
1873 922 1981 957 Literas
1994 925 2102 958 nostras
2121 928 2182 960 fieri
2194 929 2316 962 fecimus
2333 911 2388 963 Pla-⁴

1332 973 1418 996 ent&-

1357 1041 1446 1074 Teste
1462 1041 1570 1087 meipso
1585 1019 1659 1086 apud
1676 1040 1932 1086 Wstnionasterimn
1948 1065 1958 1081 ,
1975 1041 2090 1081 Qarto
2105 1042 2166 1074 Die
2181 1044 2289 1078 Menfis
2302 1047 2388 1087 Julii,

1324 1080 1411 1112 Anno
1425 1081 1520 1121 Regni
1532 1080 1621 1112 nostri
1636 1080 1834 1112 Duodecimo.

2006 1159 2059 1188 Per
2071 1158 2156 1198 ipsum
2170 1161 2274 1199 Regem.

1358 1235 1480 1274 Jacobus
1495 1260 1504 1273 ,
1531 1235 1590 1267 Dei
1614 1234 1701 1273 gratia
1715 1259 1725 1273 ‚
1748 1237 1809 1265 Rex
1832 1237 1969 1265 Scotorum
1980 1258 1989 1273 ,
2006 1236 2141 1266 univerfis
2155 1237 2189 1268 &
2205 1236 2335 1279 singulis,
2349 1241 2390 1273 ad

1322 1284 1446 1343 qugrurn
1464 1275 1505 1343 11&ss
1500 1276 1593 1306 otitias
1608 1274 1756 1313 praesentes
1772 1275 1875 1305 Literae
1892 1276 2091 1314 pervenerint,
2106 1274 2241 1307 Salutem.

1380 1322 1456 1344 ciatis
1498 1319 1539 1343 'os

1356 1351 1408 1395 De
1428 1337 1618 1383 Fideiimi'ibus
1632 1374 1642 1390 ‚
1667 1350 1835 1389 Industriis‚
1860 1352 1894 1383 ἃ·
1916 1351 2042 1389 providis
2055 1350 2386 1394 Circumspeetionibus‚

1322 1388 1502 1422 Dilectorum
1513 1392 1546 1422 &
1564 1391 1703 1421 Fidelium
1715 1390 1950 1421 Consiliariorum
1968 1390 2130 1422 nostrorum
2148 1392 2229 1429 (viz.)
2240 1392 2391 1425 Reveren-

1322 1428 1351 1458 di
1366 1429 1589 1474 &Venerabilis
1606 1428 1771 1473 ianhristo
1785 1428 1878 1472 *Patris
1897 1428 2039 1459 Willielmi
2054 1430 2251 1471 Abirdonenfis
2267 1432 2362 1472 Eptfio

1322 1468 1411 1497 nostri
1429 1468 1534 1500 Secreti
1557 1468 1647 1505 Sigilli
1667 1467 1821 1506 Custodis,
1836 1467 1960 1498 Andreae
1981 1471 2099 1498 Forman
2119 1468 2332 1501 Prothonotarii
2345 1441 2388 1503 Kx

1323 1506 1456 1543 postolici
1480 1517 1513 1538 ac
1538 1507 1644 1538 Prioris
1663 1507 1701 1537 de
1718 1506 1829 1545 Mayo,
1848 1509 1963 1536 Patricii
1975 1509 2066 1537 Home
2077 1507 2113 1538 de
2127 1507 2291 1540 Fastcastell
2306 1510 2389 1540 Mili-

1323 1545 1373 1583 tis,
1392 1545 1526 1583 Magistri
1543 1545 1654 1575 Ricardi
1673 1544 1786 1585 Lauson
1808 1546 1827 1565 ¹¹¹
1847 1544 1955 1576 Clerici
1971 1545 2119 1578 Generalis
2136 1547 2243 1579 nostrae
2255 1548 2387 1588 Justicia-
2405 1554 2424 1575 ¹¹
2444 1556 2514 1587 ΧΠ.

2403 1594 2468 1631 678.
2507 1591 2513 1593 “
2537 1590 2540 1593 ’

1322 1585 1372 1613 riae
1386 1585 1632 1622 quamplurimum
1649 1583 1841 1624 confidentes,

1360 1621 1438 1661 Ipsos
1460 1625 1494 1654 δε
1513 1623 1599 1654 Duos
1617 1633 1718 1653 eorum
1737 1623 1917 1661 conjunctim
1938 1623 2050 1654 nostros
2064 1623 2285 1657 Commiffiirios
2324 1625 2389 1658 De-

1322 1662 1658 1732 issrutffisiae
1671 1648 2321 1735 spectassem
2330 1676 2386 1711 ¹¹⁰-

1322 1747 1405 1777 mus,
1422 1746 1456 1770 ac
1471 1762 1483 1777 ‚
1505 1739 1626 1783 Tenore
1641 1722 1824 1770 P'raesentium
1835 1761 1845 1777 ,
1864 1711 2022 1778 Paeimug,
2039 1712 2268 1781 Οοηίῖἰὸῑῖιίωυε,
2286 1714 2390 1782 11)ῗέιί

1322 1777 1733 1861 [Ξῃὸῖιεῃῖεξὸεοὲοιὲῗέἒέῐῖῑεε
1748 1814 1856 1846 eisdem
1871 1815 1972 1859 nostris
1981 1814 2206 1860 Commiffariis,
2218 1817 2389 1859 Deputaris‚

1321 1855 1355 1886 &
1371 1855 1497 1886 Nuncus
1512 1878 1522 1894 ,
1548 1856 1582 1887 &
1605 1854 1732 1885 Duobus
1752 1864 1854 1884 eorum
1877 1855 2076 1893 coniunctim,
2094 1856 2221 1887 nostram
2237 1858 2389 1895 plenariam

1321 1893 1497 1926 Potestatem
1519 1895 1554 1926 ὃ(
1577 1893 1750 1924 Mandatum
1772 1893 1887 1933 speciale
1905 1891 2108 1924 Conveniendi
2123 1905 2193 1925 cum
2209 1894 2388 1928 Commissa-

1322 1933 1650 2003 &taffepffiafflnzsffi
1667 1931 2048 2002 {Snssissiaffxffdkmi-ffimi
2058 1932 2209 2002 spi‘iin·⁶³¹'³⁵
2238 1935 2340 2004 ¹³3⁸ss
2353 1937 2388 1967 ὃ(

1322 2019 1382 2042 tem
1406 1982 1569 2042 abgtdodem
1592 2010 1775 2054 habentibus,
1792 1981 1869 2047 apiid
1882 1982 2012 2054 αϋςῖιέεῐξ
2020 1982 2254 2049 ᾐοὲυπῗῗιὲῑῐῗιῃη
2265 1975 2390 2044 ὃξῑὲἓιῖ

1323 2059 1428 2088 gruum
1441 2072 1451 2088 ‚
1469 2057 1554 2088 prout
1569 2049 1671 2080 nostris
1687 2049 1720 2080 &
1735 2048 1786 2079 suis
1804 2047 2014 2079 Commiffariis
2026 2050 2157 2087 expedire
2169 2050 2326 2091 videbitur,

1360 2089 1406 2120 Ac
1422 2089 1458 2120 de
1471 2089 1506 2120 ὅ(
1529 2087 1610 2127 super
1624 2088 1764 2127 Treugis,
1786 2086 1912 2118 Induciis
1934 2088 1968 2120 ὃ(
1991 2086 2171 2119 Guerrarum
2187 2089 2390 2129 Abifinendis,

1322 2127 1382 2158 tam
1395 2138 1445 2167 per
1461 2128 1586 2158 Terram
1604 2127 1691 2165 quam
1703 2136 1752 2164 per
1766 2125 1867 2163 Mare,
1884 2125 1920 2157 ad
1938 2126 2071 2164 Tempus
2086 2127 2211 2165 longum
2228 2129 2274 2159 vel
2290 2130 2390 2169 breve,

1322 2167 1356 2198 &
1372 2167 1451 2205 super
1474 2167 1552 2203 Ligis
1567 2188 1577 2203 ,
1605 2166 1744 2196 Amicitiis
1757 2187 1768 2202 ,
1787 2165 1820 2196 &
1836 2164 2160 2204 Confoederationibus,
2178 2168 2252 2197 inter
2267 2167 2335 2199 Nos
2349 2169 2384 2200 &

1321 2205 1434 2236 dictum
1455 2203 1732 2236 Excellentiffimum
1748 2204 1916 2242 Principem
1933 2203 2097 2242 Nostrique
2117 2205 2151 2236 &
2164 2205 2249 2243 ipfius
2263 2205 2386 2245 Regna,

1320 2243 1445 2282 Terras,
1463 2244 1620 2281 Dominia,
1640 2243 1761 2282 fige-os,
1777 2244 1812 2276 ὃς
1825 2243 1963 2274 Subditos
1978 2243 2114 2274 hincinde
2135 2242 2306 2283 Capiendis,
2327 2245 2391 2277 Sta-

1322 2283 1450 2319 tuendis,
1475 2284 1509 2314 &
1531 2282 1688 2312 Firmandis
1703 2304 1714 2320 ‚
1741 2281 1792 2312 sub
1807 2282 1915 2318 modis,
1931 2281 2042 2320 forma,
2057 2282 2091 2312 ἃ
2104 2282 2336 2323 conditionibus,
2353 2285 2390 2316 de

1322 2323 1424 2361 quibus
1439 2323 1510 2353 inter
1526 2321 1638 2352 nostros
1653 2321 1686 2351 &
1700 2321 1763 2351 suos
1778 2319 1998 2352 Commiffiirios
2010 2322 2159 2351 conveniri
2177 2323 2211 2354 &
2226 2323 2390 2354 concorda-

1321 2363 1351 2432 {ii
1360 2363 1480 2399 poterit,
1499 2360 1650 2399 Ineundis,
1667 2358 1929 2397 Communicandi,
1943 2359 2100 2390 Tractandi
2110 2383 2120 2399 ,
2136 2361 2170 2392 &
2183 2359 2392 2399 Appundwan-

1345 2411 1352 2431 i

1359 2422 1398 2469 'Et
1410 2438 1517 2476 insuper
1531 2436 1694 2476 hujusmodi
1707 2447 1741 2468 ac
1757 2437 1813 2467 aliis
1830 2436 1864 2468 &
1878 2435 2009 2475 singulis,
2028 2436 2141 2468 bonurn
2157 2436 2340 2476 Treugarum
2354 2440 2390 2472 δε

1324 2476 1526 2509 Amicitiarum
1542 2487 1574 2507 ac
1584 2475 1875 2507 Confoedemtionum
1890 2476 2090 2515 praedictarum
2107 2475 2389 2508 &observationem

1323 2516 1488 2547 earumdem
1510 2515 1631 2553 nostriq3
1653 2515 1749 2554 Regni
1774 2514 1997 2552 Rempublicam
2021 2515 2262 2545 concernentibus
2277 2538 2286 2553 ,
2303 2525 2393 2555 prout

1322 2556 1404 2586 dietis
1427 2554 1529 2585 nostris
1548 2553 1757 2584 Commiffiariis
1778 2554 1879 2584 melius
1905 2553 2036 2590 expedire
2057 2553 2202 2584 videbitur
2215 2576 2226 2592 ‚
2252 2553 2391 2586 Concor.

1322 2595 1406 2625 dandi
1421 2595 1453 2625 &
1468 2592 1585 2623 finaliter
1598 2591 1800 2623 Concludendi
1819 2592 1852 2622 &
1867 2591 2104 2630 Determinandi,

1361 2633 1528 2669 exteraque
1543 2632 1645 2662 omnia
1662 2633 1695 2663 δε
1711 2629 1817 2668 singula
1838 2629 1991 2668 Faciendi,
2009 2629 2387 2670 Gerendi‚&Exercendi‚

1322 2674 1355 2704 δε
1378 2669 1553 2709 Expediendi
1574 2679 1638 2708 quae
1660 2671 1689 2699 in
1704 2668 1855 2700 Praemiffis
1877 2671 1911 2700 &
1927 2670 2001 2699 circa
2016 2678 2048 2699 ea
2061 2668 2213 2700 necessaria
2226 2669 2329 2701 fuerint
2342 2671 2388 2701 seu

1322 2709 1544 2748 quomodolibet
1557 2716 1698 2746 oportuna
1707 2730 1717 2745 ,
1733 2707 1839 2750 etiarnsi
1856 2707 2029 2738 Mandatum
2043 2709 2158 2746 exigant
2170 2710 2261 2747 magis
2272 2709 2390 2747 speciale

1323 2750 1412 2786 quam
1426 2746 1610 2779 Praesentibus
1625 2745 1666 2776 est
1683 2747 1864 2784 expressurn3

1359 2787 1563 2817 Promittentes
1577 2809 1585 2823 ‚
1613 2785 1692 2815 bona
1715 2785 1783 2815 Fide
1805 2786 1838 2815 &
1861 2785 1891 2814 iri
1914 2783 2016 2815 Verbo
2039 2784 2136 2824 Regio
2151 2807 2162 2822 ,
2180 2783 2250 2815 Nos
2262 2784 2392 2825 Rarum,

1323 2826 1449 2857 Gratum
1463 2848 1472 2862 ,
1498 2825 1532 2856 &
1548 2823 1680 2853 Firmum
1696 2833 1729 2854 ac
1743 2824 1849 2854 Stabile
1864 2823 2010 2853 habituros
2025 2831 2121 2854 totum
2133 2824 2168 2855 &
2185 2825 2322 2862 quicquid
2337 2835 2388 2863 per

1323 2865 1415 2895 dic'tos
1431 2862 1544 2894 nostros
1553 2861 1772 2893 Commiffarios
1786 2871 1832 2892 aut
1844 2861 1927 2892 Duos
1941 2871 2045 2892 eorum
2061 2862 2258 2903 conjunctim,
2269 2863 2390 2902 Actum,

1323 2903 1444 2934 Fac‘tum
1459 2925 1469 2940 ,
1493 2901 1663 2945 Traistatum
1679 2925 1688 2937 ‚
1714 2900 1951 2943 Appunffliatum
1964 2923 1974 2938 ,
2003 2899 2240 2939 Concordatum,
2257 2900 2390 2932 Conclu-

1323 2943 1423 2973 surnve
1441 2941 1524 2971 fuerit
1539 2950 1568 2970 in
1585 2939 1754 2978 Praemiffis,
1774 2942 1819 2970 {eu
1832 2939 1929 2978 aliquo
1943 2938 2169 2970 Praemifforum.

1362 3018 1396 3049 In
1415 3018 1494 3055 cujus
1513 3016 1573 3047 Rei
1587 3016 1804 3047 Testimonium
1828 3016 1876 3047 has
1898 3015 2008 3048 Literas
2025 3015 2134 3047 nostras
2147 3014 2196 3046 sub
2213 3014 2329 3054 Magno
2345 3016 2390 3047 Si-

1325 3058 1396 3095 gillo
1409 3056 1507 3087 nostro
1523 3055 1581 3085 fieri
1595 3056 1718 3086 fecimus
1734 3055 1881 3092 patentes,
1899 3055 1972 3094 apud
1989 3052 2166 3092 Edmburgh,
2186 3053 2318 3085 Decimo
2331 3056 2394 3094 sep-

1324 3099 1397 3127 timo
1415 3095 1472 3126 Die
1490 3094 1598 3124 Mentis
1619 3095 1794 3132 Septembris
1809 3117 1819 3132 ,
1849 3094 1938 3124 Anno
1960 3093 2086 3123 Domini
2100 3092 2276 3131 Millesimo,
2296 3095 2392 3134 Qra-

1324 3132 1543 3174 driiigentesimo
1552 3156 1562 3171 ,
1578 3132 1776 3172 Nonagefimo
1793 3133 1935 3171 septimo,
1953 3133 1988 3164 &
2002 3131 2097 3170 Regni
2113 3130 2202 3162 nostn’
2216 3132 2358 3164 Decimo.

1361 3211 1395 3242 In
1411 3218 1534 3247 quorum
1547 3211 1680 3239 omnium
1697 3209 1730 3239 &
1747 3208 1920 3247 singulorum
1938 3206 2155 3238 Praeinifforum
2171 3207 2390 3240 Testimonium

1325 3251 1392 3281 huic
1410 3250 1483 3280 Parti
1508 3248 1551 3278 [N
1563 3257 1585 3278 D
1595 3257 1612 3278 r:
1625 3256 1646 3277 κ
1658 3257 1711 3277 τυ
1722 3257 1744 3278 R
1755 3256 1785 3278 [Ε
1794 3270 1804 3284 ,
1823 3256 1910 3284 penes
1930 3247 2079 3284 praefatum
2095 3245 2312 3278 illustrissimum
2326 3252 2389 3278 Sco·

1325 3294 1372 3319 11·ae
1387 3292 1483 3324 Regem
1504 3286 1532 3316 R
1543 3295 1598 3317 EM
1608 3296 1627 3316 A
1637 3295 1657 3316 N
1670 3296 1682 3316 s
1692 3295 1713 3316 υ
1724 3295 1748 3316 R
1757 3294 1788 3315 ΑΞ
1797 3308 1806 3322 ,
1824 3285 1893 3315 Nos
1907 3285 2033 3324 patrati,
2050 3286 2201 3324 Ricardus,
2215 3285 2393 3325 Willielmus,

1328 3329 1362 3358 ὅ(
1377 3327 1537 3365 Johannes‚
1557 3325 1750 3355 Commiffarii
1764 3324 1832 3353 dieii
1848 3323 1986 3361 Principis
2000 3323 2176 3354 Illustriffimi
2198 3326 2311 3355 Hem-ici
2322 3330 2393 3356 An-

1324 3366 1387 3403 gliae
1407 3369 1485 3402 Regis
1508 3363 1632 3394 Domini
1652 3362 1740 3393 nostri
1759 3361 1987 3393 Metuendiffimi
2008 3362 2132 3400 superius
2156 3365 2328 3402 memorati,
2346 3364 2392 3395 Si-

1327 3405 1391 3443 gilla
1413 3404 1508 3433 nostra
1529 3402 1706 3439 apposuimus
1727 3403 1754 3430 in
1778 3400 1901 3431 Ecclesia
1923 3400 2080 3431 Parochiali
2103 3400 2141 3430 de
2155 3400 2275 3439 Aytonn
2292 3402 2391 3433 Sanffl

1329 3443 1455 3474 Andreae
1469 3440 1609 3470 Dioecefis
1619 3463 1628 3476 ,
1644 3440 1748 3469 ultimo
1767 3438 1825 3469 Die
1839 3438 1947 3469 Mensis
1961 3439 2155 3477 Septembris,
2172 3441 2262 3470 Anno
2278 3441 2390 3471 Domi-

1328 3483 1358 3511 ni
1381 3479 1537 3509 Millesimo
1552 3502 1561 3515 ‚
1587 3477 1717 3515 Qadrin
1738 3477 1889 3514 entesimo,
1906 3476 2105 3516 Nonagefimo
2120 3477 2262 3517 septimo,
2281 3479 2391 3519 Regni-

1330 3529 1385 3559 que
1402 3518 1472 3549 dieu
1486 3515 1712 3547 Metuendissimi
1762 3517 1822 3553 egis
1838 3515 1929 3546 nostri
1944 3515 2141 3547 Duodecimo.

1369 3595 1388 3625 S
1396 3605 1413 3625 c
1422 3603 1434 3624 1
1444 3603 1463 3624 A
1473 3602 1496 3623 T
1504 3602 1516 3623 1
1528 3602 1541 3623 s
1567 3592 1636 3623 Nos
1648 3594 1691 3622 W
1689 3591 1829 3622 illielmum
1852 3592 1886 3623 &
1904 3593 2018 3622 Petrum
2026 3615 2036 3632 ‚
2051 3602 2105 3632 pro
2111 3594 2233 3633 praefittis
2251 3593 2392 3625 Potentis-

1332 3635 1407 3666 simis
1423 3632 1534 3670 Angliae
1550 3630 1589 3674 &j
1611 3635 1705 3661 Scotiae
1716 3632 1827 3669 Regibus
1843 3632 1877 3661 &
1890 3641 1990 3662 eorum
2009 3631 2210 3672 Nominibus,
2226 3632 2389 3664 Convenis-

1332 3674 1376 3710 se,
1396 3670 1590 3701 Concordafle
1606 3693 1615 3706 ,
1640 3671 1673 3700 δε
1690 3669 1868 3700 Concluiiffe
1881 3693 1890 3707 ,
1916 3671 1949 3700 &
1974 3680 2023 3708 per
2041 3670 2194 3703 Praesentes
2209 3670 2391 3710 Convenire,

1332 3709 1536 3746 Concordare,
1555 3710 1587 3739 &
1602 3709 1785 3740 Concludere
1798 3717 1828 3739 ut
1844 3708 1869 3738 se
1891 3709 1973 3739 uitur.

1370 3749 1414 3779 IN
1423 3757 1441 3777 Ρ
1453 3757 1474 3777 R
1486 3757 1496 3777 1
1507 3756 1555 3789 Mi
1568 3757 1580 3777 s
1597 3770 1606 3785 ,
1632 3746 1834 3778 Convenimus
1847 3769 1858 3784 ,
1924 3747 2112 3785 ncordamus,
2129 3748 2162 3779 &
2180 3746 2392 3779 concludimus

1333 3788 1414 3824 quod
1433 3785 1595 3823 Capitulum
1607 3809 1617 3825 ,
1632 3787 1660 3816 in
1675 3786 1813 3825 praeditsto
1824 3786 1963 3817 Traeiatu
1972 3787 2152 3824 Treugarum
2166 3786 2200 3816 &
2212 3784 2392 3818 Guerrarum

1335 3826 1576 3858 Abstinentiarum
1587 3849 1596 3862 ,
1606 3833 1655 3862 per
1672 3828 1773 3863 Septem
1788 3828 1888 3854 Annos
1908 3826 1981 3855 inter
1995 3825 2089 3856 dictos
2101 3823 2294 3854 serenissimos
2307 3825 2392 3856 Prin-

1332 3866 1407 3902 cipes
1419 3865 1564 3894 dumtaxat
1575 3863 1771 3893 duraturarum
1783 3885 1792 3901 ,
1811 3873 1861 3901 per
1875 3862 2091 3894 Commiffarios
2108 3861 2289 3899 praefatorum
2306 3864 2392 3894 Prin-

1331 3905 1429 3941 cipum
1441 3925 1450 3939 ,
1469 3911 1499 3932 ut
1512 3903 1707 3940 przemittitur,
1722 3902 1827 3932 initum
1840 3903 1874 3933 δε
1887 3902 2055 3932 conclusum
2064 3923 2073 3938 ,
2090 3900 2132 3929 ad
2144 3903 2241 3929 Vitam
2252 3902 2392 3942 utriusquae

1332 3944 1462 3979 Principis
1484 3942 1633 3977 Principum
1643 3940 1835 3978 praedic‘forum
1857 3939 1895 3975 (θ’
1916 3951 2006 3969 eorum
2021 3938 2133 3969 alterius
2145 3938 2243 3968 diutius
2260 3943 2289 3969 V
2289 3943 2394 3970 iventis

1331 3979 1370 4016 (ἐν
1391 3981 1430 4008 ad
1448 3990 1528 4007 unum
1540 3982 1657 4008 Annum
1670 3977 1795 4016 proximo
1812 3978 1871 4018 post
1893 3978 2004 4008 Obitum
2024 3975 2115 4007 ultimi
2132 3987 2222 4006 eorum
2233 3979 2393 4008 Decedentis

1331 4019 1524 4052 continuetur,
1543 4017 1721 4054 emendatur,
1739 4017 1772 4046 δε
1785 4025 1968 4055 prorogetur,

1369 4055 1407 4088 Et
1420 4055 1487 4087 Nos
1504 4054 1698 4087 Commissarii
1719 4055 1847 4093 praedicti
1869 4054 2012 4092 praefatam
2027 4053 2176 4096 Treugarn
2192 4052 2391 4096 Septennalem

2357 4099 2392 4119 ac
