2555 4266
679 175 791 216 ET
875 175 1140 217 ACTA

0 257 61 289 ¹mn.
74 254 116 286 D.
132 257 221 290 Partis
235 260 356 298 pi-aefatae
375 259 506 291 Summae
518 261 666 297 Sexaginta
684 258 805 290 Millium
820 259 975 300 Nobilium,
998 261 1028 292 in
1042 261 1187 291 Termino

5 304 90 335 1440.

0 340 48 363 len.
67 335 96 362 6.

6 2849 89 2877 *X.

135 296 164 328 su
185 299 293 329 radidto
307 299 357 328 fibi
370 298 510 336 fiendam,
528 297 676 336 providere
687 299 832 336 volentes,

206 347 246 367 on
258 336 345 374 dolo,
361 346 421 366 non
442 337 490 374 vi,
513 346 573 367 non
589 345 668 367 metu
682 358 692 374 ,
718 346 765 367 aut
778 337 833 367 alio
853 338 956 375 quovis
977 337 1076 367 illicito
1091 336 1183 366 modo

133 373 240 405 adhoc
260 374 369 404 induffi
385 397 396 412 ,
422 374 468 405 sed
488 374 524 405 de
547 373 644 405 nostra
666 375 745 406 mera
766 375 970 414 spontaneaque
992 375 1061 412 pura
1083 374 1186 403 volun-

131 420 187 443 tate
199 412 366 442 devenimus
379 413 535 451 Fidejuffor
547 414 614 444 dieii
631 416 734 450 Ducis,
750 413 825 450 apud
833 411 984 452 prefatum
997 415 1093 448 Regem
1101 434 1110 449 ,
1129 421 1181 449 pro

129 452 164 482 &
176 450 212 480 de
221 450 301 480 dicia
313 450 434 482 Summa
448 455 548 482 Decem
565 451 691 482 Millium
713 455 852 480 Scotorum
865 473 876 487 ‚
898 451 932 481 δε
955 460 1008 488 pro
1031 450 1180 480 Solutione

127 487 250 525 ejusdem
263 488 410 528 Summae,
428 490 478 521 fibi
492 492 522 521 in
540 490 684 521 Termino
698 489 837 527 praedicto
854 490 929 518 bene
955 489 989 518 &
1012 487 1127 518 fideliter
1140 487 1180 517 fa-

128 525 239 556 ciendae
247 549 258 564 ,
276 528 311 559 δε
326 527 350 557 F
351 527 528 567 idejubetnus
540 538 594 568 pro
607 527 725 565 eadem,
742 526 867 564 onusque
889 525 1045 557 Solutionis
1056 525 1179 564 ejusdem

127 564 258 595 Summae
272 566 302 596 in
318 565 387 597 Nos
403 567 596 603 Assumirnus,
612 567 663 603 &,
676 564 754 603 quod
769 564 810 594 est
824 565 958 604 amplius,
981 563 1181 603 Recognosci-

128 613 193 634 mus
205 604 239 634 &
253 603 385 636 Fatemur
401 605 470 636 Nos
482 614 549 642 erga
563 604 711 642 praefatum
725 602 937 633 Sereniffimum
955 602 1120 640 Principem
1130 605 1181 632 Re-

124 653 184 680 gem
198 641 310 679 Angliae
329 643 519 682 Principalem
535 642 707 672 Debitorem
722 641 868 679 praedicte
884 641 1032 679 Summae,
1049 643 1084 673 δε
1097 641 1180 672 Con-

129 680 271 749 stitffffius
284 681 352 712 Nos
366 682 504 714 soluturos
524 681 576 711 fibi
595 679 744 718 praefatam
765 679 918 710 Summam
937 681 967 710 in
981 680 1126 711 Termino
1140 681 1184 711 su-

153 730 180 750 ra
201 729 209 748 1
241 729 262 750 0

131 729 151 757 P
167 758 242 788 Non
262 743 435 789 i'ntendentes
453 765 549 787 tamen
565 778 576 794 ,
599 765 651 794 per
673 754 840 794 Praemiss'a,
857 765 1015 788 exonerare
1030 755 1182 795 praefatum

127 798 232 826 Ducem
244 797 281 827 ab
294 796 492 836 obligatione,
510 794 586 833 qua,
600 795 670 826 ficut
685 794 849 832 praefertur,
867 802 978 825 tenetur
992 795 1096 826 solvere
1108 806 1182 833 prae-

128 834 237 866 dietam
250 835 397 865 Summam
409 832 529 872 praefato
549 836 616 870 Regi
630 834 661 863 in
679 832 826 863 Termino
845 832 1026 871 supradictm
1040 834 1085 865 sed
1101 833 1181 872 quod

127 871 336 939 nichilffminus·
346 880 485 903 remaneat
497 871 567 902 idem
581 874 651 901 Dux
667 870 816 910 Obligatus
833 871 869 902 ad
885 872 1049 910 hujusmodi
1057 872 1184 904 Solutio-

128 921 197 942 nem
223 920 281 941 lcut
315 921 372 941 rius

163 950 210 980 Ad
231 920 315 988 quatg
330 934 446 987 quidem
459 948 639 980 Solutionem
652 947 773 988 praefato
796 949 958 989 Sereniffima
972 952 1091 989 Principi
1105 974 1115 989 ,
1138 957 1185 981 aut

127 987 290 1026 DeputatiS,
312 987 496 1027 Haeredibus,
514 996 562 1018 aut
576 987 790 1018 Succefforibus
805 987 873 1025 suis,
891 990 921 1018 in
934 988 1079 1019 Termino
1089 989 1184 1026 supra-

125 1027 243 1065 scripto,
261 1027 336 1057 bene
349 1027 383 1058 &
397 1026 513 1057 fideliter
524 1049 534 1065 ,
552 1025 608 1057 fine
627 1025 750 1057 ulteriori
764 1026 912 1066 dilatione,
927 1026 1105 1065 faciendam,
1115 1027 1182 1056 Ob-

124 1065 243 1104 ligamus
256 1065 338 1103 Nos,
354 1065 512 1103 Haeredes,
534 1065 567 1096 &
589 1065 766 1095 Executores
777 1064 888 1096 nostros
902 1087 912 1103 ,
938 1075 972 1096 ac
986 1066 1085 1096 omnia
1104 1064 1184 1096 Bona

124 1103 219 1135 nostra
234 1104 353 1134 mobilia
367 1105 401 1134 δε
417 1103 576 1134 immobilia
589 1126 600 1142 ,
626 1104 791 1141 ubicunque
812 1104 845 1135 &
862 1103 1053 1142 cujuscunque
1070 1103 1182 1143 Judicis

123 1141 313 1174 Ecclefiastici
325 1143 373 1173 vel
386 1142 520 1173 Secularis
533 1141 674 1173 Potestate
686 1142 731 1173 seu
740 1141 930 1172 Distritffione
942 1143 1045 1173 fuerint
1060 1144 1181 1173 inventa.

160 1181 300 1212 Volumus
314 1180 423 1219 insuper
437 1182 471 1213 &
485 1181 520 1212 de
534 1180 630 1211 nostra
643 1180 723 1211 certa
736 1179 851 1211 scientia
866 1190 914 1218 per
928 1180 1087 1218 expressum
1099 1180 1182 1211 Con-

122 1218 271 1258 sentimus,
288 1221 340 1257 ὃς,
357 1221 424 1251 ultra
440 1218 604 1256 Praemifla,
620 1228 655 1249 ex
663 1218 836 1250 habundanti
847 1217 1061 1257 Promittimus,
1080 1219 1160 1257 quod
1171 1242 1182 1258 ,

163 1258 193 1289 Si
209 1258 302 1289 dictus
313 1262 382 1289 Dux
396 1255 618 1326 Αννεὶἰαηεᾶβῑ,
635 1265 681 1288 aut
693 1257 762 1287 Nos
776 1257 827 1287 suo
845 1257 998 1296 Nomine,
1018 1268 1077 1288 non
1090 1258 1179 1288 solve·

123 1298 175 1335 rit,
199 1307 291 1335 neque
308 1298 470 1328 solverimus
484 1319 493 1334 ,
512 1295 540 1325 di
574 1305 593 1325 o
614 1294 795 1325 Sereniffimo
819 1296 948 1334 Principi
972 1299 1038 1334 Regi
1063 1296 1177 1334 Angliae

122 1335 274 1405 {unimam
290 1336 456 1374 praedictam
470 1338 570 1365 Decem
585 1333 708 1364 Millium
727 1336 866 1364 Scotorum
883 1336 914 1365 in
929 1334 1072 1366 Termino
1085 1335 1179 1374 supra-

144 1375 205 1406 icto

162 1398 231 1444 No’s
246 1435 256 1451 ,
280 1411 354 1443 infra
375 1411 508 1442 Mensem
527 1412 694 1450 proximum
717 1411 782 1450 post
804 1411 927 1450 Lapsum
942 1411 1015 1443 dieii
1028 1412 1180 1450 Termini,

126 1451 331 1482 Satisfaciemus
340 1472 350 1488 ,
365 1451 469 1482 realiter
481 1451 514 1481 δε
525 1460 596 1481 cum
609 1449 731 1489 effectu,
739 1451 858 1488 praefato
865 1453 932 1487 Regi
946 1449 1058 1488 Angliae
1066 1451 1110 1482 vel
1120 1450 1183 1480 De-

125 1498 247 1528 putates,
267 1488 452 1527 Haeredibus,
469 1498 515 1520 aut
529 1489 733 1520 Executoribus
748 1489 800 1519 suis
813 1489 848 1520 de
863 1489 975 1529 praefata
989 1490 1110 1520 Summa
1126 1492 1183 1519 De-

125 1540 180 1558 cem
188 1528 298 1558 Milium
315 1530 468 1566 Scutorum,
486 1528 532 1559 vel
544 1527 631 1558 saltim
646 1527 683 1558 de
695 1528 777 1558 omni
791 1538 828 1558 eo
850 1528 929 1566 quod
943 1528 979 1559 de
1000 1528 1079 1559 dicia
1100 1527 1185 1559 Sum-

126 1566 176 1597 ma
191 1566 351 1598 remanserit
365 1575 432 1596 tunc
447 1566 681 1604 persolvendum,

161 1604 216 1644 Et,
234 1613 264 1635 ut
282 1603 410 1642 praefatus
431 1604 627 1636 Sereniffimus
648 1604 784 1643 Princeps
802 1608 863 1635 Rex
883 1604 998 1642 Angliae
1012 1613 1091 1636 tanto
1120 1605 1185 1636 red-

122 1643 204 1674 datur
218 1644 322 1674 certior
337 1643 416 1681 quod
430 1645 529 1674 omnia
545 1643 707 1682 Praemiffa,
730 1653 781 1681 per
795 1644 864 1674 Nos
890 1643 1047 1683 Promissa,
1064 1645 1182 1675 inviola-

123 1683 196 1713 biter
209 1682 445 1720 observabuntur,
464 1692 522 1720 quo
538 1682 640 1720 majori
651 1681 802 1713 fulciantur
813 1683 926 1712 roboris
940 1681 1069 1714 firmitate
1078 1707 1087 1721 ,
1096 1683 1183 1722 Nos,

125 1722 156 1751 in
171 1729 305 1752 eventum
320 1731 378 1759 quo
393 1729 493 1751 contra
508 1731 540 1751 ea
553 1721 598 1751 vel
613 1720 728 1759 aliquod
748 1730 850 1751 eorum
873 1731 926 1751 nos
947 1723 1042 1752 venire
1066 1723 1183 1753 contin-

125 1768 175 1796 gat
191 1760 202 1796 (
209 1760 287 1797 quod
302 1759 392 1795 absit)
414 1759 616 1790 Submittimus
629 1759 697 1790 Nos
709 1761 743 1791 &
760 1759 909 1790 Perlonam
925 1759 1050 1790 nostram
1060 1783 1070 1799 ,
1088 1761 1182 1799 quoad

125 1798 304 1829 Solutionem
319 1798 355 1829 de
373 1798 488 1836 praefata
510 1797 632 1828 Summa
653 1797 811 1829 faciendam
829 1821 838 1837 ,
862 1799 916 1829 una
938 1808 1005 1829 cum
1026 1798 1187 1839 Dampnis,

124 1836 291 1875 Sumptibus
306 1837 394 1876 Liris,
420 1837 455 1868 &
469 1836 619 1875 Expenfis,
638 1847 671 1868 ac
686 1838 769 1867 omni
782 1836 915 1868 Interesse
931 1838 1013 1875 ipfius
1024 1840 1103 1876 Regis
1119 1842 1188 1868 An-

119 1874 201 1914 gliae,
218 1877 325 1906 ratione
342 1886 402 1906 non
419 1876 572 1906 Solutionis
583 1875 671 1906 dictae
685 1875 815 1906 Summae
836 1875 888 1906 fibi
902 1875 1050 1915 secuturis,
1066 1876 1185 1916 fiendis,

128 1915 161 1945 &
179 1915 294 1952 futuris,
311 1924 345 1945 ac
367 1915 466 1944 omnia
487 1913 567 1945 Bona
589 1913 684 1944 nostra
704 1915 822 1945 mobilia
841 1915 874 1944 &
896 1916 1057 1946 immobilia
1069 1915 1186 1954 Jurisdi-

126 1953 235 1991 c‘tioni,
255 1952 445 1989 Cohertioni,
462 1952 681 1991 Compulfioni,
700 1963 733 1984 ac
757 1952 942 1984 Distriffioni
963 1952 1061 1984 Curiae
1074 1964 1110 1984 ac
1126 1953 1184 1986 Ca-

125 2001 214 2022 merae
230 1991 406 2030 Apostolicae
419 1993 454 2022 &
467 1994 580 2022 Domini
593 1991 678 2031 nostri
694 1994 779 2031 Papae
799 1993 847 2030 qui
862 2002 915 2029 pro
936 2000 1068 2031 tempore
1083 1993 1183 2032 fuerit,

121 2039 156 2061 ac
171 2030 254 2070 ipfius
269 2029 401 2061 Camerae
410 2029 584 2069 Camerarii,
603 2029 765 2069 Auditoris,
784 2029 960 2068 Marescalli,
977 2041 1012 2062 ac
1025 2031 1184 2070 cujuscum-

123 2079 180 2108 que
195 2069 393 2107 Imperatoris,
410 2069 520 2107 Regis,
538 2068 933 2108 Archiepiscopi,Episcopi,
951 2068 1060 2108 Ducis,
1079 2070 1184 2102 Comi-

125 2109 162 2139 tis
171 2131 180 2146 ,
199 2107 345 2146 Civitatis,
361 2117 478 2138 necnon
492 2116 741 2149 quorumcumque
754 2108 1165 2148 Praepofitorum,Restorum
1175 2133 1186 2149 ,

126 2145 320 2184 Potestatum,
335 2146 392 2176 five
407 2146 555 2184 Major-um
570 2145 708 2177 Villarum
717 2170 728 2186 ,
746 2146 930 2186 Oppidorum
967 2149 1001 2178 &
1014 2147 1186 2187 Locorum,

125 2195 160 2216 ac
175 2185 295 2215 aliorum
309 2194 559 2225 quorumcumque
567 2185 721 2225 Judicurn,
738 2189 796 2216 tam
805 2185 913 2217 Ecclefi
958 2187 1184 2226 'corum,quam

123 2223 318 2261 Secularium,
336 2233 519 2262 quocumque
533 2223 671 2255 Nomine
690 2224 864 2263 appellentur
884 2224 931 2255 vel
951 2225 1129 2265 censeantur,
1146 2227 1181 2258 &

123 2272 225 2293 eorum
244 2262 475 2302 jurisdictionem
490 2285 499 2300 ,
525 2264 610 2293 etiarn
625 2264 645 2294 fi
667 2263 731 2293 ali‘as
746 2263 835 2294 nostri
850 2262 966 2302 Judices
988 2275 1048 2295 non
1066 2264 1186 2304 fuerint,

123 2301 240 2332 Tenore
255 2301 441 2332 Praesentium
454 2300 662 2340 Prorogamus,
679 2302 712 2332 &
726 2303 757 2332 in
773 2301 874 2332 eoru'm
883 2302 1040 2341 quemlibet
1048 2311 1184 2342 tanquam

121 2340 151 2370 in
165 2340 301 2379 judicem
317 2339 445 2370 nostrum
459 2339 663 2371 Consentimus
674 2350 724 2379 per
738 2339 893 2371 Praesentes
904 2364 914 2379 ,
930 2342 968 2372 ita
982 2341 1062 2380 quod
1086 2351 1185 2373 contra

120 2378 189 2409 Nos
206 2378 364 2410 Procedere
381 2379 505 2416 poterint
519 2379 552 2409 &
566 2380 670 2417 poterit
683 2389 783 2409 eorum
800 2379 935 2418 quilibet,
955 2380 1054 2410 Nobis
1069 2382 1181 2412 vocatis

119 2417 166 2448 seu
181 2428 242 2448 non
257 2427 299 2447 vo
320 2418 387 2455 atis,
403 2416 555 2447 summarie
573 2418 606 2448 ὃ(
620 2417 656 2447 de
678 2417 780 2455 plano,
798 2418 926 2455 inquisita
949 2418 1007 2450 sola
1023 2418 1091 2450 fasti
1110 2421 1183 2451 veri-

121 2465 193 2493 tate,
212 2422 387 2494 inspegjone
401 2455 583 2486 Praesentium
596 2465 649 2496 pro
666 2456 784 2494 plenaria
800 2458 968 2493 probatione
983 2466 1136 2489 contentus
1149 2459 1183 2489 fi-

120 2504 158 2525 ve
172 2496 316 2533 contenti,
335 2504 368 2524 ac
391 2493 459 2523 Nos
479 2493 594 2531 Cogere
616 2496 649 2525 &
680 2494 866 2532 Compellere
885 2494 920 2526 ad
943 2494 1183 2528 observationem

122 2534 253 2563 omnium
270 2533 321 2571 &tp
332 2532 507 2571 singulorum
528 2532 742 2563 Praemissomm
767 2535 801 2566 &
817 2534 1075 2572 infrascriptorum,
1093 2536 1185 2573 &ipsi

118 2571 233 2610 Judices
241 2571 447 2609 Ecclefiastici,
462 2572 546 2601 etiam
560 2581 611 2610 per
624 2571 967 2603 Excommunicationem
986 2574 1020 2604 δε
1035 2572 1184 2606 Ιηῑεῑάίᾶί

122 2611 277 2641 Sententias
290 2634 299 2649 ,
325 2612 355 2640 in
379 2609 532 2641 Personam
547 2609 672 2642 nostram
695 2612 729 2643 ὃ(
743 2620 930 2651 quaecumque
947 2611 1052 2643 Terras
1066 2613 1100 2644 ὃ(
1115 2613 1183 2644 Do-

125 2650 211 2679 minia
226 2649 320 2680 nostra
333 2649 478 2686 ferendas,

161 2688 294 2727 Insuper,
309 2688 344 2719 ad
358 2687 445 2718 finem
466 2687 545 2726 quod
566 2688 695 2726 praefatus
720 2691 780 2718 Rex
801 2687 915 2726 Angliae
939 2688 1046 2719 nullam
1064 2691 1181 2728 patiatur

121 2725 302 2757 Dilationem
318 2728 347 2757 in
364 2727 583 2764 prosecutione,
602 2727 621 2757 fi
636 2737 707 2764 opus
721 2724 805 2765 esset,
823 2726 917 2758 fienda
940 2737 992 2765 pto
1007 2728 1180 2760 assecutione

122 2765 210 2796 dicte
225 2765 354 2796 Summae
368 2767 466 2795 Decem
482 2765 605 2795 Millium
626 2768 782 2804 Scotorum,
810 2764 1026 2797 Renunciamus
1044 2768 1180 2798 omnibus

122 2806 181 2834 tam
213 2805 267 2835 uris
282 2805 369 2841 quam
385 2803 465 2833 Facti
479 2803 644 2843 Remedsts,
662 2805 762 2843 quibus
779 2813 880 2835 contra
898 2804 1045 2836 Praemiffa
1060 2815 1108 2837 aut
1131 2807 1181 2838 ali-

121 2852 179 2880 quo
214 2842 383 2873 eorumdem
400 2841 543 2878 possemus
558 2842 627 2873 Nos
640 2843 758 2881 juvare,
774 2844 859 2873 etiam
875 2843 894 2873 fi
905 2843 1043 2875 Defensio
1062 2849 1077 2860 ⁸
1096 2846 1179 2876 fuerit

22 2888 86 2923 798,
114 2880 189 2920 Juris
204 2880 363 2911 Naturalis:
381 2879 420 2910 Et
437 2879 588 2917 specialiter
608 2881 822 2912 Renunciamus
844 2882 1000 2923 Privilegio
1019 2882 1123 2914 Crucis
1136 2895 1178 2915 as-

117 2919 238 2958 sumptae
253 2919 298 2950 vel
309 2918 498 2957 assumendae,
516 2920 654 2957 omnique
675 2918 816 2950 Beneficio
840 2919 1034 2951 Restitutionis
1054 2923 1084 2952 in
1105 2924 1178 2954 inte-

122 2967 228 2996 grum,
246 2956 382 2989 omnibus
396 2957 504 2995 insuper
521 2958 627 2988 Gratiis
649 2959 681 2989 &
696 2957 854 2995 privilegiis
875 2959 937 2989 tam
962 2960 1031 2990 Fori
1045 2962 1132 2998 quam
1148 2972 1177 2991 a-

120 2996 179 3036 liis,
195 2997 229 3027 &
244 2995 407 3028 Gratiarum
422 2996 584 3034 hujusmodi
601 2996 702 3027 Literis
723 2997 784 3026 tam
807 2999 960 3034 impetratis
978 3000 1062 3038 quam
1084 3001 1178 3038 impe-

122 3036 224 3067 trandIs
258 3035 303 3070 {eu
318 3036 560 3074 qualitercumque
568 3035 705 3066 concessis
716 3035 762 3065 seu
777 3035 987 3075 concedendis,
1002 3038 1088 3068 etiam
1098 3048 1178 3069 mero

124 3083 204 3105 motu
218 3058 436 3105 doncedendis:
455 3084 570 3104 necnon
582 3074 696 3104 Statutis
709 3074 765 3104 tam
784 3074 955 3113 generalibus
971 3076 1057 3113 quam
1075 3076 1178 3114 speci-„i-

122 3112 209 3152 libus,
232 3114 266 3145 &
281 3113 437 3152 praesertim
461 3113 559 3150 Regni
582 3113 708 3143 Franciae
724 3136 733 3150 ,
758 3113 790 3142 ὃ(
811 3123 912 3144 eorum
936 3111 1103 3153 Beneficiis,
1127 3125 1177 3153 per

124 3161 207 3191 quas,
221 3152 266 3182 vel
286 3157 334 3189 per
350 3161 430 3189 quae,
447 3151 592 3188 praemiffis
604 3151 835 3190 Obligationibus
849 3174 858 3190 ‚
885 3151 1086 3191 Promissioni,
1105 3154 1178 3185 Pro-

123 3192 280 3230 rogationi,
297 3192 342 3222 seu
354 3190 539 3221 Submisfioni
555 3190 681 3229 derogari
696 3190 741 3220 seu
752 3200 783 3227 pr
790 3191 926 3229 ejudicari
941 3190 1048 3231 posset,
1061 3202 1177 3224 necnon

123 3227 373 3268 Protefflonibus,
391 3239 424 3259 ac
441 3229 543 3259 Literis
556 3229 619 3259 salvi
634 3228 823 3267 Condudffis,
838 3229 908 3260 datis
922 3229 968 3260 seu
983 3230 1178 3270 dand'm,con-

123 3266 202 3297 ceffis
214 3268 260 3299 seu
277 3267 484 3307 concedendis,
501 3277 535 3298 ac
550 3268 715 3305 generaliter
730 3269 811 3298 omni
830 3267 1106 3306 Dilationi,necnon
1117 3272 1179 3308 qui-

121 3305 292 3345 buscumque
304 3306 435 3346 juribus,
453 3306 553 3345 quibus
567 3306 692 3344 deceptis
707 3305 753 3336 vel
770 3306 943 3344 decipiendis
959 3308 1178 3345 quomodolibet

124 3342 262 3376 subveniri
276 3345 383 3384 potest:
412 3346 552 3383 omnique
568 3344 1178 3385 Dispensationi,Absolutioni,Apostolica

123 3381 298 3414 Auctoritate
311 3384 356 3415 vel
367 3384 418 3414 alia
433 3392 612 3422 quacumque
625 3384 709 3414 fadhe
722 3384 769 3414 seu
783 3384 900 3422 fiendae,
915 3394 1001 3423 quam
1018 3385 1177 3423 praetende-

121 3428 151 3449 re
167 3420 307 3457 poffemus
319 3424 348 3452 in
364 3422 606 3453 Exonerationem
614 3423 740 3453 nostram
747 3422 873 3454 adversus
881 3424 1079 3461 Obligationes
1087 3447 1097 3462 ,
1106 3423 1178 3455 Pro-

123 3457 281 3498 mistiones,
306 3460 511 3492 Submiffiones
525 3484 534 3499 ,
558 3461 778 3501 Prorogationes
793 3485 803 3497 ,
827 3462 872 3493 seu
887 3462 1050 3502 Juramenta
1080 3463 1176 3495 nostra

122 3496 300 3540 suprascripta
313 3499 358 3529 vel
377 3500 569 3539 infrascripta,
591 3500 636 3531 seu
664 3500 792 3531 adversus
806 3500 919 3539 aliquod
935 3501 1121 3533 eorumdem:
1141 3513 1175 3533 ac

119 3534 309 3580 cujuscunque
322 3536 553 3577 provocationis,
571 3539 794 3578 Appellationis,
808 3539 1024 3578 Supplicationis
1039 3563 1049 3578 ,
1075 3540 1176 3572 Liber-

122 3581 200 3618 tatis,
219 3573 388 3605 Franchefiae
402 3599 412 3614 ,
435 3577 482 3607 seu
503 3576 695 3609 Immunitatis
713 3577 843 3609 Personae
865 3579 922 3609 five
946 3579 1041 3616 Loci,
1059 3588 1176 3609 necnon

126 3612 329 3650 cujuscumque
349 3612 566 3646 consuetudinis
587 3625 633 3646 aut
660 3615 761 3654 Usus,
789 3617 902 3648 Auxilio
936 3617 992 3648 five
1014 3617 1178 3655 Remedio,

123 3650 273 3695 Praemiffii
293 3652 508 3696 quomodolibet
529 3654 668 3693 impedire
683 3654 785 3685 valenti
808 3655 853 3685 seu
877 3654 1012 3686 differre:
1037 3656 1177 3694 omnique

127 3689 327 3732 Implorationi
338 3688 466 3733 Judicis,
481 3701 515 3721 ac
532 3691 709 3724 Reduffioni
733 3692 766 3723 ad
785 3693 944 3724 Arbitrium
960 3694 1030 3724 boni
1046 3694 1126 3731 Viri,
1141 3704 1176 3724 ac

125 3728 236 3766 insuper
244 3727 306 3766 Juri
320 3727 426 3757 dicenti
440 3728 521 3765 quod
534 3740 621 3761 nemo
633 3731 719 3762 debet
731 3741 829 3761 coram
850 3732 963 3763 diversis
978 3732 1126 3770 Judicibus
1142 3734 1175 3763 s:-

126 3768 186 3798 mul
200 3765 503 3810 trahi‚'&,qubd·ubi
517 3776 647 3810 coeptum
665 3769 708 3800 est
727 3769 875 3808 judicium
888 3770 930 3800 ibi
944 3769 1031 3801 finem
1047 3772 1177 3808 accipere

125 3805 226 3836 debet:
243 3805 307 3844 Juri
319 3813 405 3834 etiam
422 3803 530 3847 dicent}
545 3807 624 3843 quod
637 3817 697 3838 non
717 3808 789 3839 valet
802 3808 996 3839 Renunciatio
1014 3808 1161 3840 Generalis
1172 3833 1181 3847 ‚

124 3844 173 3875 nifi
187 3844 326 3882 praecedat
340 3842 479 3886 specialis:
491 3842 670 3886 'Exceptioni
685 3846 744 3876 doli
760 3848 844 3886 mali,
863 3849 898 3879 &
912 3849 941 3877 in
957 3847 1064 3877 faelium
1075 3848 1178 3878 Aetio«

127 3883 174 3920 ni,
191 3882 363 3912 Conditioni
379 3881 514 3920 indebiti,
532 3880 705 3912 Conditioni
716 3884 773 3914 sine
787 3885 882 3915 causa:
897 3885 956 3924 juri
971 3886 1077 3916 dicenti
1099 3887 1177 3924 quod

127 3920 228 3951 Libera
242 3920 363 3950 Persona
376 3921 497 3951 detineri
508 3929 567 3950 non
581 3920 666 3950 debet
679 3930 792 3959 propter
807 3922 862 3953 AEs
882 3924 938 3954 five
952 3924 1094 3955 Debitum
1110 3926 1175 3956 alie—

125 3968 211 3989 num:
231 3969 265 3988 ac
278 3958 420 3990 Beneficio
443 3958 596 3989 Divisionis
618 3958 772 3989 secundum
791 3961 941 3993 Tenorem
958 3961 1177 3994 Constitutionis

126 3999 237 4033 Domini
247 3997 389 4027 Adriani:
407 3999 515 4036 insuper
539 3996 681 4027 Beneficio
705 4006 789 4027 novae
810 3998 1028 4031 Constitutionis
1049 4002 1177 4039 praesenti

123 4034 159 4066 de
176 4034 413 4072 Fidejufforibus:
438 4037 521 4067 omni
543 4035 698 4072 Privilegio
719 4035 873 4073 Temporis
897 4039 1013 4077 Feriati,
1033 4039 1177 4070 Beneficio

122 4072 339 4105 Constitutionis
353 4074 413 4106 tani
426 4074 516 4107 felicis
533 4073 745 4107 recordationis>
754 4073 892 4112 Bonifatii
904 4078 988 4114 Papae
1001 4078 1122 4116 othni,
1140 4085 1187 4107 ur*

141 4113 273 4146 nme:
291 4113 326 4149 Ρ.
344 4114 369 4142 r.

1223 159 1693 222 euersor.
2238 193 2292 242 39

1231 261 1290 296 quis
1305 266 1386 303 eoctra
1400 259 1479 306 ste-ant
1493 265 1644 292 Civitatem
1670 264 1708 298 ὠ·
1732 266 1865 302 Dicecefim
1879 291 1889 304 ,
1914 271 1962 308 nisi
1982 277 2010 302 in
2027 278 2106 303 certis
2122 274 2230 313 Cafibus
2244 275 2281 305 ibi

1232 303 1353 334 notans,
1373 297 1412 331 ὠ·
1427 310 1456 328 ιη
1470 299 1524 329 illis
1539 311 1591 329 non
1600 303 1677 341 altra
1694 307 1783 332 Uvam
1803 308 1915 333 Dieta⁷n
1930 319 1947 335 a
1953 308 2054 347 finibus
2069 313 2182 349 ejufdsm
2202 316 2279 343 Die-

1229 333 1290 376 “st''
1299 356 1309 371 ,
1326 336 1366 364 ad
1374 336 1517 374 Judicium
1528 348 1669 378 evocetur,
1689 342 1776 377 quam
1793 342 1827 371 de
1843 341 2057 379 Dusanietis
2072 350 2152 381 editis
2159 352 2187 380 in
2197 350 2282 381 Con-

1229 371 1297 414 cilio
1311 372 1460 418 Generali,
1496 377 1536 406 uri
1560 376 1728 408 Revocandi
1746 378 1880 409 Domum
1893 403 1903 418 ,
1923 392 1957 412 ac
1979 389 2138 422 generaliter
2153 389 2187 419 &
2208 389 2286 419 indi-

1227 408 1333 453 stmc‘re
1353 421 1454 457 omni,
1484 415 1502 456 ii
1521 413 1689 452 Exceptioiii
1704 437 1714 455 ,
1733 418 1766 448 &
1783 417 1950 449 Defensioni
1963 442 1973 456 ,
1992 432 2039 458 per
2062 436 2143 462 quam
2167 427 2279 458 solutio

1225 448 1334 484 praefati
1355 448 1454 493 Debiti
1478 457 1534 481 live
1555 451 1685 483 Summe
1699 477 1708 491 ,
1738 456 1783 486 vel
1806 455 1927 486 Exactio
1950 458 2004 489 five
2025 461 2126 494 Petitio
2141 464 2266 502 ejusdem

1225 494 1275 529 aut
1289 485 1444 526 Executio,
1462 498 1515 528 pro
1535 491 1635 521 endem
1659 491 1750 524 fienda
1772 495 1801 523 in
1818 493 1935 525 Persona
1953 496 2050 528 nostra
2064 500 2107 530 seu
2122 502 2204 533 Bonis
2226 489 2283 534 110-²

1227 523 1306 562 stris,
1325 526 1546 563 quomodolibet
1560 527 1667 560 differri
1683 530 1774 566 poffet
1786 541 1833 562 aut
1849 533 2000 572 impediri,
2278 537 2282 539 ”

1263 561 1306 597 Ita
1323 564 1402 608 quod
1419 565 1498 596 nullo
1511 566 1545 597 ad
1561 564 1780 598 Deffenfionem
1795 570 1918 600 nostram
1927 573 1957 600 in
1974 572 2027 602 hac
2043 583 2072 603 re
2087 577 2125 605 uti
2170 581 2283 611 terimus

1226 599 1456 647 Suffiagio,nisi
1471 604 1572 635 Literis
1588 605 1795 650 Acquietantiae
1819 609 1926 645 praefati
1947 612 2024 647 Regis
2040 611 2121 642 dicito
2170 619 2214 646 uei
2235 619 2282 648 vel

1229 639 1327 684 N0b¹.⁵
1342 641 1438 680 fafitis,
1458 642 1573 677 Magno
1587 643 1690 680 Sigillo
1705 645 1787 682 ipsius
1802 645 1891 683 Regis
1912 647 2049 686 figularis,
2074 650 2281 687 testificantibus

1227 678 1409 711 Solutionem
1426 681 1579 719 plenariam
1595 683 1645 719 ipsi
1663 682 1739 720 Regi
1754 684 1790 714 de
1805 685 1918 721 praefata
1933 685 2054 718 Summa
2067 687 2184 719 faCtam:

1266 719 1397 754 juramus
1408 719 1534 758 insuper,
1551 721 1586 751 ad
1601 721 1706 752 Sandba
1720 721 1776 752 Dei
1791 721 1960 762 Evangelia,
1978 733 2026 762 per
2047 725 2115 756 Nos
2131 731 2285 765 corporali-

1229 762 1270 785 ter
1283 756 1374 800 ta&a,
1393 766 1474 797 atque
1489 759 1690 790 Promittimus
1699 783 1708 798 ,
1723 760 1774 790 sub
1789 760 1971 792 Forisfaerura
1986 763 2117 795 Honoris
2129 766 2216 796 nostri
2231 777 2285 798 ter-

1230 804 1308 832 reni,
1323 795 1405 839 quod
1421 798 1520 829 omnia
1533 799 1567 830 ὅ(
1582 798 1685 837 singula
1706 799 1841 837 praedffita
1857 822 1867 838 ,
1890 809 1940 838 per
1964 801 2032 831 Nos
2047 802 2230 834 Concordata
2254 808 2288 837 ὃς

1230 830 1370 866 Promissa
1376 857 1387 873 ,
1405 834 1521 866 fideliter
1535 837 1784 876 perimplebimus,
1802 838 2028 877 observabimus,
2046 841 2079 871 &
2100 841 2236 872 faciemus
2251 844 2292 874 se—

1229 871 1355 903 cundem
1369 883 1492 904 omnem
1507 876 1569 905 vim
1583 876 1617 907 &
1632 874 1769 906 effeoum
1783 877 1971 916 eorumdem,
1988 878 2091 917 absque
2113 880 2199 918 dolo,
2217 881 2291 912 frau-

1229 909 1283 947 de,
1299 911 1346 942 vel
1359 912 1437 942 malo
1455 911 1579 952 Ingenio
1598 914 1819 952 quibuscunque.

1268 948 1304 979 In
1317 960 1441 989 quorum
1456 952 1591 982 omnium
1604 953 1638 983 &
1654 952 1827 989 singulorum
1844 952 1986 986 Fidem&
1999 955 2214 988 Testimonium
2222 966 2293 995 prae=

1228 985 1317 1056 ξηρᾶς
1333 989 1442 1057 Lfiteras
1456 988 1562 1022 nostras
1573 989 1666 1022 Manu
1684 991 1800 1030 propria
1818 992 2006 1032 signavimus,
2025 993 2180 1034 Sigilloque
2195 995 2292 1027 nostro

1253 1034 1283 1062 gl
1304 1037 1343 1057 ari
1369 1037 1488 1059 ecimus·

1269 1063 1339 1109 Dat.
1351 1067 1386 1110 *in
1407 1066 1502 1106 Castro
1524 1066 1611 1107 nostro
1632 1068 1806 1099 Vindocinen:
1843 1067 1903 1100 Die
1922 1070 2080 1108 penultima
2099 1071 2185 1111 Julii,
2204 1071 2294 1104 Anno

1232 1100 1358 1134 Domini
1375 1104 1548 1145 Miuefimo,
1568 1106 1875 1146 Qadringentesimo,
1894 1108 2125 1148 Qiadragesimo.

2041 1186 2190 1218 Lors.

1263 1255 1317 1286 Sub
1333 1257 1442 1297 Sigillo,
1459 1259 1529 1290 Certi
1543 1259 1626 1291 rubet}
1641 1261 1756 1302 expreffiz
1766 1260 1913 1301 ,pendente
1927 1274 1945 1292 a
1961 1263 2056 1293 Gauda
2077 1264 2256 1301 Pergamenae,

1289 1400 1460 1445 Ratificatio
1476 1403 1656 1446 vastatus,
1676 1415 1729 1451 pro
1747 1403 1935 1438 Liberatione
1952 1408 2046 1439 Ducis
2062 1407 2237 1440 Aureliani.
2286 1399 2290 1402 ’

1229 1484 1402 1540 KArolur,
1420 1486 1479 1530 Dei
1493 1488 1596 1527 gratia,
1614 1491 1779 1519 Francorum
1792 1494 1870 1528 Rex,
1899 1491 2051 1529 universis,
2076 1492 2223 1530 praesentes
2241 1492 2291 1523 Li-

1296 1533 1366 1554 teras
1380 1527 1563 1565 impectoris,
1581 1527 1720 1558 Salutem.

1261 1559 1413 1594 Infinuavit
1438 1565 1535 1595 Nobis
1558 1566 1648 1603 pridie
1665 1590 1673 1603 ,
1701 1566 1856 1597 carissimus
1880 1566 1976 1597 Frater
2000 1578 2033 1598 ac
2057 1567 2287 1611 Coiisinguineus

1225 1599 1340 1640 noster,
1360 1602 1480 1633 Karalus
1494 1606 1564 1634 Dux
1579 1605 1784 1644 Aurelianensis
1802 1628 1811 1644 ,
1839 1605 1950 1636 suarum
1973 1605 2039 1637 serie
2056 1607 2215 1641 Literamm
2230 1634 2240 1649 ,
2258 1611 2284 1641 se

1230 1649 1268 1669 nu
1307 1652 1318 1671 r

1260 1649 1336 1710 11³³&st²
1345 1680 1564 1719 Suggestiones,
1584 1681 1649 1720 post
1664 1681 1939 1722 Supplicationesque
1955 1683 2057 1721 varias,
2073 1685 2136 1720 post
2151 1685 2287 1727 humiles,

1223 1715 1353 1750 Devotas
1365 1720 1400 1750 &
1415 1721 1527 1751 crebras
1543 1720 1667 1751 Precum
1684 1721 1829 1751 instantias
1844 1744 1853 1759 ,
1873 1720 2060 1752 Sereniffimo
2077 1722 2205 1764 Principi
2225 1726 2290 1756 Ne-

1224 1757 1287 1793 POti
1303 1758 1337 1789 &
1353 1758 1523 1790 Adversario
1538 1759 1636 1790 nostro
1653 1762 1770 1789 Henrico
1785 1759 1898 1796 Angliae
1919 1762 1986 1797 Regi
2000 1762 2159 1801 porrecstas,
2177 1763 2212 1794 ad
2235 1764 2292 1795 hoc

1226 1795 1371 1827 tendentes
1384 1806 1416 1828 ut
1430 1798 1509 1828 idem
1524 1798 1630 1837 Nepos
1644 1800 1677 1830 ὃς
1701 1798 1882 1829 Adversarius
1902 1798 1995 1828 noster
2013 1798 2149 1836 Dignum
2163 1801 2294 1841 duceret,

1225 1832 1405 1880 Benignitatis
1419 1837 1452 1868 &
1467 1835 1638 1868 Clementiae
1656 1837 1710 1868 suae
1725 1837 1852 1875 respe&u
1868 1860 1877 1874 ,
1901 1837 2072 1868 considerare
2087 1839 2131 1870 illa
2152 1850 2212 1870 non
2239 1843 2294 1871 mi-

1228 1873 1309 1905 nima
1327 1874 1512 1906 Miseratione
1532 1874 1578 1907 seu
1600 1875 1807 1914 Compaffione
1823 1875 1907 1915 digna
1922 1898 1931 1913 ,
1958 1885 2021 1913 quae
2037 1880 2202 1909 memoratis
2217 1879 2295 1918 Sug-

1229 1911 1422 1952 gestionibus,
1442 1913 1703 1952 Supplicationibus
1718 1937 1728 1952 ,
1752 1916 1785 1946 &
1800 1915 1938 1944 Precibus
1959 1915 1979 1934 ²¹²
2006 1914 2117 1947 fuerunt
2144 1917 2224 1949 latius
2243 1929 2293 1950 ex-

1229 1950 1337 1988 pressa,
1355 1952 1387 1982 &
1405 1962 1508 1983 eorum
1531 1954 1632 1983 intuitu
1657 1954 1690 1984 &
1715 1953 1958 1990 contemplatione
1981 1951 2157 1985 Liberationi
2174 1956 2290 1996 praefati

1228 1991 1338 2020 Fratris
1353 1990 1437 2029 nostri
1450 2001 1466 2021 a
1482 1991 1598 2022 Prisoni
1612 1991 1656 2022 seu
1676 1990 1866 2030 Captivitate,
1886 2000 1973 2031 quam
1993 1992 2068 2029 apud
2089 1994 2211 2025 eundern
2233 1998 2294 2025 Ne-

1225 2035 1316 2065 potem
1331 2027 1370 2064 &
1385 2028 1595 2068 Adversarium
1617 2029 1734 2069 nostrum
1756 2039 1805 2068 per
1830 2031 1965 2061 nonnulla
1981 2038 2144 2068 tempotum
2159 2034 2294 2065 curricula

1229 2065 1372 2106 sustinuit,
1389 2067 1534 2099 intendere
1549 2070 1689 2107 gratiose,
1715 2068 1912 2099 Mediantibus
1932 2068 2105 2106 (videlicet)
2129 2069 2294 2102 Oblationi-

1230 2106 1283 2136 bus
1296 2108 1429 2146 congruis
1441 2107 1475 2138 &
1498 2107 1712 2139 rationabilibus
1732 2117 1785 2146 pro
1810 2107 1971 2147 hujusmodi
1995 2107 2178 2141 Liberatione
2196 2111 2295 2143 conse-

1232 2145 1346 2183 quenda
1361 2144 1476 2184 fiendis,

1266 2182 1349 2214 Illam
1367 2184 1442 2223 apud
1456 2184 1580 2215 eundem
1597 2185 1729 2224 Nepotem
1742 2184 1781 2221 ὠ
1796 2185 2001 2224 Adversarium
2016 2185 2134 2226 nostrum
2157 2186 2296 2219 invenisse

1231 2220 1380 2262 Gratiam,
1398 2232 1429 2254 ut
1445 2223 1678 2263 obligationibus
1691 2226 1725 2256 &
1742 2223 1853 2254 Mediis
1869 2225 2044 2263 hujusmodi,
2061 2226 2098 2255 ab
2112 2225 2298 2256 eodemFra-

1228 2268 1271 2291 tre
1283 2261 1371 2302 nostro
1387 2262 1436 2293 fibi
1454 2262 1536 2295 factis
1550 2264 1585 2295 δε
1599 2264 1737 2301 appertis,
1757 2272 1852 2294 aurem
1866 2264 2086 2302 accomodaret,

1267 2300 1314 2331 Ac
1328 2301 1475 2339 tamdem,
1493 2300 1559 2339 post
1575 2302 1728 2333 Traoatus
1744 2301 1866 2339 prolixos
1880 2302 1913 2331 &
1928 2302 2092 2340 diligentes,
2109 2301 2188 2342 super
2204 2303 2295 2342 hujus-

1229 2338 1310 2369 modi
1325 2338 1451 2377 Mediis,
1470 2339 1688 2378 Oblationibus,
1714 2340 1748 2370 &
1772 2340 1828 2370 aliis
1850 2348 1918 2369 tunc
1942 2338 2139 2371 Incidentibus
2163 2342 2293 2380 habitos,

1228 2387 1299 2408 cum
1313 2378 1418 2409 eodem
1435 2377 1588 2408 Cariffimo
1601 2382 1702 2408 Fratre
1716 2377 1804 2417 nostro
1827 2378 2029 2415 appune‘tuaret
2047 2380 2126 2417 juxta
2143 2379 2271 2410 Modum
2281 2404 2292 2418 ‚

1227 2417 1302 2446 inter
1316 2416 1441 2448 eundem
1455 2419 1588 2455 Nepotem
1601 2416 1639 2452 όν
1654 2415 1859 2455 Adversaris-*m
1875 2415 1991 2455 nostrum
2007 2427 2040 2448 ac
2056 2418 2205 2458 praefatum
2221 2422 2293 2448 Fra-

1229 2461 1299 2485 trem
1316 2456 1433 2494 nostrum
1449 2455 1638 2486 Conventutn
1654 2457 1688 2486 ὃ(
1705 2454 1934 2485 Concor-datum.

1264 2494 1365 2525 Nobis
1377 2495 1512 2525 humilius
1526 2495 1559 2524 &
1577 2494 1723 2524 instantius
1738 2503 1796 2531 quo
1812 2495 1904 2532 potuit
1920 2493 2103 2533 supplicando
2118 2496 2264 2534 quatinus,

1264 2531 1346 2563 Cum
1363 2534 1399 2563 ita
1414 2533 1443 2563 fit
1458 2533 1538 2573 quod
1552 2532 1703 2570 praefatum
1719 2532 2019 2570 Appunctuamentum
2036 2556 2046 2570 ,
2072 2543 2129 2562 non
2153 2534 2209 2564 line
2233 2543 2292 2564 ma÷

1226 2571 1311 2601 ximis
1326 2572 1483 2610 laboribus,
1501 2573 1632 2610 precibus
1643 2594 1652 2610 ,
1678 2571 1711 2601 &
1726 2570 1865 2602 instantiis
1881 2571 1949 2601 dieti
1972 2571 2061 2601 nostri
2084 2572 2186 2602 Fratris
2209 2575 2294 2602 Ducis

1225 2610 1431 2649 Aurelianenfis
1448 2612 1600 2641 obtentum
1617 2633 1626 2649 ,
1651 2609 1755 2647 abique
1776 2610 1876 2640 Literis
1899 2609 2000 2640 nostris
2023 2611 2243 2648 Approbatoriis
2257 2612 2292 2642 &

1225 2647 1455 2681 Gratifficatoriis
1470 2650 1605 2679 omnium
1625 2649 1658 2680 δε
1674 2648 1848 2687 singulorum
1872 2659 1920 2686 per
1941 2649 2063 2679 eundem
2087 2649 2211 2679 Fratrem
2237 2660 2293 2680 no-

1224 2686 1312 2717 strum
1329 2698 1358 2718 ut
1373 2688 1516 2725 praefertur
1533 2687 1752 2718 Conventorum
1772 2688 1804 2718 &
1821 2686 2089 2726 Cozicordatorum,
2112 2686 2221 2717 nullum
2240 2689 2290 2719 lia-

1224 2726 1350 2756 biturum
1368 2727 1399 2757 fit
1413 2725 1571 2764 effestum,
1589 2726 1635 2757 sed
1658 2727 1763 2757 vitibus
1788 2727 1915 2757 omnino
1941 2727 2120 2757 vacuandum
2139 2727 2188 2764 fit,
2207 2727 2236 2756 in
2253 2731 2293 2765 ip-

1216 2763 1275 2803 fius
1287 2768 1397 2796 Fratris
1412 2764 1494 2804 nostri
1510 2764 1710 2796 Perditionem
1726 2765 1759 2796 &
1773 2763 1986 2796 Exrerminium
2002 2775 2038 2795 eo
2054 2765 2116 2796 casu
2132 2766 2142 2803 (
2157 2765 2234 2803 quod
2242 2767 2292 2796 ab·

1222 2804 1273 2840 fit)
1294 2813 1462 2843 perpetuum
1477 2805 1509 2835 &
1525 2802 1605 2834 finale
1622 2826 1632 2841 ,

1261 2841 1450 2881 Dignaremur
1468 2843 1598 2880 idcirco,
1617 2844 1646 2872 in
1670 2841 1728 2872 hoc
1748 2849 1876 2872 extremo
1901 2842 1956 2872 sure
1970 2841 2156 2873 Necessitatis
2175 2842 2291 2874 Articu=

1220 2880 1266 2919 lo,
1285 2892 1346 2912 non
1359 2882 1410 2913 fibi
1423 2880 1623 2918 claudere,sed
1640 2881 1760 2918 pandere
1775 2880 1877 2911 Sinum
1891 2881 1978 2911 nostri
1990 2881 2145 2912 Favoris&
2160 2881 2290 2914 Gratim,

1220 2920 1254 2950 &
1268 2930 1318 2958 ea,
1337 2931 1400 2959 quae
1417 2930 1468 2958 pro
1482 2920 1661 2951 Liberatione
1678 2919 1806 2949 Personae
1824 2919 1878 2950 l'uJ:
1893 2919 2107 2957 conlequenda,
2124 2920 2194 2950 licut
2211 2930 2286 2960 prae-

1220 2958 1327 2997 fertur,
1346 2959 1562 3000 Appuncstuavit
1576 2959 1609 2988 δε
1626 2957 1817 2995 Recordavit,
1844 2958 2066 2997 Approbationis
2085 2958 2118 2988 &
2135 2957 2286 2990 Graiffica-

1220 2997 1305 3027 tionis
1327 2997 1434 3028 nostrae
1454 2998 1616 3027 munimine
1637 2996 1794 3027 secundum
1821 2998 1993 3034 exigentnm
2019 2996 2282 3035 Appuncftuamenti

1223 3036 1352 3073 praediffl
1366 3037 1503 3067 roborare
1510 3059 1521 3074 ,

1263 3074 1328 3105 Nos
1347 3078 1438 3113 vero,
1901 3111 1906 3115 ¹
2183 3112 2187 3116 ι

1259 3112 1366 3144 Praeter
1385 3115 1418 3144 &
1438 3112 1508 3143 ultra
1526 3110 1690 3149 Praemisfa,
1707 3122 1740 3143 ac
1757 3110 1978 3148 nichilominus,
2005 3112 2060 3142 una
2077 3120 2146 3141 cum
2164 3110 2288 3148 eisdem,

1221 3151 1363 3183 Intuentes
1375 3151 1516 3191 Iniignem
1530 3150 1619 3189 Regii
1633 3150 1780 3190 Sanguinis
1795 3150 1828 3181 δε
1842 3149 2006 3180 Parentellae
2029 3150 2063 3179 N
2064 3150 2222 3180 obilitatem
2231 3149 2287 3186 qua

1220 3190 1352 3229 praefatus
1367 3190 1518 3230 CarslJimus
1535 3192 1635 3219 Frater
1651 3200 1682 3218 ac
1703 3190 1915 3227 Consanguineur
1934 3188 2022 3227 noster
2047 3188 2115 3217 Nos
2132 3189 2167 3218 de
2184 3187 2278 3224 proxi-

1222 3239 1274 3260 mo
1287 3224 1447 3269 contingit‘²
1464 3238 1497 3259 ac
1510 3228 1644 3266 praeclara
1663 3226 1936 3265 Circumspeftionis
1955 3248 1964 3264 ,
1992 3227 2155 3269 Probitatis,
2174 3228 2207 3256 &
2222 3224 2286 3255 Vir-

1222 3277 1315 3299 tutum
1329 3269 1387 3306 ejus
1405 3268 1498 3298 Dotes
1517 3269 1549 3299 &
1569 3266 1693 3305 Merita,
1712 3268 1746 3297 &
1761 3266 1842 3306 quod
1865 3275 1924 3295 non
1947 3266 2110 3306 ignobiliter
2128 3272 2172 3294 aut
2198 3273 2286 3300 igno-

1225 3308 1361 3345 miniose,
1379 3305 1424 3337 sed
1437 3305 1529 3346 Jussui
1545 3315 1578 3336 ac
1595 3305 1754 3343 Mandato,
1781 3305 1887 3335 inclitae
1907 3303 2143 3339 Recordationis,
2161 3301 2286 3332 Domini

1222 3347 1256 3377 &
1271 3347 1368 3375 Patris
1381 3345 1464 3385 nostri
1483 3344 1627 3382 parendo,
1645 3353 1727 3382 atque
1750 3344 1804 3374 suis
1824 3343 1995 3374 laudabiliter
2019 3339 2164 3370 intendens
2185 3339 2282 3371 Obse-

1222 3385 1312 3423 quiis,
1330 3384 1444 3415 fortuna
1462 3383 1528 3414 Belli
1542 3382 1637 3415 casum
1653 3383 1686 3413 &
1701 3391 1836 3414 eventum
1852 3380 2002 3411 finistrante
2011 3401 2021 3416 ,
2039 3378 2146 3416 Captus
2163 3377 2287 3417 &Cape

1224 3426 1297 3454 avus
1312 3422 1431 3454 effeetus
1447 3422 1478 3453 fir
1488 3444 1497 3461 ,
2235 3456 2240 3462 ‚
2278 3459 2287 3463 p

1261 3463 1399 3501 Qiorum
1413 3461 1517 3500 lingula
1532 3470 1594 3491 non
1606 3460 1753 3490 immerito
1769 3459 1837 3490 Nos
1853 3456 1990 3500 Inducere
2005 3454 2110 3486 debent
2129 3455 2163 3486 &
2176 3454 2284 3486 Invita-

1221 3512 1251 3532 re
1267 3511 1326 3531 non
1341 3500 1431 3530 solum
1448 3502 1482 3530 ad
1500 3500 1576 3537 hoc,
1593 3508 1624 3529 ut
1640 3508 1700 3528 non
1718 3506 1856 3536 negemus
1872 3495 1964 3537 eidem
1980 3493 2116 3537 §arfflmo
2124 3497 2221 3523 Fratri
2230 3504 2286 3538 Ποῖ

1220 3539 1278 3570 stro
1293 3539 1423 3569 Gratiam
1440 3539 1474 3569 ὅ(
1496 3538 1618 3568 Favores
1638 3537 1750 3566 nostros
1775 3535 1883 3573 Regios
1904 3542 1934 3562 in
1958 3532 2009 3576 [³¹¹⁸
2025 3543 2089 3570 quae
2111 3532 2284 3563 Liberationi

1219 3579 1275 3609 sure
1291 3578 1433 3616 praedicte
1447 3577 1491 3607 vel
1511 3575 1615 3605 Mediis
1629 3575 1767 3611 congruis
1794 3575 1826 3603 ὃς
1849 3579 1995 3608 oportunis
2019 3572 2054 3601 ad
2071 3571 2191 3601 eandem
2211 3580 2283 3600 con-

1220 3617 1289 3647 ferre
1305 3615 1418 3653 polsunt
1434 3639 1443 3653 ,
1467 3614 1513 3646 led
1533 3615 1588 3644 hoc
1611 3613 1752 3650 amplius,
1778 3620 1807 3640 ut
1828 3609 2026 3653 prosequamur
2045 3610 2079 3640 &
2102 3617 2286 3652 procuremus

1218 3655 1350 3684 Personae
1369 3654 1422 3684 sii-ci:
1450 3653 1664 3684 Liberationem
1695 3650 1830 3679 omnibus·
1860 3646 1983 3678 honestis
2009 3649 2042 3679 &
2064 3647 2275 3678 rationabilibus

1220 3692 1321 3723 Medis
1333 3694 1367 3724 δε
1386 3691 1491 3722 Mediis
1510 3691 1611 3728 quibus
1628 3686 1761 3726 possimus
1779 3687 1812 3716 &
1836 3687 1994 3725 valeamus,
2257 3723 2264 3728 ¹

1258 3732 1464 3769 Supplicationi
1498 3729 1553 3759 suz
1577 3728 1722 3765 praedicte
1748 3725 1880 3762 prompt-i
1907 3725 2050 3756 voluntate
2076 3722 2280 3755 condescendo

1222 3780 1303 3808 mus,
1321 3771 1354 3800 &
1372 3778 1454 3806 grato
1466 3767 1665 3798 concurrimus
1681 3763 1786 3794 affeetu
1796 3786 1805 3801 ,
1827 3764 2080 3801 Approbamusque
2090 3767 2222 3800 grataque
2237 3770 2281 3792 te-

1221 3818 1322 3839 nemus
1339 3809 1372 3838 &
1387 3808 1520 3838 habemus
1540 3807 1573 3835 &
1595 3811 1774 3840 acceptamus
1788 3803 1887 3832 omnia
1903 3803 1936 3832 ὃς
1952 3802 2074 3838 singula,
2098 3809 2181 3837 atque
2208 3799 2280 3843 Pro-

1224 3849 1360 3877 mittimus
1379 3848 1406 3875 in
1425 3845 1523 3874 Verbo
1540 3842 1653 3879 Regio,
1671 3850 1786 3871 necnon
1800 3841 1851 3870 sub
1860 3840 2029 3878 Ypothequa
2045 3840 2077 3869 <Sc
2091 3838 2279 3881 obligatione

1223 3887 1361 3916 omnium
1379 3883 1526 3913 Bonorum
1543 3880 1707 3910 nostrorum
1724 3880 1878 3910 mobilium
1900 3881 1931 3908 ὅ(
1955 3877 2148 3907 immobilium
2165 3899 2174 3914 ,
2201 3875 2282 3915 qubd

1225 3924 1336 3954 nullum
1356 3922 1506 3955 dabimus,
1522 3917 1719 3955 disponemus,
1737 3918 1780 3949 seu
1800 3919 1974 3956 parabimus,
1995 3925 2065 3952 nee,
2084 3925 2283 3959 quantumpoe

1223 3964 1358 3996 terimus,
1375 3959 1452 3995 dari,
1472 3956 1580 3994 disponi
1595 3980 1604 3995 ‚
1631 3956 1674 3987 seu
1699 3959 1785 3994 parari
1803 3956 2008 3986 consentiemus
2025 3962 2070 3999 aut
2090 3962 2284 3997 permittemus

1223 3999 1414 4031 Obstaculum
1427 3996 1500 4033 Illis,
1517 4005 1579 4032 qux
1597 4005 1646 4033 per
1664 3995 1813 4033 prefatum
1834 3994 1954 4024 Fratrem
1970 3994 2003 4021 δε
2025 3990 2279 4035 ῼοηῖεῃξωηευω

1221 4039 1350 4069 nostrum
1368 4039 1465 4064 Ducem
1483 4033 1756 4072 Aurelmneoiser11‚in
1772 4031 2029 4070 apponctamento
2041 4038 2112 4060 inter
2130 4030 2279 4068 praefatum

1226 4077 1374 4114 Nepotem
1389 4076 1423 4105 &
1440 4072 1642 4111 Advnskrium
1658 4071 1774 4139 mstffim
1786 4074 1885 4107 Regem
1896 4067 2009 4105 Angliae
2026 4070 2059 4101 &
2073 4068 2162 4107 ipsum
2175 4071 2285 4134 DZYZ

2309 269 2391 300 Ann.
2402 271 2435 301 D

2311 317 2429 388 stiffi:

2315 1474 2390 1505 Anni
2405 1473 2446 1508 D.

2334 1523 2423 1552 1440.

2311 1557 2364 1580 An.
2385 1553 2426 1581 18.

2310 1596 2344 1619 [L
2361 1594 2389 1618 6.

2309 1634 2348 1656 Ex
2365 1633 2423 1657 Au-

2307 1676 2373 1696 ῙΟΠΥ.

2330 1695 2345 1705 ο

2334 1961 2402 1987 799.
