2555 4266
58 231 136 263 Ann.
147 231 178 262 D
192 247 201 255 ·

81 272 167 309 1486.

58 314 122 338 Heu.
142 320 169 346 7.

78 2419 95 2439 0
107 2420 178 2449 ΧΠ.

78 2457 144 2494 298.

212 160 291 201 174

251 234 356 271 Nuper
377 231 511 272 siqnidem
526 252 536 268 ,
563 238 615 268 pro
639 228 722 260 Parte
748 228 889 259 Cariffimi
912 229 942 258 in
964 226 1082 258 Christo
1104 226 1166 256 Filii
1179 224 1268 256 nostri

214 273 326 301 Henri'ci
343 276 394 301 vii.
411 269 525 307 Angliae
538 272 616 306 Regis
630 267 744 298 Illustris
758 268 791 298 &
801 266 925 297 Dilestae
941 267 971 296 in
982 265 1099 296 Christo
1108 265 1186 295 Filiae
1200 263 1271 294 No-

211 312 273 341 bilis
292 310 422 341 Mulieris
443 307 616 338 Elizabethae
634 307 716 336 clarae
732 315 883 336 memorio:
897 305 1038 335 Edwardi
1053 308 1094 334 iv.
1113 304 1269 339 difflRegm·

207 349 272 378 olim
284 352 361 386 Regis
378 350 579 384 Primogenitae,
599 345 697 375 Nobis
716 344 844 381 expolito
865 344 945 381 quod
959 344 1027 382 ipsi,
1044 343 1079 374 ad
1097 343 1271 372 submoven-

209 389 281 417 dum
301 387 510 417 Contentiones
530 395 594 421 quae
613 384 648 414 de
673 384 778 422 Regno
794 383 852 419 ipso
866 383 974 414 fuerant
991 383 1062 413 inter
1074 391 1177 411 eorum
1193 380 1271 410 Prae-

210 426 367 456 deceffores
380 425 416 454 de
431 423 612 462 Lancastria‚
629 423 665 452 de
681 432 736 460 qua
753 422 885 451 Hernicus
900 420 953 460 ips?
972 424 1050 459 Rex,
1068 422 1101 452 &
1115 419 1271 448 Eboracena

204 464 261 504 fis,
279 463 378 493 inclitis
392 463 521 492 Domibus
535 461 572 496 «ἐν
589 460 709 491 Familiis
723 460 880 498 dieiiRegni
889 483 898 498 ,
913 461 950 491 de
965 470 1019 498 qua
1035 458 1183 493 Elizabet,
1198 465 1271 498 prae-

212 503 261 533 fati
280 502 430 540 Origincrn
447 502 593 531 trahebant
606 525 615 538 ,
640 509 758 537 quarum
773 499 923 530 occafione
942 500 972 528 in
986 499 1094 535 Regno
1108 497 1167 532 ipio
1179 503 1272 537 gravia

211 541 346 571 Scandala
366 540 510 570 retroactis
532 539 711 576 temporibus
733 547 828 568 exorta
850 537 979 574 fuerant,
997 535 1187 566 desiderabant
1200 534 1273 561 mvrss

208 589 278 610 cern
296 579 517 610 Matrimonium
531 577 712 614 contrahere,
1205 608 1210 613 ,
1253 607 1259 612 ,

249 617 305 648 Sed
318 628 382 656 quia
395 618 507 655 Qiarto
523 619 555 648 δ(
572 616 687 655 Qiarto
702 614 956 654 Consanguinitatis
969 613 1002 643 ὃ(
1017 610 1108 654 forsan
1123 608 1273 652 Affinitatis

211 657 341 695 gradibus
358 657 487 687 invicem
509 655 658 694 conjuncti
677 664 754 686 erant
769 677 778 692 ,
801 663 903 683 eorum
927 650 1095 694 desiderium
1118 645 1276 692 huiusmodi

212 698 242 725 in
255 705 286 725 ea
300 694 542 763 partebadirnplere
561 703 620 724 non
643 699 771 731 poterant
784 689 997 728 Dispensanone
1013 686 1182 726 Apostolica
1196 683 1276 714 desua

213 743 337 810 peknggn
352 743 586 810 ἳυῐῑιῗῑῃὲῒρὶεηῐω
599 777 741 808 perpetuae
753 763 957 804 Tranquillitatl
979 764 1049 795 Paci
1071 765 1104 795 ὃς
1119 762 1219 800 Quieti
1234 759 1278 804 di-

213 810 254 841 &i
268 810 382 849 Regni,
397 810 643 849 quemadmodum
667 807 749 836 decet
762 807 840 843 pium
857 805 890 835 &
907 811 1097 845 communem
1114 801 1226 844 Patrem
1241 797 1274 829 &

212 848 360 880 Pastorem
382 851 515 880 omniurn
541 846 784 881 Christianorum,
804 842 971 881 providere,
989 851 1022 871 ac
1038 840 1194 882 Discordns
1211 846 1275 876 quae

213 889 246 919 in
259 898 295 918 eo
316 888 423 926 Regno
440 887 486 917 diu
507 888 578 916 inter
594 883 797 913 Discendentes
815 890 849 910 ex
865 881 1011 911 Domibus
1025 878 1184 922 praedietis,
1201 885 1273 906 cum

212 928 341 958 maximo
364 926 445 964 ipsius
465 925 562 958 Regni
587 923 795 956 Detrimento,
820 920 966 958 viguerant
988 918 1088 948 Finem
1111 924 1278 952 imponere,

212 966 339 1004 illudque
361 965 458 995 futuris
482 961 708 992 Dissentionibus
727 958 906 989 occurrendo
923 957 1059 987 Pacatum
1077 956 1110 987 &
1131 955 1274 998 Qiietum

212 1005 354 1043 perpetuis
375 1001 549 1038 temporibus
568 999 700 1035 reddere,
719 1007 751 1027 ac
765 996 920 1027 Christiani
933 995 1083 1033 Sanguinis
1097 992 1276 1036 Effuiionern

212 1043 334 1078 evitate,
352 1050 421 1070 cum
444 1038 547 1069 eisdem
570 1040 687 1068 Henrico
707 1040 776 1072 Rege
799 1037 832 1068 ὃς
856 1034 1025 1064 Elizabetha
1049 1041 1080 1063 ut
1094 1055 1103 1070 ,
1118 1030 1278 1069 hujusmodi

213 1079 470 1115 Consanguin'itatis
490 1079 522 1107 δε
547 1078 640 1107 sorian
663 1075 816 1105 Affinitatis
832 1073 1044 1112 impedimentis
1064 1081 1124 1101 non
1141 1071 1280 1101 obstanti-

213 1119 284 1155 bus,
304 1117 527 1148 Matrimonium
542 1117 614 1146 inter
630 1115 668 1145 Se
681 1113 874 1150 Contrahere,
892 1113 925 1143 ὃ(
939 1113 968 1154 in
981 1121 1017 1142 eo
1034 1109 1184 1154 postquam
1194 1109 1280 1140 Con-

214 1158 338 1188 tractum
360 1156 434 1186 foret
456 1154 618 1186 Remanere
634 1153 721 1183 libere
741 1152 775 1183 ὃς
795 1152 871 1182 licite
885 1151 1011 1189 possent,
1027 1158 1078 1189 per
1090 1149 1154 1179 alias
1170 1147 1280 1179 nostras

213 1195 334 1226 Litteras
349 1195 470 1231 gratiose
482 1193 727 1232 DispensavitnuS,
745 1189 947 1228 suscipiendam
962 1197 996 1219 ex
1012 1187 1169 1226 hujusmodi
1178 1187 1282 1218 Matris

216 1235 320 1264 monio
333 1232 449 1263 Prolem
463 1233 634 1271 Legitimam
650 1229 833 1260 Nuntiando.

253 1271 337 1303 Cum
359 1281 454 1302 autem
469 1295 477 1310 ‚
505 1271 575 1301 sicut
596 1270 756 1307 accepimus
771 1291 780 1305 ,
804 1268 936 1297 Henricus
954 1269 1015 1297 Rex
1025 1264 1176 1306 praefatur,
1191 1274 1280 1303 quan-

216 1321 306 1350 quam
324 1320 382 1341 non
399 1311 491 1340 modo
502 1309 572 1348 Jure
585 1308 654 1339 Belli
668 1317 701 1337 ac
713 1307 828 1337 notorio
844 1307 877 1337 &
891 1304 1048 1336 indubitato
1064 1307 1198 1342 proximo
1207 1303 1280 1334 ὃυοεὅ

216 1349 350 1381 cessionis
368 1348 472 1380 Titulo
488 1371 497 1385 ,
520 1348 623 1379 verum
637 1347 722 1378 etiam
737 1346 870 1376 omnium
883 1343 1087 1381 Praelatorum,
1104 1343 1281 1378 Procerum,

218 1388 413 1426 Magnarum,
432 1387 590 1418 Nobilium
604 1386 743 1422 totiusque
756 1383 877 1422 ejusdem
892 1382 938 1414 Re
961 1384 989 1412 ni
1003 1382 1113 1421 Angliae
1135 1381 1229 1412 Plebis
1243 1381 1281 1412 E-

219 1429 344 1460 lefflone
358 1427 391 1457 &
407 1425 487 1456 Voto
501 1449 511 1465 ,
526 1433 639 1457 necnon
655 1424 804 1460 Decreto,
820 1391 981 1453 statutog&
996 1420 1186 1451 Ordimtione
1200 1421 1283 1457 ipiius

217 1467 333 1505 Angliae
348 1465 443 1504 Regni
457 1465 565 1495 Trium
581 1464 710 1494 Statuum
726 1462 755 1491 in
771 1460 896 1499 ipsorum
911 1459 1068 1490 Conventu
1079 1483 1089 1497 ,
1107 1459 1281 1490 Parliamen-

217 1515 250 1538 to
267 1513 432 1541 nuncupato
449 1527 459 1541 ,
487 1512 602 1541 propter
622 1502 680 1532 hoc
694 1500 809 1538 publice
829 1500 862 1530 ὅ(
877 1499 1040 1536 generaliter
1055 1499 1198 1529 celebrato
1209 1521 1218 1536 ,
1233 1497 1283 1535 Jus

218 1545 302 1585 ipfius
316 1542 412 1581 Regni
428 1542 544 1580 Angliae
555 1541 589 1571 ad
604 1540 694 1579 ipsum
708 1542 855 1569 Henricum
869 1541 920 1566 vii.
933 1536 1046 1573 Angliae
1057 1539 1154 1575 Regem
1166 1536 1283 1574 suosque

219 1581 361 1616 Haeredes
379 1581 429 1611 suo
449 1589 484 1611 ex
505 1579 640 1618 Corpore
657 1577 845 1615 procreandos
860 1576 1051 1607 indubitanter
1071 1576 1106 1607 de
1116 1575 1185 1614 Jure
1199 1577 1283 1614 perti-

219 1631 301 1655 neret
317 1620 469 1657 eidemque
481 1619 606 1650 delatum
623 1619 713 1654 foret,

257 1659 306 1692 Ad
324 1668 426 1690 omnes
445 1667 539 1688 tamen
562 1655 723 1686 Discordias
741 1655 775 1685 &
799 1653 992 1684 Dissentiones
1008 1676 1018 1690 ,
1045 1662 1108 1691 quae
1122 1653 1194 1683 olim
1211 1653 1284 1682 inter

222 1699 347 1732 niustres
366 1697 660 1728 LANCASTRIAE.
681 1695 714 1724 ὃς
733 1693 928 1724 ΕΒοκΑςΕ
943 1699 1055 1721 NSEM
1077 1691 1196 1722 Domos
1211 1701 1285 1729 prte-

223 1739 313 1770 <iteras
327 1737 490 1775 viguerant,
511 1733 646 1765 tollendas
662 1741 746 1770 atque
765 1734 978 1769 imperpetuum
999 1730 1166 1769 abolendas,
1184 1740 1216 1760 ac
1231 1739 1284 1767 pro

222 1778 305 1809 firma
327 1777 360 1807 &
380 1783 514 1814 perpetua
535 1772 608 1803 Pace
631 1772 660 1802 in
683 1771 786 1801 eodem
803 1769 913 1807 Regno
929 1768 1122 1808 observanda,
1135 1770 1171 1799 ad
1186 1769 1286 1806 praeci·-

223 1826 311 1855 puam
331 1817 364 1846 &
385 1812 535 1850 specialem
550 1811 672 1850 ipsorum
690 1809 795 1840 Trium
809 1808 939 1839 Statuum
955 1808 1024 1838 disti
1042 1807 1138 1847 Regni
1152 1807 1287 1846 Requifiu

222 1858 333 1887 tionem
344 1875 354 1891 ,
372 1852 509 1882 assenserit
529 1849 649 1880 eandem
671 1846 869 1878 Elizabetham
891 1845 1073 1885 Principiffim
1087 1870 1097 1885 ,
1112 1846 1288 1877 Immortalis

222 1894 319 1925 Famae
336 1894 415 1928 Regis
431 1889 572 1920 Edwardi
586 1886 700 1927 prefati
716 1889 926 1924 primogenitam
948 1884 987 1920 &¹
1011 1896 1108 1914 veram
1127 1886 1288 1923 Haeredem,

221 1933 326 1964 ducere
340 1930 500 1966 habereque
512 1929 542 1958 in
558 1927 689 1957 Uxorem
700 1949 709 1964 ‚
724 1924 890 1957 dummodo
908 1925 1038 1962 primitiis
1057 1935 1073 1954 a
1087 1923 1189 1954 Nobis
1202 1934 1288 1962 opor-

225 1980 294 2003 tuna
307 1968 483 2006 Dispensatio
501 1967 579 2004 super
593 1965 806 2003 Impedimentis
821 1963 962 2001 praedic‘tis
973 1963 1167 2000 obtineretur,

263 2008 349 2045 Nos,
367 2008 415 2045 qui
431 2007 487 2037 una
503 2014 571 2035 cum
587 2004 803 2035 Venerabilibus
820 2002 961 2032 Fratribus
979 2000 1082 2031 nostris
1093 2001 1206 2032 Sanc‘tae
1223 2001 1289 2033 Ro-

225 2057 321 2081 manae
338 2046 475 2077 Eccleiiae
496 2043 693 2074 Cardinalibus
713 2043 813 2072 omnia
838 2042 871 2071 ὃς
889 2040 992 2079 lingula
1006 2039 1161 2077 supradicta
1175 2041 1289 2078 paterna

225 2086 353 2119 Caritate
374 2083 602 2120 considerantes,
626 2091 684 2112 non
709 2081 799 2110 solum
824 2079 904 2117 super
923 2079 1113 2108 Matrimonio
1130 2079 1289 2116 hujusmodi

223 2128 298 2158 inter
324 2127 470 2154 Henricum
492 2125 587 2159 Regem
610 2121 643 2151 ὃ(
665 2118 862 2149 Elizabetham
885 2116 1068 2156 Principffim
1090 2118 1237 2156 praefatOS,
1261 2126 1291 2149 ut

247 2165 393 2197 raefertur,
413 2160 628 2198 contrahendo,
647 2168 680 2189 ex
695 2157 792 2188 Causis
816 2157 976 2195 supradietis
989 2179 998 2193 ,
1018 2166 1065 2194 per
1079 2157 1166 2188 didras
1184 2157 1291 2188 nostras

225 2175 353 2239 Literas,
372 2200 622 2238 Dispensavimus,
644 2197 681 2228 set
701 2198 785 2227 etiam
807 2195 923 2226 Prolem
938 2195 1139 2232 suscipiendam
1154 2205 1189 2226 ex
1205 2206 1241 2226 eo
1255 2196 1290 2226 ad

225 2240 450 2274 Succedendum
462 2238 564 2268 eisdem
578 2240 642 2274 Regi
659 2237 692 2267 &
710 2233 886 2265 Elizabethae
899 2234 1051 2272 legitimam
1066 2233 1290 2274 Nuntiavimus‚

225 2290 312 2320 prout
332 2281 362 2311 in
384 2277 465 2316 ipsius
488 2276 705 2314 Dispensationis
729 2274 839 2304 Litteris
860 2273 970 2310 plenius
991 2274 1154 2304 continetur
1167 2297 1178 2312 ,
1207 2283 1290 2304 motu

225 2319 345 2360 proprio
355 2342 364 2355 ,
381 2326 441 2347 non
456 2315 491 2347 ad
507 2318 619 2346 Henri'ci
633 2316 711 2352 Regis
723 2322 769 2343 aut
784 2311 957 2341 Elizabethae
971 2312 1177 2349 praedfflorum
1193 2322 1240 2344 aut
1251 2313 1291 2343 al·-

227 2360 312 2391 terius
334 2365 388 2395 pro
409 2355 509 2385 Nobis
530 2354 610 2391 super
629 2352 687 2383 hoc
713 2352 817 2382 oblatae
838 2350 981 2380 Petitionis
996 2349 1178 2390 instantiam,
1196 2351 1241 2382 sed
1256 2351 1292 2382 de

229 2397 326 2428 nostra
351 2404 428 2426 mera
450 2393 630 2425 Liberalitate
646 2392 679 2422 &
701 2399 734 2420 ex
759 2399 834 2420 certa
856 2389 950 2419 nostra
968 2388 1091 2420 Scientia
1104 2412 1114 2428 ‚
1131 2386 1291 2429 hujusmodi

229 2435 472 2473 Dispensationem
496 2441 551 2463 nec
572 2440 631 2461 non
652 2431 671 2449 *³
689 2429 928 2465 Matrimonium,
947 2427 1017 2458 illius
1032 2429 1131 2467 vigore
1147 2428 1291 2467 praedietae

229 2473 473 2510 contrahendum,
493 2471 538 2501 seu
553 2469 672 2508 cujusvis
687 2468 796 2498 alterius
814 2466 1034 2504 Dispenfiitionis
1049 2466 1166 2505 desuper
1186 2477 1201 2498 a
1218 2467 1293 2498 Sede

227 2512 395 2552 Apostolica
409 2511 455 2542 vel
467 2509 537 2541 illius
553 2509 768 2539 Poenitentiario
783 2515 830 2536 aut
846 2506 958 2544 Legatis
972 2505 1028 2535 sive
1043 2505 1077 2535 N
1081 2507 1171 2537 unciis
1177 2529 1187 2544 ,
1211 2506 1246 2537 ad
1263 2507 1292 2537 id

229 2553 392 2584 facultatem
411 2550 447 2579 ab
467 2549 566 2580 eadem
589 2547 663 2578 Sede
682 2547 868 2583 habentibus,
885 2544 976 2574 forsan
991 2545 1134 2582 obtentae,
1151 2554 1205 2584 pro
1218 2555 1293 2576 tem-

228 2601 302 2630 pore
324 2588 506 2620 contractum
521 2610 532 2625 ,
557 2595 676 2623 quai-um
691 2585 803 2622 quidem
821 2583 991 2614 Litterarum
1005 2583 1162 2614 nostrarum
1179 2584 1213 2614 ὅ(
1227 2584 1294 2614 alia-

228 2639 294 2661 rum
310 2627 508 2666 praedictarum
534 2624 783 2661 Dispensationum
795 2623 927 2653 Tenores
949 2620 1131 2660 praesentibus
1141 2645 1152 2660 ‚
1168 2632 1202 2652 ac
1220 2623 1240 2653 si
1257 2623 1294 2654 de

227 2668 322 2701 verbo
336 2666 371 2696 ad
386 2665 509 2696 verbum
522 2662 721 2699 insererentur,
739 2661 841 2691 habere
856 2661 991 2702 volumus
1006 2668 1060 2697 pro
1075 2660 1220 2698 expressis,
1237 2661 1294 2692 Le-

250 2707 414 2743 'tirnamque
437 2702 609 2733 Liberorum
631 2699 864 2736 Successionem,
881 2709 915 2729 ac
937 2707 1021 2728 etiam
1042 2697 1295 2737 Declarationem,

227 2717 503 2778 Pronuntiationem
517 2742 550 2772 &
564 2739 724 2770 Decretum
740 2737 920 2768 Parliamenti
936 2736 995 2765 tarn
1011 2736 1089 2773 super
1104 2737 1206 2767 Titulo
1217 2738 1294 2777 ipfius

230 2786 345 2816 Henrici
365 2783 442 2818 Regis
463 2781 550 2817 quam
574 2780 654 2816 super
675 2775 858 2807 Successione
884 2775 1056 2805 Liberorum
1077 2785 1111 2805 ac
1132 2774 1293 2807 Haetedum

230 2823 345 2855 suorum
358 2844 368 2858 ,
393 2829 446 2851 nec
469 2828 529 2849 non
545 2818 645 2848 omnia
658 2816 708 2846 alia
722 2817 756 2846 ὃς
771 2815 880 2851 singula
895 2812 1039 2844 Praemissa
1055 2813 1233 2845 Aneroritate
1251 2816 1293 2846 Α-

273 2859 373 2892 ίὶοΙίεέἰ
396 2857 579 2889 Praesentium
599 2855 718 2886 Tenore
737 2852 954 2883 Confirmamus
976 2853 1010 2883 &
1024 2852 1242 2892 Approbamus‚
1261 2864 1294 2884 ac

264 2900 338 2930 obur
359 2904 499 2936 perpetuae
515 2896 547 2926 ὃ(
561 2893 730 2925 inviolabilis
749 2895 817 2922 vere
831 2891 966 2921 firmitatis
979 2891 1108 2921 obtinere
1121 2892 1218 2922 eadem
1236 2893 1296 2923 Au-

232 2939 366 2970 &oritate
388 2936 628 2972 Pronuntiamus‚
647 2932 838 2962 Decernimus
857 2939 941 2968 atque
960 2928 1163 2967 Declaramus,
1187 2931 1297 2974 supple-

234 2976 355 3015 musque
367 2982 469 3005 omnes
484 2975 518 3005 δε
534 2973 656 3011 singulos
670 2970 809 3001 Defeetus
825 2969 883 2999 t'arn
898 2968 973 3006 juris
989 2968 1077 3010 quarn
1094 2968 1172 2999 Fasti
1184 2993 1194 3008 ,
1214 2974 1233 3000 11
1248 2971 1296 3008 qui

234 3015 327 3047 forsan
344 3012 544 3045 intervenerint
557 3013 585 3040 in
600 3010 703 3040 eisdem
720 3017 767 3039 aut
780 3009 876 3046 aliquo
890 3006 1112 3037 Praemiflorum.

271 3051 485 3089 Monemusque
505 3050 538 3079 δε
561 3048 763 3086 Requirimus,
789 3046 897 3083 Motu,
917 3045 1054 3084 scientia,
1072 3047 1106 3078 ὃς
1121 3046 1298 3078 Auetoritate

234 3092 396 3131 praediffls,
413 3098 515 3120 omnes
526 3089 560 3119 &
577 3087 698 3125 singulos
710 3086 779 3115 dieti
796 3085 893 3122 Regni
908 3084 1033 3121 incolas,
1042 3086 1075 3116 ὃ(
1088 3085 1210 3122 ejusdem
1219 3089 1297 3115 Hen—

236 3135 286 3161 ri'ci
305 3133 385 3167 Regis
401 3127 537 3160 Subditos
550 3148 559 3164 ‚
585 3124 787 3162 cujuscumque
804 3122 937 3161 Gradus,
954 3122 1064 3160 Status,
1082 3124 1127 3153 seu
1143 3124 1296 3156 Condicio—

237 3170 281 3201 nis
303 3167 419 3199 existant
433 3191 444 3204 ,
468 3167 554 3196 etiam
577 3163 596 3194 fi
618 3163 722 3193 Ducali
747 3163 793 3191 vel
810 3161 916 3200 Majori
933 3161 1082 3199 Dignitate
1096 3163 1296 3202 praefulgeant,

237 3207 330 3246 eisque
353 3207 386 3238 &
407 3204 522 3236 cuilibet
542 3211 644 3234 eorum
668 3200 795 3230 disti-iere
811 3201 1004 3242 praecipiendo
1016 3200 1180 3232 Inhibemus
1192 3211 1229 3232 ne
1242 3202 1296 3240 Ipsi

237 3256 287 3277 aut
310 3246 407 3283 aliquis
432 3252 534 3273 eorum
559 3250 653 3271 novos
666 3239 839 3277 Tumultus,
858 3241 1008 3268 occallone
1020 3238 1096 3277 Juris
1115 3240 1294 3272 succedendi

238 3284 405 3321 hujusmodi
420 3282 465 3313 vel
477 3288 661 3320 quocumque
677 3279 776 3316 quovis
789 3277 905 3314 quaesito
919 3277 1035 3319 colore,
1052 3287 1099 3307 aut
1114 3289 1298 3318 quacumque

240 3323 296 3353 alia
311 3322 404 3353 Causa
421 3344 430 3359 ,
454 3321 483 3350 in
506 3319 611 3350 eodem
627 3317 736 3354 Regno
755 3325 804 3354 per
822 3316 860 3346 Se
877 3315 921 3345 vel
935 3316 1020 3344 alium
1037 3315 1081 3345 seu
1099 3316 1166 3346 alios
1180 3328 1298 3349 movere

242 3361 289 3392 seu
305 3361 416 3391 moveri
437 3359 528 3389 facere
542 3380 552 3396 ,
578 3355 803 3395 Dispensationi,
820 3353 1032 3389 Declarationi,
1052 3354 1085 3384 &
1102 3354 1229 3386 Decreto
1245 3357 1298 3387 hu..

238 3398 382 3438 jusmodi,
399 3406 445 3428 aut
460 3396 529 3427 Paci
548 3393 890 3434 Tranquillitativejpiius
915 3391 1026 3429 Angli-,e
1040 3391 1134 3429 Regni
1148 3403 1299 3424 contrave-

240 3436 349 3470 niendo
363 3436 463 3474 quovis
478 3433 568 3465 modo
588 3432 770 3472 praesumant,
788 3433 837 3461 iub
853 3430 1167 3461 Excommunicationis
1180 3432 1213 3462 &
1230 3432 1299 3464 Ma-

236 3476 308 3516 joris
328 3475 520 3505 Anathematis
530 3473 640 3512 Poena,

282 3514 380 3551 Quam
396 3522 498 3542 omnes
520 3512 554 3542 &
574 3511 671 3550 singuli
685 3509 844 3547 hujusmodi
861 3507 1018 3539 Tumultus
1031 3518 1123 3538 novos
1139 3508 1302 3541 Excitanree

242 3552 290 3583 vel
311 3552 423 3583 excitari
444 3551 576 3580 facientes
596 3559 680 3587 atque
695 3549 800 3579 Pacem
817 3548 850 3578 &
868 3546 963 3584 Regni
980 3547 1087 3584 praefati
1099 3547 1300 3585 Tranquillita-

243 3600 304 3622 tcm
325 3589 442 3628 posthac
464 3589 592 3626 nequiter
611 3589 803 3626 perturbantes
827 3595 875 3617 aut
893 3585 1036 3623 praediffis
1048 3584 1302 3618 Contravenientee

243 3639 279 3660 ex
301 3638 377 3658 nunc
395 3635 478 3664 prout
494 3635 527 3656 ex
542 3636 629 3664 tunc,
646 3626 680 3656 &
699 3636 732 3655 ex
748 3635 816 3656 tunc
834 3633 917 3662 prout
931 3633 965 3654 ex
981 3633 1057 3653 nunc
1076 3624 1301 3665 (cujuscunque,

242 3677 276 3699 ur
289 3663 612 3705 praefertur,Dignitatis
642 3663 950 3702 Statfis‚Gradfis,seu
965 3661 1148 3692 Conditionis
1164 3663 1301 3702 existant,

243 3707 331 3738 etiam
354 3705 374 3735 si
393 3702 497 3734 Ducali
512 3711 559 3732 aut
583 3687 689 3740 M’ajori
710 3702 895 3740 praefulgeant
909 3701 1067 3744 Dignitate)
1081 3710 1117 3730 eo
1131 3701 1301 3739 ipsoincur·

244 3753 310 3776 rant
326 3767 335 3781 ,
359 3742 464 3780 eosque
484 3742 624 3771 incurrere
649 3741 681 3771 ὃς
702 3741 772 3770 illius
795 3739 922 3771 Vinculo
939 3739 1088 3769 innodatos
1109 3740 1302 3771 &involutos

244 3783 307 3820 ipso
333 3782 410 3812 sacto
426 3779 483 3810 esse
504 3778 605 3809 eudem
622 3778 732 3815 Motu,
752 3778 877 3810 Scientia
896 3779 930 3808 δε
944 3776 1120 3809 Αυᾶοτίῑειῑε
1140 3777 1303 3819 Volumus,

243 3820 416 3858 statuimus,
434 3818 625 3849 Decernimus
636 3825 720 3853 atque
730 3816 913 3847 Declaramus
922 3840 932 3852 ,

287 3858 314 3888 A
334 3868 394 3896 quo
413 3856 529 3894 quidem
541 3854 852 3886 Excommunicationis
865 3856 898 3886 ὅ(
915 3854 1108 3885 Anathematis
1123 3853 1250 3885 Vinculo
1263 3857 1301 3886 ab

248 3894 306 3924 alio
322 3897 407 3932 quam
422 3895 496 3926 Sede
511 3891 680 3925 Adostolica
692 3892 823 3931 praefata,
841 3902 887 3924 aut
899 3895 945 3924 cui
964 3894 1019 3931 ipsa
1035 3893 1122 3923 Sedes
1141 3892 1169 3923 id
1181 3893 1305 3931 speciali-

249 3939 294 3962 ter
306 3935 339 3963 &
355 3933 484 3970 specifice
498 3932 671 3963 commiserit
682 3953 692 3968 ,
716 3940 901 3969 praeterquam
919 3933 948 3961 in
965 3932 1070 3963 Mortis
1084 3931 1214 3962 Articulo
1230 3941 1304 3962 con-

250 3967 355 4007 stituti,
374 3979 511 4009 nequeant
524 3970 716 4002 Absolutionis
729 3968 900 4000 Beneficium
914 3971 1053 4001 obtinere.

292 4006 331 4050 Et
349 4008 368 4037 fi
394 4008 482 4044 (quod
502 4008 583 4039 Deus
603 4008 718 4044 avertat)
739 4009 886 4044 contingat
896 4007 980 4047 ipsam
995 4008 1201 4048 Elifhbetham,
1218 4008 1304 4040 Prole

250 4053 286 4075 ex
299 4044 380 4077 dicto
394 4047 510 4075 liei-rico
523 4049 591 4084 Rege
607 4056 668 4078 non
681 4045 822 4085 suscepti,
839 4045 885 4078 vel
898 4047 1021 4086 suscepta
1031 4057 1111 4086 ,non
1123 4056 1218 4079 tamen
1234 4056 1304 4081 tunc

674 135 1881 189 CONVENTIONES,LITERAE‚

1310 223 1463 261 superstite
1475 247 1484 259 ,
1513 221 1663 253 Decedere
1687 228 1752 252 ante
1766 219 1847 259 igfum
1860 224 1972 266 Regem,
1989 230 2025 252 eo
2043 221 2105 253 casu
2127 221 2244 254 Prolem
2259 230 2293 252 ex
2308 220 2368 259 ipso
2387 217 2464 249 Ann.
2479 217 2524 249 D·

1310 265 1379 299 Rege
1394 265 1510 292 Henri'co
1525 263 1557 292 ὅ(
1577 261 1630 291 alia
1645 269 1812 297 quacunque
1824 261 1881 296 ejus
1895 260 2018 299 legitima
2034 260 2156 299 Uxore,
2173 262 2209 292 ab
2228 271 2265 292 eo
2278 260 2372 298 super-

1311 300 1442 331 ducenda
1458 323 1467 337 ,
1491 302 1520 329 in
1544 299 1703 336 omniJure
1720 298 1910 327 Haereditario
1933 298 2027 336 Regni
2041 299 2199 336 hujusmodi
2213 301 2286 337 juxta
2300 308 2377 329 ante-

1310 338 1420 369 dictum
1444 338 1527 376 ipsius
1551 337 1730 369 Parliamenti
1745 336 1904 366 Decretum
1920 338 1953 368 &
1967 336 2126 373 huiusmodi
2139 338 2289 376 nostrum,
2307 338 2378 367 illius

1310 378 1559 416 Approbationem
1570 400 1581 416 ‚
1597 379 1631 408 &
1647 375 1912 405 Confirmationem
1927 375 2006 411 super
2021 374 2180 410 huJusrnodi
2195 376 2324 407 Decreto
2340 380 2374 407 δε

1309 417 1367 446 aliis
1391 416 1532 454 praedictis
1546 438 1556 453 ,
1583 424 1614 447 ut
1628 415 1806 452 praemittitur
1817 436 1826 451 ,
1844 413 1965 449 faciam,
1984 411 2146 443 Succedere
2163 415 2265 445 debere
2281 415 2376 445 simili-

1333 464 1364 484 us
1378 454 1486 492 Motu,
1504 454 1628 485 Scientia
1643 454 1677 485 ὃς
1692 453 1869 483 Auctoritatis
1884 452 1969 482 eziam
1985 449 2176 482 Decernirnus
2191 453 2225 484 &
2239 452 2377 485 Declara-

1346 502 1394 560 ῗῖἔ
1410 532 1448 560 tre
1460 553 1470 568 ‚
1494 531 1532 574 in„
1542 524 1702 568 hujusmodi
1720 537 1856 573 eventum
1872 551 1887 571 ‚Q
1899 526 2034 566 quispiam
2049 526 2139 571 proris
2158 527 2282 571 praefatae
2299 530 2375 562 suc-

1311 567 1467 598 cessionem
1485 568 1664 606 hujusmodi,
1683 578 1786 607 quovis
1805 572 1922 605 quaeiito
1940 563 2058 604 colore,
2075 568 2226 605 impedire,
2244 576 2291 598 aut
2309 567 2373 606 [ad]

1312 607 1527 643 impediendum
1544 617 1637 637 novos
1654 607 1811 637 Tumultus
1828 607 1855 635 in
1879 604 1981 636 eodem
2000 603 2108 642 Regno
2126 614 2176 643 per
2194 604 2230 634 Se
2249 606 2295 635 vel
2309 607 2376 638 alios

1313 646 1432 678 excitare
1452 645 1498 675 vel
1515 646 1628 675 excitari
1646 645 1738 675 facere
1755 645 1800 675 vel
1820 653 1973 681 procurare
1991 643 2138 681 praesumat
2155 666 2165 680 ,
2190 643 2243 673 sub
2260 645 2380 681 praefatis

1313 681 1444 713 Censuris
1463 685 1496 714 &
1515 682 1615 713 Ptenis
1629 706 1639 721 ,
1654 693 1722 721 quas
1739 692 1839 712 omne„
1856 683 1890 713 &
1908 683 2009 720 singuli
2029 692 2124 712 novos
2141 681 2300 713 Tumultus
2313 707 2324 721 ,
2349 692 2381 714 ut

1314 722 1479 758 praefertur,
1495 730 1528 752 ex
1547 726 1715 760 quacunque
1733 720 1821 751 Causa
1840 722 1868 750 in
1887 721 2063 751 contrarium
2081 720 2244 752 Excitantes
2261 730 2308 752 aut
2321 721 2380 752 Ex-

1314 761 1394 789 citari
1410 760 1561 802 facienteS‚
1578 770 1614 791 eo
1631 760 1692 798 ipso
1710 761 1853 791 incurrant
1864 784 1873 796 ,
1893 761 1926 790 &
1946 769 1960 789 a
1979 760 2081 797 quibus
2098 761 2135 789 ab
2154 759 2209 790 alio
2227 764 2313 798 quam
2328 760 2379 790 Se-

1314 798 1350 828 de
1371 798 1522 835 praedidca,
1539 800 1573 829 &
1592 800 1640 830 cui
1658 798 1742 829 Sedes
1759 798 1813 835 ipsa
1832 798 1858 827 id
1879 793 2028 836 specialiter
2044 798 2238 836 commiserit,
2263 798 2383 830 Absolvi

1315 846 1474 878 nequeant,
1493 846 1680 874 praeterquam
1696 838 1725 866 in
1742 836 1847 867 Mortis
1861 836 1989 867 Articulo
2005 837 2172 877 constituti,
2190 838 2248 876 pari
2270 837 2379 876 Motu,

1315 874 1440 905 Scientia
1455 877 1487 906 &
1504 874 1680 905 Auctoritate
1697 875 1894 904 prohibemus.

1353 913 1392 944 Et
1416 913 1619 951 quoscunque,
1640 914 1698 943 ram
1720 913 1865 949 Principes
1888 912 2011 943 Exteros
2028 914 2113 952 quarn
2128 914 2199 945 dieti
2216 914 2315 954 Regni
2330 914 2379 946 In-

1316 952 1408 989 colas,
1427 952 1589 990 praestantes
1606 951 1705 991 Opem
1719 953 1752 982 δε
1769 950 1942 981 Succursum
1955 952 2039 980 eidem
2055 955 2173 982 Henrico
2193 957 2273 992 Regi,
2290 955 2382 991 ejusve

1317 985 1565 1021 Descendentibus
1579 991 1608 1020 in
1623 990 1726 1020 eodem
1742 989 1849 1028 Regno
1871 988 2081 1020 Succefforibus
2104 992 2213 1030 Angliae
2235 994 2383 1033 Regibus,

1316 1038 1416 1060 contra
1439 1039 1540 1060 eorum
1560 1029 1693 1060 Rebelles
1717 1037 1764 1060 aut
1785 1029 1875 1065 aliqua
1900 1036 1999 1058 contra
2017 1028 2162 1059 Praemiffa
2177 1033 2276 1068 quovis
2292 1033 2380 1070 pasto

1319 1068 1473 1099 molientes
1487 1067 1591 1100 eisdem
1611 1067 1698 1098 Motu
1709 1091 1718 1105 ,
1733 1066 1857 1098 Scientia
1869 1066 1902 1097 &
1921 1066 2098 1098 Auctoritate
2117 1067 2332 1110 Benedicimus‚
2348 1074 2382 1104 δε

1318 1105 1392 1145 Illis,
1411 1117 1482 1145 quos
1503 1107 1541 1137 fic
1562 1106 1695 1137 faciendo
1719 1107 1749 1135 in
1772 1115 1830 1136 tam
1850 1104 1921 1143 justa
1946 1104 2035 1135 Causa
2060 1104 2207 1137 Decedere
2220 1111 2384 1149 continget,

1319 1144 1471 1188 plenariam
1489 1147 1624 1176 omnium
1637 1145 1754 1176 suorum
1772 1143 1961 1175 Peccatorum
1977 1143 2187 1183 Indulgentiam
2209 1147 2243 1178 &
2268 1147 2385 1179 Remis-

1319 1187 1426 1214 sionem
1441 1185 1599 1223 elargimur.
2027 1214 2030 1217 .
2145 1214 2148 1216 .
2246 1216 2250 1217 ⁷

1356 1221 1394 1253 Et
1410 1223 1616 1254 nichilominus
1632 1222 1765 1252 univerfis
1780 1222 1813 1253 &
1831 1221 1941 1261 singulis
1958 1220 2121 1260 Episcopis‚
2139 1222 2386 1256 Monasteriorum

1319 1259 1495 1300 Abbatibus,
1516 1261 1747 1298 Metropolitanis
1763 1261 1796 1292 δε
1811 1261 1926 1291 aliarum
1949 1260 2161 1291 Cathedralium
2182 1263 2215 1294 ὃς
2240 1262 2385 1302 Collegia-

1320 1309 1412 1331 tarum
1436 1300 1561 1331 Decaniz
1575 1324 1584 1338 ,
1604 1299 1841 1337 Archidiaconis,
1859 1298 2033 1337 Canonicis,
2051 1299 2330 1340 Parrochialiumque
2352 1305 2386 1334 ὅ(

1319 1338 1438 1369 aliarum
1455 1339 1643 1370 Ecclesiarum
1658 1338 1832 1369 Re&0ribus
1848 1338 1903 1369 sive
1912 1337 2029 1368 Vicariis
2043 1339 2388 1378 perpetuis,Prioratuum

1320 1378 1354 1408 &
1372 1377 1540 1408 Domorum
1556 1377 1673 1417 cujusvis
1687 1378 1771 1407 etiam
1789 1376 2020 1407 Mendicantium
2033 1377 2182 1408 Ordinum
2199 1378 2384 1411 Prioribus&

1321 1415 1507 1455 Guardianis,
1525 1417 1558 1447 δε
1577 1416 1790 1455 quibuscunque
1803 1416 1860 1445 aliis
1876 1414 2078 1446 Ecclesiasticis
2100 1416 2227 1448 Personis
2242 1417 2388 1456 Exemptis

1322 1455 1355 1486 &
1376 1465 1435 1485 non
1455 1455 1605 1493 Exemptis
1617 1478 1628 1494 ,
1653 1454 1788 1485 similibus
1804 1453 1912 1492 Motu,
1935 1454 2056 1486 Scientia
2076 1455 2111 1486 δε
2125 1455 2322 1495 Αυᾶοτίταῑε,
2337 1457 2388 1488 sub

1323 1492 1471 1524 Interdicti
1494 1494 1630 1531 ingressus
1652 1493 1789 1524 Ecclesiae
1811 1494 1841 1522 in
1863 1491 1888 1522 E
1911 1493 2018 1531 iscopos
2032 1494 2066 1524 &
2081 1493 2263 1534 Superiores,
2280 1505 2313 1526 ac
2327 1495 2389 1526 Ex-

1324 1534 1595 1575 communicationis
1613 1534 1631 1552 *
1649 1532 1713 1563 latae
1729 1532 1882 1562 Sententiae
1891 1503 1989 1562 &cena
2006 1534 2036 1561 in
2047 1531 2197 1564 Inferiores
2217 1535 2254 1564 ab
2275 1535 2332 1574 eis,
2350 1545 2388 1566 eo

1323 1570 1384 1607 ipso
1399 1581 1448 1608 per
1460 1581 1508 1602 eos
1526 1571 1546 1602 si
1561 1581 1620 1602 non
1636 1572 1776 1609 paruerint
1794 1571 1979 1608 incurrenda,
1996 1570 2169 1602 Mandamus
2185 1573 2312 1610 quatinus
2332 1572 2388 1612 Ipfi

1324 1610 1358 1640 ὃ(
1374 1610 1490 1647 quilibet
1506 1620 1624 1648 eorum,
1639 1610 1710 1640 cum
1726 1619 1780 1647 pro
1798 1619 1874 1647 parte
1892 1609 1999 1645 praefati
2014 1612 2128 1639 Henrici
2138 1612 2216 1648 Regis
2227 1610 2389 1643 Haeredum

1323 1647 1358 1679 &
1375 1649 1578 1679 Successorum
1594 1650 1708 1679 suorum
1722 1646 1882 1686 hujusmodi
1895 1657 2146 1686 quorumcumque
2161 1649 2390 1689 fuerintdesuper

1325 1687 1469 1726 requisiti,
1487 1687 1741 1718 Contravenientes
1764 1683 1926 1724 hujusmodi
1949 1686 1982 1716 ἃ
2002 1686 2111 1718 Novos
2126 1686 2283 1721 Tumultus
2303 1689 2390 1721 Exci·

1325 1732 1411 1756 tantes
1425 1727 1455 1756 in
1469 1725 1602 1756 Eccleiiis
1616 1725 1668 1755 suis
1688 1725 1721 1756 δε
1742 1724 1799 1754 aliis
1823 1724 1913 1754 Locis
1934 1724 2071 1762 publicis,
2088 1727 2160 1756 inter
2184 1725 2334 1758 Missurum
2355 1729 2391 1760 ὃ(

1325 1763 1446 1794 aliorum
1463 1764 1643 1795 Divinorum
1658 1763 1836 1793 Officiorum
1858 1761 2024 1801 Solemnia,
2042 1773 2159 1794 necnon
2183 1765 2241 1796 aliis
2256 1766 2392 1805 Tempo-

1326 1803 1403 1833 ribus
1418 1804 1568 1842 congruis,
1587 1803 1690 1833 totiens
1716 1802 1846 1840 quotiens
1867 1801 1988 1838 requisiti
2009 1802 2127 1840 fuerint,
2145 1801 2392 1836 Excomrnunica⁴

1327 1850 1371 1871 tos
1385 1843 1418 1872 δε
1431 1842 1693 1872 Anathematizatos
1705 1841 1762 1871 eise
1781 1841 1814 1870 ὅ(
1837 1839 1997 1877 hujusmodi
2019 1841 2174 1871 Sententias
2194 1842 2229 1873 δε
2252 1841 2392 1874 Censuras

1326 1880 1475 1911 incurrisse
1488 1880 1604 1918 publice
1618 1880 1780 1916 Nuntient‚
1798 1878 1960 1916 faciantque
1981 1879 2019 1909 ab
2042 1879 2100 1910 aliis
2120 1879 2282 1920 Nunciari,
2301 1882 2334 1913 &
2354 1883 2391 1912 ab

1326 1920 1463 1950 omnibus
1483 1919 1588 1950 aretinis
1603 1919 1718 1956 evitari,
1736 1927 1787 1955 ac,
1801 1918 1933 1956 legitimis
1955 1916 2035 1955 super
2057 1918 2108 1948 hiis
2132 1919 2266 1949 habendis
2281 1920 2394 1951 servatis

1326 1956 1524 1996 ProceffibuS,
1543 1954 1680 1988 Censuras
1695 1958 1729 1988 &
1744 1955 1848 1986 Poenas
1862 1955 2024 1986 hu'usmodi
2047 1957 2149 1987 iteratis
2165 1959 2278 1989 vicibus
2297 1968 2393 1999 aggrae

1327 2005 1411 2034 vent,
1432 1995 1667 2028 Contradi&ores
1682 1995 1821 2033 quossibet
1835 1992 1868 2025 δι
1924 1994 2025 2025 ebelles
2045 2005 2093 2033 per
2111 1995 2269 2027 Censuram
2289 1997 2396 2029 Eccle-

1328 2033 1466 2066 fiasticam
1483 2036 1516 2066 ὃς
1529 2036 1580 2066 alia
1590 2034 1608 2069 J
1612 2035 1666 2065 uris
1681 2033 1825 2072 remedia,
1845 2033 2045 2072 Appellatione
2061 2034 2232 2072 postposita,
2252 2034 2396 2075 Compes⁴

1328 2075 1424 2119 cendo
1437 2097 1447 2113 ‚
1463 2075 1599 2106 invocato
1621 2073 1657 2105 ad
1681 2073 1740 2104 boc
1764 2072 1785 2103 sl
1806 2081 1879 2111 opus
1900 2072 1983 2104 fuerit
2008 2071 2125 2104 Auxilio
2145 2073 2257 2105 Brachii
2277 2074 2394 2107 Secula⁴

1330 2123 1380 2143 ris·

1367 2137 1444 2183 Nori
1460 2152 1636 2184 obstantibus
1654 2149 1916 2185 constitutionibus
1937 2152 1971 2183 &
1992 2149 2229 2184 ordinationibus
2247 2145 2396 2191 Apostoli-

1330 2192 1389 2229 cis,
1407 2191 1547 2222 conceffis
1566 2201 1680 2230 quoque
1696 2200 1746 2228 per
1761 2189 1830 2220 Nos
1844 2190 1877 2220 &
1891 2190 1993 2221 Sedem
2010 2191 2154 2228 praefatam
2181 2190 2339 2228 Privilegiis
2359 2193 2394 2224 &

1330 2229 1445 2261 Litteris
1459 2230 1651 2269 Apostolicis‚
1668 2230 1771 2269 quibus
1786 2229 1830 2259 illa
1844 2230 1928 2260 etiarn
1936 2228 1965 2268 fi
1977 2228 2009 2257 de
2022 2232 2061 2258 eis
2078 2240 2216 2270 eorumque
2229 2234 2295 2260 totis
2308 2234 2395 2260 Teno-

1329 2268 1416 2306 ribus,
1432 2269 1478 2300 seu
1496 2270 1604 2307 quaevis
1622 2271 1671 2299 alia
1688 2267 1827 2306 expressio
1842 2268 1968 2298 habenda
1987 2267 2074 2305 estet,
2090 2268 2123 2299 δε
2139 2270 2168 2298 in
2187 2270 2226 2299 eis
2246 2278 2394 2300 caveretur

1330 2308 1457 2344 expresse
1482 2308 1563 2345 quod
1589 2307 1639 2339 illis
1664 2317 1724 2337 non
1747 2306 1945 2344 intelligeretur
1970 2315 2095 2344 unquam
2114 2306 2322 2346 Derogatum,
2344 2307 2397 2338 nifi

1331 2346 1403 2376 dum
1418 2347 1451 2377 &
1490 2348 1598 2378 uotiens
1613 2347 1663 2376 sub
1681 2346 1764 2376 certis
1782 2346 1853 2375 inibi
1874 2343 2012 2382 Expreffis
2037 2344 2127 2375 modo
2153 2346 2187 2376 &
2211 2345 2306 2377 forma
2322 2356 2397 2377 con-

1331 2386 1451 2424 tingeret
1469 2356 1599 2424 derogari
1617 2384 1804 2416 Praesentibus
1818 2406 1828 2421 ,
1853 2393 1905 2422 pro
1932 2383 2070 2421 Expreffis
2087 2384 2122 2415 &
2143 2384 2253 2418 insertis>
2265 2386 2399 2418 habentes

1332 2423 1428 2462 quoad
1453 2424 1600 2455 Praemiss'a
1623 2423 1775 2462 specialiter
1805 2423 1839 2453 &
1869 2421 1996 2460 expresse
2029 2422 2210 2460 Derogamus
2240 2423 2398 2454 Contrariis

1332 2463 1550 2502 quibuscunque
1561 2486 1572 2500 ‚
1598 2464 1644 2494 seu
1660 2463 1679 2493 fi
1697 2461 1802 2497 eisdem
1823 2457 1980 2499 tEpiicopis
1993 2484 2004 2498 ‚
2028 2460 2188 2492 Abbatibus
2200 2477 2212 2499 ,-
2243 2461 2371 2492 Decanis
2386 2484 2396 2500 ‚

1334 2502 1568 2540 Archidhcoriis,
1588 2500 1780 2537 Reitoribus,
1799 2496 1919 2530 Vicariis
1937 2500 2093 2537 perpetuis,
2112 2499 2281 2538 Prioribus,
2299 2499 2396 2531 Guan

1332 2540 1420 2571 dianis
1435 2542 1468 2572 &
1486 2541 1544 2571 aliis
1559 2539 1759 2571 Ecclesiasticis
1776 2537 1900 2568 Personis
1910 2548 1946 2580 ac
1966 2537 2099 2568 Ducibus
2117 2538 2151 2568 &
2169 2538 2225 2568 aliis
2251 2539 2394 2576 pmdietis

1334 2579 1380 2610 vel
1418 2578 1539 2610 uibusvis
1555 2579 1750 2610 communiter
1771 2577 1820 2607 vel
1844 2577 1954 2606 divium
1971 2585 1987 2605 a
2005 2576 2082 2606 dicta
2107 2576 2138 2606 sit
2156 2576 2229 2607 Sede
2249 2577 2397 2608 indultum

1334 2628 1394 2656 quo
1433 2617 1586 2655 Interdici,
1604 2616 1741 2655 Suspendi
1759 2614 2062 2651 velExcommunicari
2080 2624 2139 2644 non
2194 2614 2259 2646 ffint
2273 2626 2322 2653 per
2332 2616 2398 2646 Lit-

1336 2665 1404 2686 teras
1423 2655 1604 2694 Apostolicas
1619 2679 1629 2694 ,
1647 2665 1708 2685 non
1728 2654 1859 2685 facientes
1877 2653 1988 2690 plenam
2005 2654 2038 2684 &
2057 2663 2141 2691 expre
2155 2661 2214 2684 iam
2232 2664 2265 2685 ac
2284 2655 2319 2686 de
2334 2664 2399 2685 ver-

1334 2695 1374 2725 bo
1391 2694 1427 2725 ad
1446 2695 1568 2724 verbum
1586 2693 1624 2724 de
1641 2693 1757 2724 Indulto
1774 2692 1933 2730 hujusmodi
1952 2693 2144 2730 mentionem,
2161 2693 2195 2723 &
2207 2693 2332 2731 qualibet
2348 2692 2401 2724 alia

1334 2733 1420 2763 dist-<e
1437 2733 1516 2763 Sedis
1530 2731 1706 2771 Indulgentia
1723 2730 1844 2770 generali
1863 2730 1908 2761 vel
1923 2730 2051 2768 speciali,
2070 2731 2261 2770 cujuscunque
2274 2733 2402 2762 Tenoris

1334 2771 1433 2802 existat
1446 2790 1456 2810 5
1481 2781 1531 2809 per
1555 2781 1643 2810 quam
1673 2769 1861 2800 Praesentibus
1880 2778 1939 2798 non
1955 2768 2108 2807 expressam
2129 2769 2174 2800 vel
2192 2770 2314 2801 toraliter
2333 2780 2396 2800 non

1332 2810 1464 2851 insertam
1481 2809 1601 2841 effecssims
1619 2819 1714 2845 earum
1731 2809 1862 2846 impediri
1880 2807 1970 2839 valeat
1990 2807 2208 2846 quomodolibet
2230 2808 2275 2839 vel
2301 2809 2400 2839 differ-

1334 2860 1373 2886 ri,
1389 2850 1421 2880 &
1439 2850 1475 2880 de
1493 2860 1547 2887 qua
1565 2849 1700 2886 cujusque
1717 2857 1783 2879 toto
1801 2847 1921 2877 Tenore
1940 2846 2071 2877 habenda
2086 2845 2121 2878 fit
2137 2847 2169 2877 in
2187 2846 2292 2878 nostris
2310 2847 2401 2877 Litte-

1334 2889 1370 2917 ris
1389 2890 1501 2919 mentio
1517 2888 1646 2927 specialis.

1372 2927 1456 2957 Nulli
1479 2937 1551 2963 ergo
1573 2927 1696 2957 omnino
1728 2925 1893 2956 Hominum
1917 2925 1999 2955 liceat
2027 2923 2100 2954 hanc
2127 2922 2167 2954 Pa
2189 2924 2262 2953 'nam
2290 2921 2397 2953 nostrae

1335 2963 1571 2996 Confirmationis
1587 2989 1596 3004 ‚
1616 2963 1837 3004 Approbationis
1853 2986 1863 3002 ‚
1881 2963 2121 2993 Pronuntiationis
2132 2985 2142 2999 ,
2190 2961 2397 3000 onstitutionis,

1335 3003 1540 3035 Declarationis
1554 3027 1563 3043 ‚
1577 3004 1747 3040 Supletionis
1761 3025 1771 3041 ,
1791 3002 1963 3032 Monitionis
1979 3023 1988 3039 ‚
2006 2999 2223 3038 Requisitionis‚
2241 2999 2397 3030 Inhibitio-

1334 3044 1376 3072 nis
1391 3065 1400 3081 ‚
1420 3043 1577 3073 Voluntatis
1592 3067 1601 3080 ,
1619 3042 1721 3073 Statuti
1734 3065 1743 3078 ‚
1764 3040 1882 3071 Decreti
1897 3064 1907 3078 ,
1928 3038 2128 3082 prohibitionis
2139 3060 2150 3076 ‚
2169 3037 2395 3079 Benefflffloffls,

1333 3079 1550 3119 Conceffionis,
1569 3080 1716 3118 Mandan,
1730 3081 1764 3112 &
1777 3079 1978 3118 Derogationis
1988 3075 2156 3114 infringere,
2175 3077 2237 3108 &c.

1371 3138 1439 3169 Dat.
1452 3140 1543 3168 Romae
1556 3136 1631 3173 apud
1641 3136 1771 3165 Saniffum
1784 3137 1915 3171 Petrum,
1932 3133 2021 3163 Anno
2035 3130 2240 3163 Incamationis
2252 3132 2395 3164 Domini-

1335 3187 1379 3208 cae
1400 3175 1558 3206 Millesirno
1572 3197 1581 3212 ,
1608 3173 1897 3212 Quadringentesimo
1911 3194 1921 3208 ‚
1944 3169 2151 3209 octuagesimo
2174 3170 2261 3202 Sexto
2277 3195 2289 3211 ,
2306 3171 2394 3204 Sexto

1337 3215 1402 3246 Kal.
1417 3215 1538 3252 Aprilis,
1556 3210 1746 3244 Pontificatsis
1763 3211 1850 3241 nostri
1863 3209 1951 3240 Anno
1962 3208 2106 3240 Secundo.

1373 3292 1412 3324 Μ
1420 3300 1440 3321 A
1450 3299 1482 3322 R.
1671 3329 1768 3357 Gratis
1782 3325 1815 3356 de
1827 3324 1968 3355 Mandata
1982 3326 2094 3354 Domini
2106 3323 2189 3363 nostri
2201 3327 2293 3365 Papae.

1619 3402 2057 3441 J0.LAURENT1U8pro
2074 3403 2108 3431 R.

1943 3476 2039 3509 Hie.
2057 3477 2297 3511 Britain-isi

1616 3555 1651 3586 L.
1671 3563 1721 3586 ni:
1742 3553 2065 3585 MARcEmes.

1537 3632 1590 3663 Sub
1609 3630 1700 3701 Sjgiltlo
1714 3631 1836 3671 plumbeo
1857 3643 1875 3662 a
1889 3630 1956 3662 Filis
1967 3633 2061 3662 Sericis
2074 3631 2162 3663 Flavi
2172 3630 2295 3671 rubeique
2306 3627 2397 3660 coloris

1563 3679 1618 3709 pen
1637 3682 1670 3701 en
1684 3683 1706 3701 e.

1378 3747 1684 3779 Innocenrms
1702 3746 1812 3778 Pau
1830 3746 1901 3785 viij:

1539 3884 1598 3915 Pro
1618 3878 1741 3914 Abbate
1758 3878 1950 3924 Cstncimfi‚
1975 3877 2013 3912 de
2036 3873 2198 3911 candum.

1346 3966 1466 4025 REX
1483 3966 1616 3998 universis
1629 3966 1663 3997 &
1678 3965 1790 4005 finguiis
1800 3964 1978 4000 Admirallis‚
1994 3961 2056 3992 &c-
2074 3959 2208 3991 Saiitem.

2413 256 2507 297 1486?

2396 301 2457 337 Heri.
2478 307 2506 332 7.

2409 1543 2429 1563 ἶ
2448 1541 2518 1571 ΧΠε

2410 1591 2477 1616 299-

2409 3974 2497 4001 Franc.
2519 3981 2530 3999 1

1440 4006 1537 4036 Sciatis
1551 4005 1631 4044 quod
1644 4005 1680 4035 de
1696 4005 1795 4035 Gratia
1807 4003 1902 4034 nostra
1914 3999 2044 4039 speciali,
2061 4008 2094 4028 ac
2109 4008 2144 4029 CX
2159 4001 2243 4031 certis
2259 3997 2398 4032 Confide-
2409 4013 2533 4047 H.7.m.9

1343 4044 1495 4078 rationibus
1508 4054 1561 4076 nos
1574 4044 1726 4083 specialiter
1740 4041 1926 4075 moventibus
1935 4061 1945 4078 ‚
1962 4037 2131 4077 suscepimus
2143 4039 2174 4071 in
2186 4038 2294 4073 salvum
2299 4037 2401 4108 cssucrgg
