2555 4266
635 158 1899 218 CONVENTIONES,'L1TER‘AE,

44 265 122 295 Ann.
139 261 182 294 D.
192 264 293 295 bilium
315 264 402 302 quarn
424 258 645 292 Communitatis
662 256 826 288 earumdem
847 255 977 301 Civitatis
992 255 1026 287 &
1041 253 1183 285 Dioecefis
1196 257 1247 284 Co·
1290 261 1374 290 rum,
1390 251 1505 290 quierit
1515 248 1734 296 Tertiusdecimus
1745 250 1883 295 Terminus
1898 257 1953 295 pro
1963 247 2048 280 Parte
2065 246 2222 280 Solutionis
2242 248 2350 294 Septin-
2368 247 2508 284 Ann.ssD,
2531 278 2536 281 ,

67 310 155 340 1499.
194 313 248 332 mes
268 306 420 337 Deveniae,
434 303 567 330 Dominus
586 296 716 336 Dynham
733 295 804 326 Baro
817 319 827 334 ,
842 297 974 324 Dominus
993 293 1026 339 de
1047 293 1136 323 Broke
1157 292 1244 330 Baro,
1288 298 1436 334 gentarum-
1449 289 1658 333 Qadrmgrnta
1678 286 1716 322 ὠ·
1739 297 1853 328 quinque
1875 285 1998 331 Milium
2011 290 2176 334 quonarum
2188 289 2268 340 rAuri
2281 295 2351 325 per,
2402 297 2489 328 1499,
2528 316 2535 329 ἡ

45 345 110 372 Hen-
130 350 156 376 7·
194 340 473 385 lValterur'Courtney
490 336 595 374 Miles,
613 335 647 366 &
662 333 807 373 Johannes
819 332 962 374 Halywell
974 332 1080 370 Miles,
1097 332 1131 363 &
1146 341 1248 370 quarn-
1295 324 1892 399 lgiesrlgggffisnissergcoffilevzrlffg’agxetrlnmCarolum
1905 324 2059 356 novrffirne
2080 325 2264 357 Defunstum
2282 324 2354 355 No-
2374 332 2438 355 Ηηι.
2458 334 2486 364 7.
2530 365 2535 370 ι

191 380 288 448 PluPig
296 380 381 447 aStii’m
396 412 593 445 Ecclefiastico
607 412 640 443 &
655 410 787 441 Clericali
803 408 936 439 Civitatis
956 410 991 441 &
1017 408 1158 440 Dioeccfis
1172 407 1249 439 Rof-
1336 410 1351 424 *
1373 407 1463 437 Prout
1487 407 1515 436 in
1537 405 1638 448 Literis
1660 388 1930 434 Gornmi'ffariomm
1945 400 2016 432 diffi
2030 401 2210 448 Illustriffirni'
2218 402 2356 440 Principis
2377 404 2393 422 ·
2414 404 2483 433 XII.

1297 449 1375 484 Regis
1387 444 1478 475 Caroli
1494 444 1607 483 plenam
1620 453 1649 472 in
1664 453 1695 472 ea
1711 450 1786 480 parte
1800 441 1836 470 ab
1859 450 1894 471 eo
1914 439 2084 471 Potestatem
2099 441 2279 479 habentium,
2297 441 2359 471 Da-
2379 451 2447 479 713·

192 183 271 234 136

195 457 276 486 sentis
297 454 434 493 Episcopus
448 450 575 494 Roffenfir
588 462 598 488 ,-
615 460 678 494 ¹pro
701 449 781 480 Statu
795 449 867 479 vero
881 447 1101 487 Tamporalium
1114 449 1174 478 tam
1181 447 1252 477 No-

52 1213 70 1227 *
84 1211 154 1239 XII.

54 1258 118 1285 7¹2·

191 495 292 524 billum
307 494 394 529 quam
411 490 634 521 Communitatis
651 486 817 518 earumdem
828 485 959 517 Civitatis
972 488 1005 518 &
1019 486 1159 517 Dicecefis
1175 484 1252 515 Wil-

190 532 292 563 lielmus
300 533 372 569 Page
387 529 520 565 Armiger
535 527 568 558 &
585 527 700 557 Thomas
711 525 840 566 Shemyng
850 525 883 555 δε
896 525 1072 568 quamplures
1085 525 1128 566 alii
1138 546 1147 560 ,

232 571 288 599 Pro
300 569 380 599 Statu
394 565 591 597 Ecclefiastico
604 566 637 597 &
654 565 785 596 Clericali
801 563 932 594 Civitatis
943 566 977 595 ὃς
992 563 1133 592 Dioecelis
1147 562 1251 591 Sarum

195 607 336 647 Enifiopus
354 610 450 636 Sarum
464 629 474 644 ,
499 604 598 634 Abbas
618 604 651 634 de
672 603 826 633 Abbendon
839 624 849 639 ‚
873 602 972 631 Abbas
992 602 1024 630 de
1047 600 1168 636 Redding
1183 622 1193 637 ,
1217 599 1251 641 Sc

194 643 293 678 Abhas
309 645 342 675 de
356 644 555 683 Malmerbm'y,¹
576 652 629 680 pro
646 642 724 673 Statu
741 643 813 672 vero
827 640 1045 681 Temporalium
1069 639 1127 680 tam
1152 637 1253 681 Nobi-

194 687 263 716 lium
278 685 365 722 quam
383 682 609 714 Communitatis
621 680 783 711 earumdem
797 679 928 708 Civitatis
942 679 976 708 &
996 676 1138 706 Dioecehs
1157 678 1253 705 Βουπ-

194 734 244 754 nm
254 723 287 753 de
301 721 465 761 Seyntmond
474 721 563 758 Baro,
581 717 735 759 Cristoforur
749 715 916 761 lilroughton
930 715 1035 752 MlleS,
1053 715 1086 745 &
1106 712 1252 752 Johannes

193 761 359 800 Turbervyle
374 761 473 797 Miles,
493 760 526 790 δί
541 759 720 796 quamplures*
733 757 792 788 alu,
817 794 822 799 ¹
869 793 875 798 Ι
932 793 936 797 ⁴
961 792 967 797 ·
1009 792 1015 797 .
1093 761 1100 767 ·
1144 791 1150 796 ⁶

232 800 289 830 Pro
303 802 382 830 Statu
397 801 470 829 vero
485 796 684 828 Ecclesiastico
699 796 731 825 &
747 793 876 823 Clericalr
900 790 1029 822 Crvrtatis
1051 791 1085 821 &
1110 788 1253 837 Dioecelis

194 838 374 870 Karliolensis
387 837 545 876 Episcopus
556 834 651 865 absens
665 834 728 871 quia
744 831 883 875 AEgrotns
891 842 906 874 :,¹
916 840 969 868 pro
986 830 1063 860 Statu
1079 828 1253 872 verosIJemf

195 878 336 916 puralium
351 878 409 908 tarn
426 875 581 906 Nobilium
595 874 680 909 quam
697 870 920 900 Communrtatis
941 868 1105 899 earumdem
1121 866 1253 909 Civitatis

197 918 231 948 &
246 916 390 946 Dioecefis
402 917 533 945 Dominus
546 912 578 942 de
592 909 708 950 Cliffinrd
722 909 808 945 Baro,
826 907 987 951 Edwarclus
1003 906 1137 945 Rechnayn
1153 903 1252 942 Miles,

197 956 232 986 &
249 953 413 984 Willielmus
428 955 543 990 Knyvet
557 948 664 985 Miles,
682 950 715 979 &
732 946 909 991 quamplures
922 946 984 982 al1i,
1131 983 1137 988 ·
1161 982 1166 987 ⁸
1212 981 1218 987 ·

238 993 373 1031 Qumis
393 997 561 1026 oMNfflus,
579 988 635 1017 una
650 995 719 1016 cum
736 986 794 1015 alus
808 995 837 1014 in
854 993 960 1022 magno
975 992 1111 1027 numero,
1129 981 1186 1012 rllrc
1210 991 1253 1026 ¹¹¹⁸,

199 1032 282 1063 simul
293 1030 459 1062 convocatis
473 1028 505 1058 δε
520 1023 848 1064 congregatis,ip1osque
856 1022 932 1053 Tres
947 1022 1037 1053 Status
1052 1030 1139 1052 totius
1152 1020 1252 1064 Regni

199 1070 289 1101 nostri
304 1068 414 1105 Angliae
431 1064 721 1103 RepraesentantibuS,
740 1061 893 1099 Nobisque
916 1062 946 1090 in
968 1061 1012 1091 illa
1025 1058 1255 1104 Congreganone

199 1110 229 1139 in
247 1107 340 1145 Regio
357 1104 458 1136 nostro
474 1104 554 1134 Solio
567 1111 599 1132 ut
611 1103 699 1132 moris
712 1101 753 1131 est
770 1100 953 1136 sedentibus,
972 1099 1009 1129 de
1032 1098 1136 1129 eisdem
1153 1097 1256 1128 nostris

199 1146 384 1177 Ordinatione
405 1145 438 1174 δε
461 1141 600 1173 Mandato
624 1141 729 1176 Lec‘ta,
749 1139 868 1175 Audita,
886 1137 1051 1175 Declarata,
1068 1146 1152 1174 atque
1167 1136 1255 1180 Intel-

197 1186 268 1215 ledia
276 1184 361 1214 -fuere
377 1181 507 1219 Capitula
523 1178 654 1218 quaedam
676 1177 771 1216 Pacis,
790 1176 1070 1212 Confoederationis,
1087 1177 1122 1207 &
1143 1175 1256 1206 Amici-

197 1224 264 1259 tiae,
279 1224 349 1252 inter
367 1222 387 1240 ²*
407 1222 467 1250 Nos
484 1228 518 1250 ex
533 1228 590 1248 una
603 1217 702 1254 Parte,
721 1218 754 1248 &
776 1215 948 1246 cariffimum
974 1215 1100 1246 Fratrem
1122 1215 1156 1245 &
1170 1213 1254 1244 Con-

196 1262 381 1299 sanguineum
396 1258 540 1295 nostrum,
557 1258 644 1287 bonae
668 1255 842 1291 Memoriae,
858 1258 954 1291 Regem
977 1252 1110 1283 Karolum
1132 1255 1256 1282 Franciae

138 1330 142 1332 i
199 1299 417 1331 Illustriffimum
429 1320 439 1335 ,
454 1297 537 1327 Parte
557 1304 591 1325 ex
614 1295 696 1336 altera
709 1317 719 1332 ,
734 1293 807 1331 apud
824 1291 950 1336 Stapulas
966 1292 1052 1360 βὸτι
1075 1294 1158 1336 Mare
1177 1299 1256 1334 prope

200 1338 358 1374 Boloniam,
374 1335 473 1367 Tertia
487 1334 547 1364 Die
564 1333 673 1364 Menlis
690 1332 870 1363 Novembris
886 1331 975 1361 Anno
1021 1341 1112 1361 omini
1135 1329 1256 1360 Milleli-

201 1387 253 1408 mo
261 1399 272 1415 ,
281 1373 566 1414 Qadringentelimo
574 1395 584 1410 ,
594 1371 794 1410 Nonagesimo
806 1369 930 1400 secundo
947 1369 1083 1400 factarum
1091 1392 1101 1407 ,
1108 1369 1237 1398 initarum
1247 1391 1257 1406 ‚

200 1417 235 1448 &
250 1414 477 1449 contractarum,
495 1420 610 1441 necnon
627 1419 677 1447 per
690 1409 861 1439 cariffimum
879 1408 1006 1439 Fratrem
1021 1409 1054 1439 &
1075 1407 1257 1444 Consangui-

200 1463 289 1484 neum
304 1452 433 1482 nostrum
458 1454 554 1488 Regem
574 1449 751 1479 Ludowicum
770 1450 892 1477 Franciae
911 1446 1132 1477 Illustrisfimum
1144 1447 1258 1484 imprae-

200 1492 350 1523 sentiarum
364 1490 545 1529 Regnantem
555 1511 566 1525 ,
581 1487 730 1526 postquam
746 1486 858 1517 Solium
874 1485 999 1525 Regium
1013 1485 1128 1523 adeptus
1143 1484 1185 1514 est
1197 1508 1206 1523 ,
1219 1483 1257 1514 de

202 1540 283 1562 novo
297 1528 531 1560 confirmatarum
547 1528 580 1557 ὅ(
597 1536 613 1556 a
627 1525 725 1556 Nobis
739 1533 937 1562 acceptarum,

237 1570 364 1609 Qorum
380 1567 486 1608 quidem
498 1564 680 1604 capitulorum
693 1567 779 1595 Tenor
785 1563 910 1604 sequitur
925 1566 954 1593 in
967 1562 1019 1592 hiis
1030 1562 1135 1601 verbis,

238 1646 418 1682 INPths,
434 1642 514 1682 quod
534 1643 640 1680 bonae,
658 1642 786 1678 sincerae,
805 1641 894 1671 firmae
910 1664 919 1679 ,
934 1642 967 1672 ὃς
982 1640 1124 1685 ,ρεῑῐεέὶεε
1146 1639 1199 1671 sint
1224 1640 1258 1672 &

202 1685 399 1716 inviolabiliter
413 1685 566 1714 habeantur
578 1683 612 1713 ὃς
627 1681 810 1711 observentur
831 1679 906 1716 Pax,
922 1680 1072 1716 Amicitia,
1097 1681 1131 1711 ὃ(
1153 1679 1258 1710 Foede-

202 1733 232 1754 ra
244 1725 316 1754 inter
330 1721 540 1752 Potentiffimos
554 1719 667 1757 Angliae
682 1717 720 1753 ὠ
734 1721 855 1748 Franciae
867 1721 949 1755 Reges
962 1718 1119 1749 antedi&os
1129 1727 1260 1755 ,eorum-

204 1762 271 1792 dem
286 1762 387 1792 Patrias
400 1761 434 1790 &
450 1759 591 1789 Dominia
605 1759 650 1788 sua
670 1766 877 1795 quaecumque,
894 1756 1045 1795 Haeredes,
1061 1756 1260 1796 Succeffores,

207 1799 356 1837 Varianos,
374 1807 458 1836 atque
471 1797 605 1827 Subditos
620 1795 683 1826 suos
698 1796 844 1833 praesentes
861 1796 895 1826 ὃς
909 1795 1030 1833 futuros,
1048 1805 1082 1825 ac
1106 1796 1258 1834 quoscum-

205 1848 262 1876 que
275 1838 410 1876 Alligatos
425 1837 458 1866 &
473 1834 696 1865 Confoederatos
710 1833 852 1871 utriusque
865 1832 1004 1871 Principis
1016 1835 1065 1871 qui
1078 1835 1107 1864 in
1120 1833 1170 1864 ista
1185 1834 1260 1865 Pace

1298 487 1333 515 tis
1351 484 1424 522 apud
1433 481 1651 522 Stapulasfiapra
1665 483 1751 511 Mare
1774 479 1877 510 Tertia
1895 477 1954 510 Die
1976 477 2085 509 Mensis
2106 478 2307 518 Novembris,
2324 481 2360 511 &

1297 533 1346 561 per
1364 522 1488 552 eundem
1504 520 1757 558 Consanguineum
1772 517 1903 548 nostrum
1919 519 2015 554 Regem
2032 517 2158 547 carolum
2173 518 2223 548 sub
2242 518 2359 557 Magno

1297 562 1348 591 suo
1373 560 1470 598 sigillo
1491 559 1565 598 apud
1586 557 1730 588 Mountilz
1751 555 1948 588 Sextadecimzi
1970 555 2029 585 Die
2057 555 2230 586 Decembris
2253 566 2360 588 extunc

1298 600 1432 636 proximo
1451 598 1584 635 sequente
1601 596 1805 632 Confirmatis,
1823 604 1938 625 necnon
1958 593 2058 624 Literis
2075 594 2128 624 suis
2149 594 2297 631 superinde
2315 596 2362 626 O·

1299 637 1469 675 bligatoriis,
1489 635 1571 665 Datis
1587 635 1662 673 apud
1674 634 1809 675 Amboyse
1822 631 2036 664 Tertiadecirna
2055 631 2114 662 Die
2127 633 2251 671 ejusdem
2269 633 2359 666 Men-

1299 675 1332 705 fis
1352 675 1525 705 Decembris
1541 697 1551 710 ,
1578 673 1667 703 Anno
1686 672 1809 703 Domini
1836 672 1994 702 Millelimo
2005 693 2016 710 ,
2043 670 2336 709 Qadringentefimo‘
2349 695 2361 712 ,

1299 712 1503 749 Nonagefimo
1521 711 1665 749 secundo,
1679 711 1838 748 pleniffime
1851 710 1960 754 liquet,
2203 748 2210 754 ·

1337 751 1418 789 Quas
1437 751 1552 789 quidem
1573 750 1679 780 Literas
1696 759 1728 779 ac
1747 750 1845 779 omnia
1863 751 1896 781 &
1915 748 2022 786 lingula
2039 756 2175 780 contenta
2200 758 2231 778 m
2256 747 2361 780 eisdem

1299 788 1498 820 Illustriffimus
1515 788 1649 825 Princeps
1666 790 1726 817 Rex
1738 787 1899 817 Lodowicur
1920 786 2157 824 Consanguineus
2170 786 2268 818 noster
2283 795 2364 818 ante-

1298 828 1409 865 ditZtus,
1427 838 1480 866 pro
1497 827 1551 865 Se,
1569 826 1756 864 Haeredibus,
1775 827 1809 858 &
1827 825 1978 864 Affignatis
1993 826 2062 864 suis,
2078 827 2258 866 Approbavit
2271 849 2282 864 ,
2299 825 2362 858 Ra-

1299 865 1435 905 tificavit,
1454 867 1488 898 &
1506 864 1715 902 Confirmavit,

1336 905 1432 943 Atque
1451 905 1486 935 ad
1503 904 1618 934 fidelem
1637 905 1670 935 &
1686 903 1813 933 debitam
1831 902 2014 933 Solutionem
2030 911 2089 942 atq,
2118 903 2364 942 Satisfaffionemg
2384 931 2387 934 ,

1299 942 1415 973 Residui
1434 944 1468 974 &
1488 942 1569 972 Resti
1586 942 1672 971 diet-ae
1691 941 1823 972 Summae
1835 943 2074 986 *Septingentarum
2096 942 2298 987 Qadragintq
2322 941 2362 977 &-

1298 979 1975 1062 {533'5125214'352Cgffzz-'fp'ssaeffss'saffrfffi
1991 980 2238 1058 &33:3¹2ssss
2254 981 2364 1050 {3555ss

1300 1060 1357 1090 suas
1375 1058 1503 1089 Parentes
1515 1081 1524 1095 ,
1552 1056 1667 1094 Magno
1681 1056 1780 1096 sigillo
1797 1056 1846 1086 suo
1865 1066 1983 1087 munitas
1998 1058 2032 1088 &
2051 1056 2146 1088 Manu
2163 1057 2211 1088 sua
2225 1058 2364 1096 subscrip-

1301 1106 1341 1128 tas
1355 1119 1365 1132 ,
1391 1097 1478 1128 Daras
1495 1096 1612 1137 Parrfius
1630 1094 1852 1133 Qartadecima
1870 1094 1929 1125 Die
1948 1095 2057 1125 Mensis
2069 1094 2138 1134 Julii
2154 1117 2164 1133 ,
2186 1096 2276 1128 Anno
2294 1096 2362 1127 Do-

1302 1137 1375 1166 mini
1395 1135 1566 1172 Millesimo,
1586 1134 1895 1171 Quadringentesimo,
1913 1133 2118 1170 Nonagefimo
2131 1134 2258 1173 o&avo·,
2274 1135 2311 1167 Se
2328 1135 2366 1167 de

1300 1184 1382 1205 novo
1399 1174 1591 1212 Haeredesque
1609 1172 1836 1216 &nSucceffores
1853 1172 1916 1203 suos
1935 1171 2073 1203 Astrinxit
2087 1171 2121 1202 &
2136 1171 2303 1216 obligavit,

1339 1213 1429 1244 Prout
1447 1214 1476 1243 in
1496 1213 1593 1243 Literis
1612 1211 1664 1241 suis
1681 1212 1796 1249 desuper
1817 1210 1960 1241 confeffis
1978 1210 2086 1249 plenius
2104 1220 2284 1250 contlnetur,

1339 1251 1389 1282 De
1415 1253 1516 1290 quibus
1542 1250 1657 1289 quidem
1675 1253 1783 1287 Viginti
1806 1248 1844 1284 ὠ
1865 1253 1980 1290 quinque
2000 1248 2127 1279 Millibus
2149 1252 2313 1280 Francorum
2334 1255 2364 1283 in

1302 1294 1410 1320 Coronis
1433 1293 1510 1320 Auri
1530 1290 1662 1319 Fatemur
1681 1288 1780 1319 Nobis
1797 1287 1916 1319 fideliter
1936 1288 1993 1318 esse
2009 1287 2142 1318 Solutum
2156 1311 2166 1326 ‚
2192 1289 2225 1320 &
2242 1289 2366 1322 eundern

1304 1329 1430 1359 Fratrem
1458 1331 1491 1361 &
1517 1327 1773 1364 Consanguineum
1797 1326 1927 1357 nostrum
1953 1330 2050 1364 Regem
2072 1326 2248 1358 Lodowicum
2263 1327 2368 1359 Haere-

1302 1367 1405 1406 desque
1427 1367 1490 1398 suos
1511 1367 1658 1405 superinde
1682 1367 1745 1396 fore
1772 1365 1896 1405 Qietos
1911 1388 1921 1405 ,
1949 1366 1982 1398 &
2001 1366 2102 1397 exinde
2119 1365 2204 1404 plene
2221 1366 2367 1399 Exonera-

1306 1416 1359 1438 tos.

1341 1444 1375 1474 In
1391 1445 1486 1483 cujus,
1504 1444 1567 1475 &c-

1337 1482 1427 1515 Teste
1444 1483 1526 1522 Rege
1543 1482 1618 1522 apud
1637 1481 1913 1523 westmonasterium,
1932 1484 2035 1522 quinto
2053 1481 2098 1514 die
2118 1481 2199 1514 Maii.

1990 1562 2045 1590 Per
2060 1559 2144 1600 ipficm
2157 1562 2262 1598 Regem.

1350 1707 1403 1739 De
1417 1703 1590 1748 Intercurfia
1608 1704 1766 1734 Mercinm
1784 1704 1860 1732 inier
1880 1698 2019 1733 Subditos
2034 1701 2151 1747 AnglIae
2163 1698 2207 1742 όν
2223 1704 2322 1735 Ducis

1581 1748 1757 1796 Burgundiae
1776 1748 1968 1793 Confirmatio
1988 1751 2086 1795 Regis.

1308 1835 1427 1895 REX
1447 1836 1580 1868 universis
1595 1835 1627 1867 ὅ(
1643 1833 1773 1872 singulis,
1790 1832 1825 1863 ad
1840 1842 1964 1872 quorum
1979 1834 2093 1864 notitias
2106 1835 2254 1872 przescntes
2264 1835 2370 1868 Literae
2388 1828 2466 1859 Asm-
2481 1828 2524 1861 D·

1386 1878 1584 1915 pervenerint,
1602 1874 1734 1904 Salutem.
2026 1910 2032 1915 Ι
2300 1902 2303 1903 ⁷
2411 1877 2499 1907 1499.

1343 1914 1542 1946 Imm-:xmus
1563 1920 1718 1952 Qiffinasi
1733 1910 1914 1942 Carnem
1936 1908 2204 1942 Mercimoniorurn
2227 1922 2260 1944 ac
2286 1910 2370 1944 Mer-
2390 1911 2442 1935 An.
2463 1917 2504 1944 ¹4·

1307 1955 1387 1984 cium
1405 1952 1581 1984 Intercursus
1594 1961 1664 1982 inter
1683 1949 1901 1981 Commiffirios
1920 1950 1953 1981 &
1973 1949 2109 1980 Oratores
2127 1950 2239 1980 nostros
2254 1960 2287 1982 ex
2303 1962 2368 1991 una,
2386 1950 2421 1973 H.
2442 1956 2468 1981 7.

1307 1994 1341 2024 δε
1360 1991 1579 2022 Commissarios
1598 1992 1631 2021 &
1646 1989 1782 2020 Oratores
1793 1988 1968 2019 Sereniffimi
1987 1987 2124 2026 Principis
2139 1991 2173 2020 &
2191 1988 2369 2030 Consangui-
2385 1989 2523 2020 Franc.r4,

1307 2033 1352 2062 nei
1371 2031 1459 2061 nostri
1475 2030 1604 2061 carissimi
1623 2028 1740 2067 Philippi
1757 2026 1921 2057 Archiducir
1939 2025 2062 2066 Austriae
2086 2025 2124 2062 (ῤ’
2146 2030 2230 2058 Ducis
2243 2031 2372 2067 Burgun-
2386 2028 2421 2050 H·
2432 2032 2503 2059 7.m.

1308 2071 1379 2110 diae,
1396 2069 1456 2106 ἀνι.
1474 2069 1604 2100 Partibus
1622 2077 1655 2098 ex
1673 2067 1772 2104 altera,
1787 2067 1860 2104 apud
1879 2065 1985 2097 Villam
2001 2064 2103 2096 Calefii
2121 2075 2209 2105 nuper
2224 2066 2382 2107 Comtnu->
2394 2063 2436 2089 ¹⁶·

205 1876 407 1913 comprehendi
420 1874 578 1910 voluerint,
594 1874 626 1904 ὃ(
641 1872 666 1902 se
680 1872 883 1911 comprehendi
898 1872 970 1903 velle
984 1873 1053 1902 infra
1068 1872 1146 1902 Tem
1187 1875 1259 1904 ra&

205 1916 256 1946 sub
270 1916 360 1944 forma
374 1914 490 1944 inferius
503 1913 617 1942 limitata
626 1911 842 1949 declaraverint,
862 1920 978 1941 necnon
995 1912 1067 1941 inter
1081 1910 1133 1942 Illu
1159 1911 1260 1941 riffima

205 1957 326 2023 §Smne
348 1951 386 2001 φ
406 1950 519 1990 Anglise
540 1950 661 1989 Regna,
679 1959 728 1988 per
750 1949 835 1981 Mare
846 1972 856 1988 ,
873 1949 975 1981 Portus
991 1949 1097 1989 Maris,
1116 1951 1149 1981 ὅ(
1166 1950 1262 1989 Aquas

257 2002 318 2030 ces,
334 2002 395 2026 etc.

245 2074 361 2112 Qibus
381 2072 495 2111 quidem
515 2071 652 2116 Capitulis
673 2072 710 2103 sic
732 2071 829 2104 Lenis
843 2096 854 2111 ,
871 2071 982 2103 Auditis
999 2094 1008 2109 ,
1029 2070 1186 2103 Declaratis
1202 2095 1211 2110 ,
1229 2072 1263 2102 ὅτ.

89 3752 164 3782 Arm.
176 3752 219 3784 D:
237 3757 292 3812 R

89 3801 200 3866 Αἷὶῗῖἶῖ

207 2111 373 2149 Ῑοῑειὶεᾶίε,
395 2113 456 2150 quia
471 2112 498 2141 in
515 2121 574 2142 uno
595 2111 720 2149 lpsorum
739 2111 940 2148 Capitulorum
962 2110 1121 2150 expressum
1143 2112 1176 2142 ὃς
1201 2120 1263 2140 me-

207 2160 349 2181 moratum
363 2150 404 2180 est
420 2150 498 2189 quod
508 2151 597 2181 ambo
611 2149 678 2180 Nos
693 2150 743 2187 ipsi
752 2149 846 2189 Reges
858 2151 1023 2181 tenebamur
1037 2151 1070 2181 &
1086 2149 1263 2187 promifimus

207 2198 258 2227 per
273 2189 348 2219 Tres
363 2189 454 2219 Status
466 2189 607 2226 utriusque
622 2188 793 2226 Regnorum
809 2188 972 2219 nostrorum
990 2188 1034 2218 illa
1048 2188 1177 2226 Capitula
1191 2197 1264 2218 con-

210 2227 330 2265 firmari,
350 2228 477 2257 ratificari
487 2250 496 2265 ,
515 2230 548 2259 &
563 2228 712 2265 approbari
726 2227 834 2265 facere,
851 2237 914 2257 eam
930 2228 970 2257 ob
982 2236 1043 2257 rem
1059 2227 1128 2257 Nos
1141 2236 1210 2258 tunc
1229 2227 1262 2257 &

209 2266 317 2297 ibidem
339 2276 374 2296 ex
396 2267 461 2296 rimi
482 2268 515 2297 &
530 2266 662 2296 declarari
682 2266 800 2296 fecimus
813 2266 949 2296 omnibus
967 2266 1023 2295 illic
1044 2267 1073 2295 in
1088 2265 1143 2303 ipsa
1155 2266 1263 2296 Trium

209 2304 339 2334 Statuum
383 2306 584 2343 ongregatione
599 2304 776 2334 existentibus
794 2314 827 2335 ac
848 2304 1023 2335 audientibus
1045 2313 1198 2342 quatenus,
1215 2304 1264 2333 ha-

210 2343 269 2373 bita
293 2344 364 2374 inter
384 2344 458 2380 ipsos
481 2342 695 2372 Consultatione
717 2341 887 2381 sufficienti,
910 2343 1096 2374 deliberarent
1119 2342 1140 2372 fi
1165 2342 1264 2373 eadem

211 2380 341 2419 Capitula
365 2381 463 2420 Pacis,
479 2381 739 2411 confoederationis
750 2405 759 2419 ,
777 2383 810 2412 δε
834 2382 979 2413 Amicitiae
990 2404 999 2419 ,
1015 2389 1148 2418 tanquam
1170 2381 1267 2419 Bona,

210 2419 418 2458 Rationabilia,
438 2419 584 2458 Honesta,
600 2429 684 2457 atque
696 2419 802 2457 Utilia,
822 2420 954 2452 ratificare
974 2422 1008 2451 &
1025 2419 1196 2451 confirmare
1216 2420 1267 2450 de·-

211 2458 311 2490 berent
324 2467 407 2496 atque
422 2459 526 2488 veilent
533 2459 611 2496 juxta
621 2459 772 2489 Tenorem
787 2458 909 2496 ipsorum
925 2458 1144 2498 Capitulorum,

250 2497 320 2534 Qia
333 2497 448 2534 quidem
464 2496 663 2527 Declaratione
679 2496 714 2526 de
731 2497 871 2527 Mandato
885 2497 984 2528 nostro
1000 2499 1036 2527 ita
1051 2497 1266 2535 facicimecnon

212 2543 261 2571 per
282 2536 396 2566 eosdem
415 2536 489 2566 Tres
512 2536 602 2565 Status
627 2535 782 2573 plenissime
809 2536 974 2573 intellecta,
1006 2536 1114 2566 Gentes
1142 2536 1267 2573 ipsorum

213 2573 318 2603 Trium
332 2574 478 2611 Statuum,
495 2574 746 2605 animadvertentes
761 2575 846 2604 nichil
862 2574 919 2605 effe
937 2577 998 2606 tam
1024 2584 1184 2613 congruum
1201 2574 1268 2604 Hu-

214 2619 306 2640 manae
322 2611 400 2641 Fidei
417 2612 502 2649 quam
517 2621 580 2649 quae
598 2612 682 2642 Paeta
697 2611 757 2642 sunt
767 2612 882 2649 servari,
901 2615 934 2645 &
952 2615 1099 2651 propterea
1114 2613 1268 2651 suppremis

215 2648 365 2679 affectibus
391 2652 535 2686 cupientes
555 2659 585 2680 ea
604 2659 667 2688 quce
682 2651 710 2679 in
725 2651 860 2687 pin-:didio
876 2651 955 2681 Pacis
967 2651 1102 2688 Capitulo
1119 2653 1152 2682 δε
1169 2654 1196 2681 in
1211 2652 1270 2682 aliis

216 2687 355 2724 Capitulis
367 2689 527 2725 praeinsertis
542 2687 683 2716 Promissa
702 2688 735 2717 ὃς
757 2688 912 2719 Conventa
934 2690 1012 2720 fuere
1029 2690 1185 2726 compleri,
1203 2690 1268 2728 post

215 2735 355 2756 maturam
370 2727 441 2755 inter
457 2725 527 2764 ipsos
543 2725 576 2754 ὃς
593 2725 747 2754 consultam
763 2725 1006 2756 Deliberationem
1016 2748 1026 2763 ,
1041 2727 1076 2757 de
1087 2737 1186 2757 eorum
1195 2738 1270 2758 certa

217 2763 340 2794 Scientia
353 2788 364 2801 ,
379 2773 456 2794 mera
469 2788 478 2799 ,
502 2764 649 2800 spontanea
663 2787 671 2799 ,
695 2764 728 2794 &
749 2765 867 2802 gratuita
893 2763 1047 2794 Voluntate
1064 2788 1074 2802 ,
1099 2775 1213 2795 necnon
1235 2767 1270 2797 de

215 2802 374 2840 Mandato,
394 2801 556 2838 Consensu,
575 2802 608 2831 ὃς
635 2801 789 2832 Voluntare
810 2801 932 2840 nostris,
947 2802 1014 2840 ipsas
1036 2802 1143 2833 Pacem
1159 2826 1168 2841 ,
1188 2804 1271 2834 Con-

215 2840 432 2871 foederationem
444 2863 454 2878 ,
473 2841 506 2870 ὃς
520 2840 709 2878 Amicitiam,
727 2842 760 2870 &
781 2840 899 2877 ipsarum
923 2841 1020 2879 Pacis,
1038 2841 1272 2873 Confoederatie—

217 2880 274 2917 nis,
291 2880 324 2910 &
343 2879 486 2908 Amicitiae
507 2877 636 2915 Capitula
659 2878 814 2915 praeinserta
836 2889 869 2909 ac
891 2880 989 2909 omnia
1015 2880 1048 2910 ὃς
1071 2880 1174 2918 singula
1189 2882 1218 2910 in
1234 2884 1272 2912 eis

217 2926 366 2955 contenta,
384 2926 516 2955 tanquam
542 2916 745 2952 Rationabilia,
765 2916 895 2947 Honesta
909 2941 918 2956 ,
939 2918 1027 2949 Uu‘lia
1044 2941 1054 2956 ,
1069 2927 1152 2957 atque
1176 2919 1274 2951 Com-

217 2956 304 2986 moda
315 2957 512 2992 laudaverunt,
527 2963 610 2992 atque
625 2955 848 2992 ratificaverunt,
866 2966 980 2987 necnon
1002 2966 1055 2993 pro
1075 2957 1208 2995 laudatis,
1225 2969 1274 2996 ap-

216 2995 356 3032 probatis,
375 2992 547 3024 confirmatis
562 3016 572 3031 ,
590 2994 623 3024 ὃς
647 2993 784 3024 rarificatis
807 2995 902 3025 haberi
925 2995 1076 3026 voluerunt
1093 2995 1127 3026 &
1150 2996 1275 3028 declara-

219 3042 293 3062 runt.

256 3070 288 3100 ln
311 3080 435 3109 quorum
453 3071 586 3101 omnium
608 3071 641 3102 δε
664 3070 839 3110 singulorum
857 3071 978 3111 Robur,
995 3072 1111 3113 Fidem,
1131 3075 1164 3105 &
1180 3074 1276 3104 Testi-

217 3110 368 3148 monium,
385 3111 466 3148 quia,
483 3109 640 3139 secundum
658 3109 779 3139 Morem
792 3133 801 3147 ,
822 3109 1067 3144 Consuetudinem
1085 3136 1095 3151 ,
1113 3113 1146 3143 &
1167 3112 1275 3144 Statura

218 3147 315 3186 Regni
333 3148 422 3178 nostri
446 3148 576 3186 Angliae,
589 3147 626 3177 de
643 3148 778 3178 omnibus
798 3148 928 3179 Decretis
942 3150 975 3180 &
992 3150 1139 3190 Auribus,
1156 3153 1204 3190 qui
1219 3161 1276 3182 tra-

220 3186 349 3224 ctantur,
364 3186 434 3217 fiunt
446 3186 480 3215 &
500 3185 708 3215 concluduntur
729 3187 759 3215 in
781 3185 1009 3226 Congregatione
1022 3190 1127 3220 Trium
1145 3190 1274 3220 Statuum

221 3224 303 3262 ipsius
322 3225 419 3264 Regni
441 3223 531 3254 nostri
553 3223 666 3260 Angliae
680 3247 690 3262 ,
716 3234 776 3254 non
797 3225 883 3255 solent
904 3236 996 3264 neque
1019 3228 1123 3258 debent
1144 3239 1275 3260 emanare

222 3263 322 3299 aliquae
338 3263 439 3294 Literae
455 3263 500 3293 vel
514 3262 701 3292 Instrumenta
714 3263 827 3299 publica
853 3264 884 3294 ὅ(
905 3266 1045 3296 autentica
1067 3267 1117 3296 nili
1135 3277 1203 3296 cum
1220 3268 1276 3298 At-

224 3300 368 3331 testatione
382 3303 416 3333 ὃ(
429 3300 530 3337 Sigillo
546 3300 659 3340 Regiis,
678 3301 787 3331 idcirco
808 3300 876 3331 Nos
895 3302 948 3332 hiis
969 3305 1148 3340 praesentibus
1162 3304 1276 3343 Literis,

226 3337 319 3407 lgigsnu
339 3339 435 3370 nostra
456 3340 563 3378 fignatis
578 3362 589 3378 ,
610 3340 743 3370 nostrum
766 3339 912 3378 Magnum
934 3340 1063 3380 Sigillum
1082 3345 1188 3380 apponi
1208 3344 1277 3375 feci-

265 3452 334 3496 Dat3
347 3454 417 3490 apud
430 3454 703 3496 Wstmonasterium,
728 3454 857 3493 Septimo
871 3454 931 3485 Die
943 3455 1065 3494 Aprilis,
1084 3457 1172 3487 Anno
1183 3456 1279 3488 Incar-

227 3499 346 3521 nationis
368 3491 532 3524 Dominicae
555 3494 711 3524 Millesimo
725 3516 735 3532 ,
757 3494 1063 3533 Quadringenrefimo,
1081 3495 1280 3534 Nonagesimo

231 3539 331 3566 nono,
350 3529 384 3559 &
396 3529 490 3568 Regni
503 3531 591 3562 nostri
609 3532 848 3571 Qartodecrmo.

491 3677 705 3721 Acquietantia
716 3688 771 3723 pro
786 3679 898 3710 Annua
916 3678 1020 3723 censii.

311 3796 444 3828 Salutem.

274 3832 372 3864 Sciatis
380 3835 452 3879 'Nos
463 3835 588 3875 Recepiffi
603 3836 637 3867 ὅ(
650 3837 794 3876 Habuiffi,
812 3838 869 3869 Die
876 3839 1076 3870 Confec‘tionis
1090 3839 1286 3879 Praesentium,

239 3868 274 3896 ab
288 3870 471 3904 lllustnffimo
486 3873 694 3911 Cariffimoque
709 3876 802 3906 Fratre
813 3878 846 3907 &
859 3877 1080 3918 Consanguineo
1096 3878 1196 3909 nostro
1215 3883 1284 3917 Rege

83 3910 225 3980 gq7icn114·
240 3907 380 3939 Lodowico
393 3912 530 3941 Gallorum
543 3915 680 3950 Principe,
699 3923 748 3950 per
765 3913 869 3944 Manus

393 3950 465 3986 apud
488 3950 592 3980 Villam
613 3951 738 3981 nostram
757 3951 873 3990 Celefii,
888 3956 996 3991 Viginti
1009 3954 1047 3989 &
1061 3957 1174 3995 quinque
1187 3954 1284 3985 Millia

240 3982 398 4013 Francorum
422 3990 451 4016 in
474 3991 581 4018 Coronis
599 3993 676 4018 Auri
696 3990 882 4027 (unoquoque
904 3992 1016 4023 Franco
1038 3993 1146 4031 Viginti
1167 3992 1280 4024 Solidos

239 4017 416 4062 Turonenses
428 4025 548 4063 valente)
562 4026 662 4057 Nobis
674 4027 773 4058 Primo
782 4027 838 4058 Die
846 4028 953 4060 Menfis
970 4030 1044 4061 Maii
1059 4032 1148 4062 Anno
1155 4029 1278 4062 Domini

236 4054 408 4097 Millesimo,
427 4062 725 4104 Quadringentesimo,
742 4065 940 4106 Nonagefimo
956 4069 1054 4100 Nono
1078 4069 1147 4101 solvi
1166 4069 1278 4102 debito-

294 3756 352 3788 EX
370 3758 502 3790 univerfis
516 3760 549 3790 &
565 3760 729 3800 singulis,ad
742 3773 812 3801 quos
823 3762 970 3801 praesentes
984 3763 1087 3794 Literae
1100 3766 1286 3803 pervenerint,

1308 2110 1397 2139 nicata
1412 2133 1422 2148 ,
1438 2107 1593 2139 Conventa
1606 2129 1616 2144 ,
1642 2106 1776 2136 Tractata
1786 2129 1795 2142 ,
1814 2104 2016 2147 Appundtuata
2029 2127 2039 2142 ,
2057 2103 2129 2136 Inita
2141 2127 2152 2143 ‚
2168 2104 2374 2145 Concordata,

1309 2149 1343 2180 &
1357 2147 1518 2185 Conclusa,
1536 2147 1615 2177 sicuti
1634 2146 1663 2175 in
1683 2144 1784 2175 Literis
1801 2142 1917 2183 deluper
1934 2144 2075 2174 confeffis
2094 2143 2202 2182 plenius
2219 2147 2374 2183 apparet&

1311 2195 1647 2266 cogitffiictirrz'fiterarum
1661 2224 1747 2253 Tenor
1753 2221 1896 2263 fimatur,
1912 2220 1950 2257 ὠ
1964 2220 2001 2262 est
2015 2220 2097 2261 talis,

1346 2301 1538 2332 Umverms
1558 2309 1604 2332 m·
1624 2308 1803 2338 smooms,
1827 2299 1861 2329 ad
1880 2309 1952 2337 quos
1977 2299 2122 2338 praesentes
2138 2299 2254 2332 Litterae
2270 2307 2372 2341 pervess

1311 2343 1420 2379 nerint,
1437 2341 1587 2376 Ricardus,
1605 2339 1791 2370 Permiffione
1813 2337 1939 2373 Divina,
1958 2337 2088 2378 Roffi’nfis
2110 2339 2204 2378 Epifio
2238 2351 2251 2370 s
2263 2365 2272 2379 ,
2293 2343 2337 2370 W
2337 2341 2374 2371 il·-

1309 2379 1412 2409 lielmus
1429 2379 1561 2410 warham
1581 2379 1692 2418 Legum
1708 2377 1823 2408 Dostor
1840 2376 1980 2407 Macister
1997 2378 2056 2407 live
2072 2376 2180 2408 Custos
2225 2379 2374 2410 otulorurn

1310 2418 1492 2449 Cancellariae
1509 2419 1539 2448 in
1557 2416 1812 2455 Anglia,Ricardu5
1827 2402 1948 2455 NanJ'an
1965 2415 2052 2446 Miles
2068 2415 2229 2454 Deputatus
2243 2417 2376 2449 Locum-

1311 2458 1429 2487 tencntis
1452 2456 1534 2487 Villae
1558 2455 1679 2492 Calesri,
1698 2455 1838 2492 Magister
1860 2454 1992 2484 Ricardus
2012 2457 2124 2485 Hatton
2146 2455 2287 2494 utriusque
2299 2456 2376 2495 Juris

1311 2495 1442 2532 Doc'tor,
1462 2494 1606 2532 Johannes
1622 2493 1771 2534 Tubereyle
1790 2492 1876 2523 Miles
1891 2493 2093 2524 Thesaurarius
2114 2492 2197 2523 Viuae
2217 2495 2377 2534 praedictae,

1312 2536 1438 2572 Sampson
1455 2536 1565 2563 Norton
1583 2533 1669 2563 Miles
1680 2533 1792 2570 Janitor
1806 2531 1927 2571 ejusdem
1944 2531 2044 2569 Villae,
2063 2532 2097 2562 &
2118 2532 2264 2562 Adrianus
2282 2535 2326 2562 W
2327 2533 2376 2563 he-

1312 2572 1378 2602 thill
1399 2572 1525 2610 ejusdem
1550 2572 1633 2602 Villae
1658 2570 1931 2609 Contrarotulator,
1956 2569 2174 2601 Ambassiarores
2189 2594 2199 2610 ,
2223 2570 2380 2612 Oratores,

1314 2610 1575 2648 Procuratores,&
1590 2609 1782 2640 Commissarii
1798 2608 1988 2639 Potentilfimi
2001 2618 2035 2638 ac
2052 2606 2278 2640 Metuendiffimi
2293 2609 2378 2641 Prin-

1316 2651 1386 2688 cipis
1401 2649 1525 2679 Domini
1540 2651 1672 2686 Hem-ici,
1688 2648 1744 2678 Dei
1768 2647 1874 2686 gratia,
1892 2649 1969 2685 Regis
1991 2645 2105 2684 Angliae
2124 2646 2163 2683 ὠ·
2180 2650 2322 2688 Franciae,
2339 2648 2382 2687 ὥσ,

1316 2691 1427 2717 Domini
1441 2687 1599 2725 Hiberniae,
1617 2687 1752 2717 Salutem.

1351 2725 1494 2756 ΝοτυΜ
1513 2733 1657 2755 Pacuius
1675 2723 1755 2762 quod
1770 2723 1856 2762 Nos,
1874 2723 2094 2755 Ambaffiitores
2105 2747 2115 2763 ,
2133 2723 2286 2763 Oratores,
2303 2723 2381 2756 Pro-

1316 2773 1458 2793 curatores
1473 2788 1482 2800 ,
1504 2764 1538 2793 &
1564 2762 1761 2793 Commissarii
1782 2763 2026 2800 supranominati,
2052 2773 2106 2800 pro
2136 2762 2379 2794 Excellentiffimo

1317 2802 1452 2839 Principe
1479 2801 1578 2832 nostro
1606 2804 1674 2839 Rege
1696 2801 1832 2830 antedit‘io
1851 2809 1935 2838 atque
1964 2802 2021 2837 ejus
2041 2801 2179 2832 Nomine
2195 2825 2205 2840 ,
2229 2801 2378 2833 sufficienti

1317 2840 1494 2870 AuCtoritate
1508 2841 1590 2870 nobis
1604 2841 1632 2869 in
1647 2842 1699 2870 hac
1714 2849 1792 2877 parte
1806 2840 1843 2869 ab
1857 2839 1960 2869 eodem
1973 2838 2107 2877 Principe
2130 2850 2179 2877 per
2196 2840 2302 2872 Literas
2319 2841 2380 2871 suas

1316 2878 1447 2909 Parentes
1460 2878 1611 2909 commissa
1627 2879 1760 2917 (quarum
1773 2878 1874 2908 Tenor
1895 2878 2009 2908 inferius
2029 2877 2161 2915 sequitur)
2185 2889 2255 2909 curn
2278 2879 2380 2909 Reve-

1318 2916 1407 2947 rendo
1422 2918 1450 2946 in
1468 2916 1588 2948 Christo
1605 2916 1688 2947 Patre
1703 2916 1837 2947 Domino
1853 2918 1971 2946 Henrico
1983 2916 2015 2945 de
2028 2919 2122 2953 Bergis
2134 2919 2189 2954 Epi
2202 2924 2260 2954 copo
2281 2920 2379 2945 Came-

1317 2955 1417 2995 racenfi
1429 2957 1462 2987 &
1481 2959 1580 2984 comite
1594 2955 1777 2995 Cameracenfi
1799 2955 1917 2985 Ordinis
1937 2955 2053 2985 Velleris
2077 2956 2162 2985 Aurei
2183 2954 2378 2992 Cancellario,

1320 2993 1465 3031 Magistro
1485 2993 1617 3033 Johanne
1639 2997 1765 3031 San-suge
1784 2992 2017 3024 Flaundrensium
2037 2993 2224 3030 pretendente,
2240 2991 2379 3023 Domino

1318 3032 1436 3062 Daniele
1459 3032 1490 3062 de
1517 3035 1603 3062 Praet
1624 3032 1719 3063 Milite
1741 3031 1847 3062 Ballivo
1870 3031 2010 3068 superiore
2033 3030 2169 3061 Flandriae
2193 3030 2328 3062 Domino
2340 3031 2380 3063 de

1319 3070 1489 3109 Meruwez,
1507 3073 1540 3103 ὃ(
1563 3071 1704 3110 Magistro
1725 3070 1826 3100 :thoma
1847 3069 1878 3099 de
1891 3069 1921 3099 la
1943 3072 2054 3108 Papoire
2073 3068 2211 3099 Domino
2226 3070 2261 3101 de
2282 3071 2381 3110 Pipoy

1322 3109 1465 3148 Magistro
1492 3109 1701 3147 Requestarum
1736 3107 1861 3148 Hospitii
1888 3107 2065 3138 Illustriffimi
2088 3106 2228 3145 Principis
2248 3107 2377 3140 Domini

1320 3148 1482 3178 Archiducis
1500 3148 1622 3187 Austriae
1642 3147 1680 3184 dev
1703 3150 1787 3177 Ducis
1810 3146 1975 3183 Burgundiae
1986 3168 1997 3183 ,
2019 3144 2080 3180 &a
2099 3145 2352 3178 Ambaffiatoribus
2365 3170 2378 3186 ‚

1321 3186 1506 3222 Oratoribus,
1525 3185 1774 3224 procuratoribus,
1791 3186 1824 3217 &
1850 3183 2057 3215 Commiffariis
2076 3184 2183 3220 praefati
2204 3184 2378 3216 Sereniffimi

1319 3224 1458 3262 Principis
1483 3223 1598 3263 Philippi
1616 3225 1774 3255 Arrhiducis
1793 3222 1932 3261 Austriae,
1950 3225 2034 3252 Ducis
2054 3223 2218 3259 Burgundiae
2230 3245 2242 3261 ‚
2261 3222 2321 3259 &c.
2344 3225 2380 3256 &

1319 3264 1355 3293 ab
1369 3265 1472 3293 eodem
1487 3263 1619 3301 Principe
1632 3265 1660 3293 in
1677 3265 1730 3294 hac
1747 3271 1823 3302 parte
1835 3260 2020 3291 sufficientem
2032 3260 2243 3292 Auctoritatem
2262 3272 2310 3300 per
2326 3262 2380 3292 Li-

1320 3310 1389 3332 teras
1404 3303 1461 3332 suas
1475 3302 1604 3333 Patentes
1618 3301 1782 3332 habentibus
1799 3301 1930 3338 (quarum
1943 3300 2028 3330 etiam
2043 3298 2145 3330 Tenor
2156 3299 2272 3331 inferius
2285 3301 2379 3340 sequi-

1320 3341 1377 3377 tur)
1401 3339 1616 3378 Convenimus,
1635 3339 1839 3370 Contraximus
1851 3361 1862 3377 ‚
1880 3338 1914 3369 &
1935 3337 2158 3374 Conclufimus,
2173 3348 2206 3368 ac
2227 3348 2277 3376 per
2301 3339 2380 3370 Prae-

1320 3379 1408 3408 sentes
1429 3377 1645 3416 Convenimus,
1663 3377 1885 3415 Contrahirnus,
1900 3377 1933 3408 ἃ
1957 3375 2168 3407 Concludimus
2186 3385 2287 3408 omnes
2305 3378 2324 3398 ²¹*
2346 3379 2380 3411 &

1322 3416 1361 3446 fin
1401 3416 1444 3446 los
1457 3416 1596 3446 Articulos
1609 3418 1636 3445 in
1655 3416 1748 3445 forma
1761 3416 1911 3454 sequente,

1375 3463 1398 3484 N
1421 3462 1561 3491 Pauus,
1593 3454 1781 3484 Conventum
1798 3477 1808 3492 ,
1842 3452 2062 3484 Concordatum
2083 3453 2117 3484 δε
2139 3453 2316 3485 Conclusum
2338 3455 2382 3487 est

1323 3492 1421 3538 quod,
1439 3492 1601 3522 immediate
1615 3491 1679 3529 post
1695 3491 1799 3521 Datam
1816 3492 1849 3523 δε
1867 3490 2094 3522 conclusionem
2110 3493 2248 3530 praesentis
2258 3494 2382 3526 Tracta—

1322 3539 1385 3569 tus,
1403 3531 1440 3560 de
1459 3531 1585 3568 quolibet
1604 3530 1696 3559 Sacco
1718 3529 1866 3567 cujussibet
1883 3530 1991 3568 generis
2009 3528 2168 3570 Lanarum,
2185 3532 2220 3562 ad
2235 3532 2381 3570 Stapulam

1324 3569 1424 3600 Calefii
1438 3569 1626 3598 traductarum
1643 3569 1675 3598 δε
1691 3568 1942 3606 traducendarum,
1961 3568 2077 3600 durante
2095 3570 2240 3600 Termino
2254 3571 2379 3602 Duode-

1326 3609 1385 3638 cim
1400 3607 1552 3637 Annorum
1570 3608 1703 3646 proximo
1717 3607 1892 3645 sequentium
1909 3606 1974 3644 post
1990 3606 2096 3637 Datarn
2112 3607 2311 3646 Praesentium,
2327 3618 2382 3640 una

1327 3645 1468 3676 Medietas
1490 3645 1598 3675 Marcae
1618 3645 1775 3682 deponetur
1795 3645 1828 3676 &
1847 3645 2043 3678 defalcabitur,
2061 3646 2111 3676 nisi
2137 3647 2211 3677 forte
2223 3656 2328 3684 magna
2343 3647 2378 3678 &

1325 3685 1438 3714 notoria
1458 3683 1568 3714 Ovium
1594 3684 1749 3714 Mortalitas
1771 3685 1799 3713 in
1817 3683 1924 3721 Regno
1944 3684 2055 3723 Angliae
2076 3686 2188 3715 interim
2208 3686 2381 3724 contigerit;

1325 3733 1390 3761 quae
1403 3721 1516 3760 quidem
1531 3722 1644 3753 Ovium
1662 3721 1819 3753 Mortalitas
1836 3732 1886 3760 per
1907 3724 2000 3753 bonos
2021 3723 2055 3754 &
2078 3723 2267 3754 indifferentes
2281 3723 2383 3762 Viros,

1326 3763 1356 3791 in
1372 3761 1425 3791 hac
1445 3770 1520 3797 parte
1535 3770 1633 3790 coram
1651 3760 1833 3790 Thesaurario
1857 3760 1966 3799 Angliae
1983 3761 2105 3799 juratos,
2123 3763 2204 3791 omni
2228 3761 2321 3790 iraude
2345 3763 2380 3794 &-

1327 3800 1398 3830 dolo
1412 3800 1439 3828 in
1455 3809 1484 3829 ea
1498 3808 1573 3836 parte
1592 3799 1731 3837 cenante,
1750 3799 1948 3829 aestimabitur:
1969 3800 2005 3829 de
2018 3809 2072 3836 qua
2084 3798 2397 3836 quidem-Mortalitate

1325 3837 1524 3869 Thesaurarius
1542 3837 1654 3876 Angiiae
1673 3839 1720 3874 qui
1738 3847 1789 3875 pro
1803 3846 1932 3875 tempore
1946 3838 1998 3868 erit
2012 3837 2226 3868 Illustriffimum
2234 3840 2384 3869 Dominum

1326 3875 1506 3906 Archiducem
1519 3884 1565 3905 aut
1577 3878 1632 3909 eius
1646 3875 1866 3906 Commissarios
1881 3886 1929 3913 per
1947 3875 2055 3906 Literas
2070 3876 2120 3905 sub
2135 3875 2232 3912 sigillo
2254 3875 2304 3907 suo
2319 3887 2384 3908 cer-

1326 3915 1456 3951 tiorabit,
1477 3924 1535 3952 quo
1552 3913 1624 3944 Casu
1641 3915 1737 3944 licebit
1754 3913 1963 3944 Mercatoribus
1981 3914 2104 3951 Stapulae
2126 3913 2288 3953 praedicstae,
2308 3925 2384 3953 prae-

1324 3953 1392 3989 senti
1406 3953 1534 3982 Articulo
1551 3962 1609 3982 non
1628 3953 1774 3990 obstante,
1789 3953 1882 3982 dic'tos
1905 3952 2010 3982 Saccos
2030 3950 2208 3988 praefatarum
2232 3953 2378 3989 Lanarum

1324 3992 1358 4022 &
1377 4000 1477 4021 eorum
1500 3991 1679 4028 quemlibet,
1704 3991 1782 4021 dieta
1805 3990 1886 4020 Peste
1903 3991 1938 4021 &
1958 3991 2015 4027 ejus
2033 3987 2140 4020 effec‘tu
2163 3990 2280 4022 durante
2293 4015 2303 4030 ,
2320 3991 2379 4022 fine

1321 4029 1522 4100 tli)iminuti0ne
1536 4037 1581 4060 aut
1599 4028 1797 4061 Defalcatione
1809 4037 1989 4069 quacumque
2002 4026 2091 4058 libere
2114 4029 2148 4060 &
2166 4030 2285 4069 impune
2300 4029 2382 4060 Ven-

1341 4077 1396 4100 ere.
1975 4071 1980 4077 ‘

2264 4103 2356 4135 Iri-,M
2368 4127 2380 4143 ,

2397 3383 2493 3411 *xm
2525 3386 2527 3388 ’
2554 3373 2555 3376 ’

2398 3431 2461 3458 714.
