2555 4266
229 146 311 185 πμ

677 118 1493 171 coNVENrtoNEQ

1550 115 1957 169 LITERAE,

81 218 159 250 Ann⁴
171 219 209 249 D.
232 220 331 250 merita
351 217 498 255 puniatur,
517 213 615 245 nostro
635 212 766 252 praesenti
785 212 863 244 salvo
882 211 1045 243 Conduftu
1068 209 1162 249 quoad
1183 209 1250 241 alios
1268 208 1298 238 in
1334 205 1390 236 stra
1409 203 1543 241 dignetur
1556 202 1725 241 Beatitudo,·
1745 212 1833 242 quam
1848 202 1947 243 Deus,
1961 203 2138 243 quaesumus,
2147 201 2308 235 diutiffime
2323 203 2408 233 inco-
2428 197 2505 228 Ann-
2520 202 2553 234 D

104 260 192 299 1434.
233 258 283 289 suo
298 258 403 288 robore
421 263 611 292 permanente.

82 301 132 327 Ric.
153 308 177 334 3.
271 295 310 326 Et
328 296 395 326 ideo
411 294 494 323 vobis
508 292 697 328 mandamus,
716 291 776 322 &c.

235 412 254 443 d
272 372 306 402 In
323 371 420 409 cujus,
437 370 498 401 &c.
518 369 604 408 usque
617 368 651 399 ad
668 366 801 398 Primum
817 366 908 397 Diem
925 365 998 396 Maii
1013 366 1149 405 proximo
1180 364 1306 395 futurum

257 419 386 442 uraturas.

273 486 364 518 Teste
373 486 456 525 Rege
470 484 543 524 apud
559 484 666 526 lli-stm.
685 485 748 516 &c.

434 614 494 645 Pro
520 607 743 654 Constabulario
765 611 875 643 Turris
900 604 1115 644 Londonietfis.

86 713 165 744 Ann-
176 711 220 742 D.
245 696 364 756 REX
378 697 544 745 Omnibus,
562 695 597 726 ad
612 706 701 735 quos,
717 696 778 727 &c.
798 693 932 724 Salutem.

86 753 196 819 Aff'gff’
280 736 445 806 Cdgcffitgss
454 735 635 812 c{igr'dssiteras
651 772 760 802 nostras
776 771 923 808 Patentes,
942 776 1063 807 quarum
1079 766 1156 797 Data
1171 762 1212 794 est
1233 759 1309 799 apud

241 813 534 845 Westmonasteriurn
556 813 686 843 Decimo
706 810 827 846 septimo
853 808 913 839 Die
935 808 1002 846 Julii
1026 805 1131 836 ultimo
1153 809 1312 846 praeoeruo,

243 853 480 884 Consideratione
495 853 563 882 boni
575 852 607 881 ὃς
622 849 708 879 fidelis
724 849 835 879 Servitii
855 846 934 883 quod
953 845 1083 876 Dileetus
1105 843 1235 872 Serviens
1259 848 1314 882 no-

243 891 300 922 ster
315 892 448 922 Robertus
462 889 636 928 Brakenbery
652 887 752 918 Nobis
768 886 909 923 impendit
923 885 957 915 ὅ(
977 891 1081 914 eXtunc
1097 878 1270 918 impenderet
1284 886 1312 906 m

289 941 320 960 ur

243 931 454 1000 fubemG'ratia
478 964 575 996 nostra
594 963 706 1002 speciali
730 962 962 993 Concefferimus
985 959 1078 990 eidem
1099 956 1215 987 Roberto
1234 953 1313 985 Offi-

243 1009 323 1040 cium
341 1005 550 1037 Constabularii
569 1004 670 1033 Turris
687 1002 792 1032 nostrie
807 1001 987 1035 Londoniae,
1006 996 1186 1028 Habendum
1203 995 1236 1025 &
1251 993 1315 1024 Oc-

242 1046 408 1085 cupandum
430 1044 540 1074 diffiturn
560 1041 705 1072 Officium
728 1050 777 1078 per
799 1039 836 1070 Se
853 1039 898 1069 vel
912 1048 961 1076 per
979 1035 1167 1067 sufficientem
1185 1032 1316 1078 Deputa-

242 1094 306 1117 tum
321 1084 401 1114 suum
411 1107 420 1120 ,
436 1093 490 1118 pro
502 1081 646 1112 Termino
661 1079 737 1109 Vitae
752 1078 806 1109 sure
817 1102 826 1116 ‚
842 1088 909 1107 cum
924 1074 1102 1107 omnimodis
1117 1073 1231 1110 vadus,
1241 1071 1314 1103 Feo-

242 1125 299 1159 dis,
319 1122 474 1158 Proficuis,
493 1121 526 1151 &
545 1121 604 1151 aliis
627 1117 890 1148 Commoditatibus
908 1115 1002 1145 eidem
1016 1113 1130 1144 Officio
1148 1110 1315 1154 Constabu-

241 1164 300 1196 larii
323 1161 525 1200 pertinentibus
548 1159 603 1189 sive
625 1156 815 1195 quovismodo
835 1155 1040 1194 spectantibus,
1057 1161 1143 1191 prout
1163 1152 1192 1181 in
1215 1149 1317 1181 Literis

242 1201 408 1233 Patentibus
418 1199 471 1230 illis
485 1198 593 1237 plenius
608 1197 788 1232 continetur,

278 1239 400 1278 Jamque
415 1247 447 1269 ex
466 1237 548 1267 Parte
556 1235 682 1274 praea'iffi
696 1234 807 1263 Roberti
820 1233 980 1270 accepimus
997 1230 1078 1269 quod
1093 1229 1166 1269 ipse,
1182 1229 1264 1259 certis
1280 1226 1317 1258 de

245 1278 361 1317 Cauiis,
380 1279 408 1307 in
421 1277 566 1307 voluntate
580 1273 672 1304 existit
692 1273 799 1303 Literas
822 1272 880 1303 illas
901 1273 929 1301 in
955 1270 1162 1301 Cancellariam
1189 1266 1315 1297 nostram

246 1317 391 1348 restituere
404 1313 622 1351 Canceltandas,
644 1311 677 1342 ea
692 1312 849 1342 intentione
864 1309 945 1349 quod
962 1309 1031 1339 Nos
1046 1308 1082 1338 de
1096 1307 1221 1338 uberiori
1241 1305 1317 1336 Gra-

247 1358 285 1388 tia
301 1355 393 1386 nostra
410 1354 474 1385 alias
492 1353 597 1383 Literas
611 1351 720 1381 nostras
739 1350 868 1380 Parentes
883 1349 951 1379 inde
968 1349 998 1378 in
1015 1346 1112 1378 sormi
1131 1346 1258 1385 sequenti
1279 1348 1318 1374 ei-

249 1395 309 1425 dem
327 1394 441 1424 Roberto
455 1391 618 1423 concedere
632 1390 832 1426 dignaremur,

287 1433 369 1470 Nos,
387 1432 613 1463 consideratione
625 1429 696 1459 boni
713 1429 746 1459 &
763 1427 852 1458 fidelis
865 1425 977 1457 Servitii
998 1435 1048 1463 per
1072 1422 1156 1464 ipficm
1173 1422 1320 1453 Robertum

245 1481 310 1502 ante
324 1472 385 1502 haec
400 1480 528 1510 tempora
544 1469 642 1499 Nobis
656 1467 722 1497 faeti
737 1467 770 1497 δε
784 1464 974 1504 imposterum
992 1462 1076 1494 fiendi
1087 1486 1097 1501 ,
1114 1473 1148 1494 ac
1163 1463 1246 1493 certis
1264 1461 1322 1490 aliis

247 1509 533 1541 Considerationibus
557 1507 627 1538 Nos
649 1505 799 1544 specialiter
821 1504 1021 1540 moventibus,
1046 1502 1081 1532 de
1103 1501 1200 1532 Gratia
1223 1499 1319 1531 nostra

248 1550 359 1586 speciali
387 1549 527 1578 Dedimus
547 1548 581 1578 &
609 1544 828 1581 Conceffimus,
847 1553 880 1573 ac
902 1552 952 1579 per
974 1541 1128 1572 Praesentes
1151 1540 1264 1571 Damus
1285 1540 1319 1570 &

249 1588 450 1619 Concedimus
465 1587 548 1616 eidem
560 1584 675 1614 Roberto
690 1583 802 1613 dictum
822 1581 967 1612 Officium
982 1579 1193 1610 Constabularii
1217 1578 1321 1609 Turris

249 1627 356 1659 nostrae
380 1625 545 1656 Londoniae
570 1622 732 1662 praedic'lae,
750 1632 783 1651 ac
803 1620 886 1659 ipficm
909 1619 1055 1649 Rohertum
1068 1617 1320 1649 Constabularium

250 1666 353 1696 Tun-is
376 1664 481 1695 nostrae
503 1662 648 1701 praedststae
664 1659 890 1697 constituimus,
910 1659 1057 1696 Facimus,
1076 1656 1270 1695 ordinamus,
1287 1656 1321 1687 &

251 1704 434 1741 Depuramus
451 1713 500 1741 per
518 1701 670 1731 Praesentes
681 1722 690 1736 ,
708 1698 883 1729 Habendum
900 1698 934 1728 &
950 1695 1165 1734 Occupandum
1179 1694 1321 1725 Officium

273 1743 421 1774 raedictum
441 1739 563 1780 prefato
583 1739 712 1775 Roberto,
730 1747 763 1768 ac
787 1737 862 1766 idem
887 1735 1030 1766 Officium
1052 1733 1264 1772 occupandum
1288 1734 1321 1764 ὃς

250 1753 470 1814 ἓπσετςεηάιιπι
496 1789 545 1819 per
565 1779 602 1807 Se
623 1778 667 1807 vel
689 1785 738 1814 per
754 1775 940 1807 sufficientem
957 1773 1137 1812 Deputatum
1152 1773 1252 1812 suum,
1269 1782 1321 1811 pro

252 1821 398 1852 Termino
417 1818 492 1850 Vitae
505 1817 581 1857 ipfius
595 1816 706 1846 Roberti
715 1838 724 1851 ‚
988 1848 991 1851 ι

290 1859 326 1889 Et
347 1858 474 1895 insuper,
492 1857 528 1887 de
549 1855 648 1886 Gratia
667 1853 761 1885 nostra
779 1851 931 1891 praedi&a,
956 1851 1055 1882 Sciatis
1065 1850 1136 1882 Nos
1153 1849 1273 1882 Dedisse
1291 1851 1324 1882 &

253 1908 304 1937 per
316 1897 468 1928 Praetentes
482 1891 791 1933 Conceffilsepraefato
807 1891 939 1928 Roberto,
958 1891 1077 1921 nomine
1091 1890 1181 1921 Feodi
1193 1891 1233 1921 sui
1244 1911 1254 1927 ,
1269 1899 1324 1927 pro

255 1937 371 1967 Officio
388 1935 524 1974 praeditfto
539 1933 635 1964 debite
651 1931 859 1969 hxcercendo,
876 1940 930 1969 pro
947 1929 1043 1961 Vadiis
1058 1929 1109 1961 suis
1135 1932 1248 1959 Centum
1271 1931 1326 1959 Li-

254 1976 319 2005 bras
335 1985 383 2011 per
402 1976 538 2013 Annum,
558 1989 561 1992 ·

293 2013 446 2044 Habendas
457 2038 466 2051 ,
485 2011 650 2049 LevandaS,
669 2011 702 2042 ὅ(
718 2009 916 2048 Percipiendas
929 2008 1077 2048 praedidhs
1092 2011 1207 2039 Centum
1224 2007 1327 2039 Libras

255 2053 339 2083 eidem
356 2053 472 2082 Rcberto
488 2062 540 2090 pro
557 2051 702 2081 Termino
716 2050 792 2080 Vitae
807 2050 890 2088 iplius
904 2048 1029 2086 Roberti,
1047 2048 1083 2079 de
1099 2048 1245 2087 Exitibus,
1256 2047 1327 2079 Pro-

254 2091 335 2123 ficuis
371 2091 491 2127 Firmis,
511 2093 543 2122 ὅ(
568 2089 799 2120 Reventionibus
822 2088 1022 2118 Maneriorum
1042 2087 1098 2118 five
1116 2087 1328 2118 Dominiorum

256 2130 294 2162 de
307 2115 444 2161 w'rottell
481 2129 652 2171 l-laveryng,
672 2127 784 2166 Boyton
797 2150 806 2165 ,
822 2126 973 2169 Hagilegh,
993 2125 1120 2165 Raylegh
1131 2149 1141 2164 ,
1156 2127 1189 2157 &
1209 2126 1329 2156 Roche-

257 2169 323 2200 ford
335 2193 344 2207 ‚
363 2178 432 2199 cum
451 2153 629 2199 i'ertinennis
642 2169 669 2197 in
686 2165 836 2196 Comitatu
855 2165 994 2202 hstes-ize,
1008 2175 1042 2195 ac
1057 2164 1256 2195 Maneriorurn
1271 2165 1330 2195 five

258 2208 471 2239 Dominiorum
485 2208 521 2237 de
535 2205 690 2237 Tunbrich
702 2228 711 2243 ,
731 2204 916 2241 Penshurste,
934 2203 1117 2242 Middelton,
1135 2204 1168 2235 &
1192 2203 1331 2242 Merdon,

257 2257 292 2278 ac
317 2246 469 2276 Hundredi
492 2245 527 2276 de
555 2245 720 2276 Middelton
744 2253 811 2274 cum
837 2243 891 2273 suis
912 2241 1093 2273 Pertinentiis
1117 2243 1146 2272 in
1179 2241 1332 2273 Comitatu

259 2285 376 2317 Kantiae
393 2285 625 2323 provenientibus
640 2284 697 2313 live
712 2282 900 2313 crescentibus
910 2291 975 2319 ‚per
995 2281 1102 2312 Manus
1117 2280 1330 2320 Receptorum,

258 2325 468 2355 Firmanorum
479 2347 488 2363 ,
501 2323 744 2360 Occupatorum,
759 2321 815 2351 live
831 2321 1047 2358 Appruatorum
1064 2319 1266 2351 Maneriorum
1275 2320 1333 2351 five

256 2363 490 2401 Dominiorum,
515 2373 548 2393 ac
572 2360 725 2392 Hundredi
747 2360 972 2398 praedidorum,
1001 2360 1035 2390 &
1057 2368 1156 2389 eorum
1183 2359 1332 2397 cujussibet

259 2413 313 2441 pro
336 2412 468 2439 tempore
490 2400 689 2438 existentium,
706 2399 742 2429 ad
767 2398 847 2430 Festa
869 2397 985 2428 Palchae
1004 2399 1038 2429 &
1064 2397 1163 2429 saneti
1184 2398 1334 2429 Michaelis

259 2452 309 2480 per
323 2442 442 2478 aequales
456 2441 603 2471 Portiones
612 2463 621 2479 ,

299 2479 337 2509 Et
361 2481 426 2517 quia
447 2480 516 2508 idem
538 2479 669 2508 Robmus
691 2476 803 2507 die‘tum
831 2475 975 2506 Officium
1001 2474 1209 2506 Constabularii
1231 2475 1334 2506 Turris

262 2517 427 2556 praedic'tae,
443 2528 458 2547 a
478 2517 557 2547 dieto
582 2517 712 2547 Decimo
737 2515 856 2552 septimo
877 2514 936 2544 Die
949 2514 1035 2552 Julii,
1051 2516 1154 2545 virtute
1172 2515 1332 2545 Literarurn

263 2557 428 2587 Parentium
446 2556 662 2594 praedic‘tarum,
681 2555 827 2591 huculQue
845 2554 1001 2590 occupavit
1017 2554 1050 2583 &
1072 2553 1164 2584 adhuc
1185 2563 1330 2592 occupat,

265 2596 343 2626 nulla
362 2594 388 2623 V
391 2594 466 2632 adia,
486 2595 597 2631 Fenda,
615 2594 660 2624 seu
679 2592 826 2631 Regarda,
843 2591 880 2622 de
894 2591 993 2622 Nobis
1013 2592 1133 2629 proinde
1155 2592 1260 2623 habens
1284 2602 1332 2623 aut

263 2635 436 2672 percipiens,
456 2633 491 2663 de
508 2632 607 2663 Gratia
622 2631 717 2662 nostra
741 2628 852 2668 speciali
876 2630 1010 2667 predicta
1031 2629 1230 2661 Concedimus
1248 2632 1332 2660 eidem

265 2673 383 2702 Robrrto
404 2681 448 2702 tot
473 2672 506 2702 &
531 2680 617 2701 tantas
643 2670 835 2700 Denariorum
859 2668 990 2698 Summas
1009 2668 1043 2697 ad
1067 2677 1139 2706 quot
1160 2670 1194 2701 ὃς
1217 2679 1333 2707 quantas

265 2715 380 2741 Centum
396 2710 490 2740 Librae
506 2719 556 2746 per
571 2710 690 2740 Annum
708 2718 723 2738 a
739 2707 818 2737 dicto
840 2707 956 2737 decimo
975 2707 1095 2744 septimo
1115 2707 1173 2737 Die
1192 2707 1260 2746 Julii
1280 2709 1333 2738 hu-

266 2750 372 2787 cusque
394 2748 553 2779 secundum
574 2747 680 2778 Raram
702 2747 728 2777 se
747 2747 904 2784 attingunt,
927 2744 1098 2783 Habendas‚
1119 2745 1281 2784 Levandas‚
1299 2749 1333 2777 &

268 2788 351 2819 Perci
375 2788 468 2818 iendas
487 2795 574 2817 tantas
589 2786 785 2817 Denariorum
799 2785 931 2814 Summas
946 2784 1091 2820 praedidias
1113 2785 1197 2813 eidem
1219 2785 1336 2816 Roberto

268 2837 323 2865 pro
374 2827 510 2857 xcercitio
532 2825 636 2855 Officii
655 2825 728 2855 illius
751 2823 785 2853 de
805 2823 904 2853 Nobis
921 2823 1038 2852 nomine
1052 2822 1177 2859 Regardi
1193 2824 1228 2854 de
1244 2824 1335 2854 Exiti-

269 2867 340 2902 bus,
356 2864 509 2901 Proficuis,
531 2864 645 2902 Firmis,
663 2863 697 2894 &
718 2861 948 2892 Reventionibus
969 2860 1170 2892 Maneriorurn
1194 2863 1250 2892 slve
1266 2862 1335 2893 Do-

268 2905 426 2935 miniorum
439 2913 473 2934 ac
491 2902 640 2933 Hundredi
655 2901 859 2940 praedic‘torum
872 2922 881 2937 ‚
900 2901 933 2930 δε
949 2909 1050 2930 eorum
1067 2900 1215 2937 cujussibet
1232 2911 1337 2939 prove-

269 2944 463 2980 venientium,
482 2952 531 2979 per
558 2941 663 2971 Manus
685 2950 763 2970 nunc
785 2939 984 2976 Receptorum
1004 2939 1037 2969 &
1059 2948 1172 2970 exnunc
1190 2939 1339 2977 Recepto-

270 2992 335 3012 rum
349 2981 520 3012 eorumdem
536 2980 732 3011 Maneriorurn
749 2979 806 3008 sive
817 2977 1029 3008 Dominiorum
1043 2987 1076 3008 ac
1090 2977 1243 3009 Hundredi
1264 2989 1339 3017 prae-

269 3020 416 3051 dictorum
432 3029 484 3057 pro
497 3028 628 3054 ternpore
639 3018 816 3048 existentium
825 3041 835 3054 ‚

307 3058 354 3088 Eo
371 3059 449 3096 quod
464 3057 588 3094 expressa
602 3058 712 3086 mentio
728 3055 763 3086 de
780 3065 850 3085 vero
869 3054 974 3084 Valore
995 3064 1092 3085 annuo
1113 3054 1216 3086 Officii
1238 3056 1339 3094 prcedi·

275 3097 332 3134 eti,
350 3106 398 3128 aut
412 3096 447 3127 de
463 3095 522 3126 aliis
536 3095 631 3125 Donis
646 3095 702 3124 five
717 3093 959 3123 Conceffionibus
974 3103 1023 3130 per
1048 3093 1117 3124 Nos
1141 3097 1155 3110 ‘
1179 3095 1263 3124 eidem
1284 3098 1340 3125 Ro-

272 3136 346 3165 herto
368 3145 432 3166 ante
454 3135 518 3165 haec
540 3142 669 3170 tempora
696 3132 795 3169 factis,
813 3132 842 3161 in
865 3132 1046 3169 praesentibus
1060 3133 1179 3162 minime
1193 3133 1265 3163 saer-a
1282 3135 1342 3164 exi—

276 3174 338 3211 stit,
355 3183 403 3204 aut
419 3173 515 3210 aliquo
533 3172 661 3209 Statuto,
680 3171 773 3208 Actu,
792 3169 996 3207 Ordinatione,
1014 3170 1071 3201 slve
1095 3170 1291 3203 RestriCtione
1310 3173 1339 3203 in

274 3213 451 3282 coptrarium
467 3211 562 3281 ξὲξὶίς,
582 3210 661 3241 editis
671 3231 680 3247 ,
698 3209 743 3240 seu
761 3208 878 3247 provisis
888 3231 897 3247 ,
913 3218 972 3239 non
987 3208 1173 3240 obstantibus.

329 3262 345 3280 n
364 3261 459 3290 cujus,
512 3260 538 3281 c.

87 872 152 898 Pat.
170 879 193 900 ῐ,

87 915 117 938 R.
129 917 186 945 3.p.
199 920 226 947 ς.

88 958 125 978 m.
146 958 189 978 10.

139 3112 155 3128 ‘
166 3111 235 3138 xn.

126 3159 189 3177 ²20.

315 3327 404 3358 Teste
423 3327 504 3366 Rege
517 3325 594 3365 apud
608 3322 882 3364 Wistmonasterium,
902 3332 984 3352 nono
998 3321 1044 3352 die
1060 3321 1169 3353 Martii.

760 3401 814 3429 Per
830 3402 923 3428 Breve
938 3399 971 3428 de
984 3401 1103 3429 Privato
1115 3399 1214 3437 sigillo.

711 3532 771 3569 Ad
793 3536 917 3579 Papam.

135 3635 213 3666 Am,
226 3634 270 3666 D,
286 3620 480 3684 BEatiffime
495 3622 597 3659 Pater,

156 3675 236 3712 1434
378 3659 449 3690 Post
467 3659 656 3689 humillimam
680 3655 979 3688 commendationem
1003 3655 1037 3686 &
1058 3654 1164 3685 devota
1176 3652 1287 3685 Pedum
1305 3655 1351 3685 os-

137 3716 191 3740 An.
210 3697 245 3740 1..
287 3701 349 3731 cula
363 3699 514 3729 Beatorum
524 3720 533 3734 ,
543 3697 637 3727 sumus
654 3698 683 3726 in
699 3696 848 3727 Praesentia
862 3695 895 3725 ad
911 3695 1092 3724 Sanffitatem
1106 3693 1226 3733 vestram
1240 3693 1350 3723 missuri

143 3754 173 3777 R,
193 3761 218 3786 3,
286 3737 493 3769 Reveiendum
510 3736 538 3764 in
554 3734 672 3765 Christo
685 3735 798 3764 Patrem
817 3734 983 3765 Dominum
1007 3731 1137 3763 rhomam
1157 3731 1350 3771 Menevensbm

138 3788 210 3825 Infra
287 3776 441 3816 Episcopum
453 3773 584 3805 nostrum
598 3772 752 3802 Oratorem
765 3775 798 3804 &
811 3772 1012 3803 Consiliarium

138 3827 205 3853 Bibl.
330 3816 352 3844 ls
366 3824 478 3851 autem,
496 3811 577 3842 simul
596 3819 664 3841 curn
682 3809 842 3840 Venerabili
858 3810 930 3840 Viro
951 3793 1152 3839 Arcbidiacono
1170 3807 1351 3838 Richmondiae

142 3865 266 3891 narizan.
293 3853 393 3883 nostro
408 3852 459 3882 ista
474 3854 502 3881 in
521 3849 608 3880 Curia
622 3848 802 3886 Oratore,ac
820 3848 964 3885 Magistro
976 3847 1110 3886 Johanne
1124 3850 1277 3876 Dunmowe
1291 3845 1351 3877 Ca-

145 3911 189 3938 39,
204 3902 218 3927 b
292 3891 370 3926 pellae
388 3890 493 3921 nostrae
508 3889 543 3919 de
561 3886 734 3917 Windesore
745 3886 898 3916 Canonico
908 3909 917 3924 ,
936 3886 1034 3926 vestrae
1047 3886 1198 3916 Sandlitati
1218 3884 1349 3921 quasdam

147 3940 189 3966 13·
198 3939 248 3976 fol„
294 3929 436 3966 Negotia,
463 3938 527 3966 quae
549 3925 696 3965 Capellam
718 3924 805 3962 ipsam
829 3932 967 3963 tangunt,
983 3926 1056 3954 inter
1076 3934 1195 3961 caetera,
1212 3922 1350 3953 Nomine

145 3986 209 4013 ²5¹·
224 3976 249 4005 b·
291 3966 389 3994 nostro
404 3968 504 4002 aperiet
515 3989 523 4003 ,

329 4003 412 4040 Qios
438 4005 466 4032 in
487 4006 518 4033 iis
544 4003 666 4040 benigne
684 4000 832 4038 exaudire,
850 4000 1011 4038 eisdemque
1027 4000 1126 4031 Fidem
1142 3998 1254 4037 perinde
1268 4008 1351 4037 atque

292 4041 391 4073 Nobis
403 4040 522 4078 habere,
538 4042 571 4072 δε
587 4042 709 4071 celerem
722 4049 755 4071 ac
770 4040 891 4070 brevem
906 4039 1122 4078 Expeditionem
1137 4040 1175 4069 eis
1189 4037 1283 4069 facere
1299 4048 1349 4074 ve,

1340 245 1440 275 lumen
1455 242 1552 274 servet.
2452 239 2539 286 {484⁶

1377 320 1421 351 Ex
1443 319 1538 350 nostra
1562 318 1750 360 Univerfitate
1771 317 1967 355 eantebrigiae,
1995 325 2077 349 nono
2100 319 2161 350 Die
2186 319 2305 357 Martii,
2324 318 2415 350 Anno
2433 285 2486 309 Ru·
2503 291 2530 319 3·

1342 359 1468 391 Domini
1493 358 1668 396 Millefimo,
1695 356 2008 395 Qadringentefimo‚
2031 356 2223 397 octogefitno
2241 360 2328 390 tertio
2344 381 2356 398 7
2379 360 2414 390 &

1341 399 1432 430 Anno
1446 397 1548 436 Regni
1561 396 1652 427 nostri
1672 396 1779 434 primo.

1379 474 1615 514 Excellentiffimae
1630 472 1728 514 vqstrae
1744 473 1909 503 Sannitatis

1378 550 1515 598 Devotus
1527 551 1616 597 Filius
1629 551 1782 598 Ricardus‚
1800 549 1859 581 Dei
1871 549 1975 589 gratia,
1992 551 2054 579 Rex
2077 548 2192 588 Angliae
2210 550 2249 586 ό·
2274 555 2411 594 Framiae,

1343 591 1377 622 ὃ(
1395 593 1528 620 Dommus
1539 590 1698 628 szermae,
1717 589 1778 625 &a

1607 711 1666 747 Ad
1687 713 1881 747 Cardinalem
1903 714 2009 748 Sanffl
2031 715 2162 762 Georgii.

1391 800 1490 835 Dors.

1349 886 1594 931 Reverendiffimo
1618 891 1650 921 in
1673 886 1787 932 Christo
1815 892 1904 922 Patri
1931 892 1969 927 (ᾑ-
1986 890 2113 922 Domino
2131 890 2278 925 Domino
2301 891 2416 927 Cardi-

1490 936 1551 970 nali
1568 937 1673 971 Sansti
1696 936 1835 983 Georgii
1853 940 1966 970 Amico
1985 935 2079 980 nostro
2098 937 2259 982 Cariffimo.

1352 1022 1626 1093 REd‘rget‘grrz'diffime
1639 1026 1668 1053 in
1682 1021 1786 1062 Christo
1799 1024 1886 1053 Pater
1899 1025 1997 1053 Amice
2010 1022 2134 1062 carifflme
2142 1046 2153 1063 ‚
2168 1024 2236 1062 post
2251 1025 2415 1060 Commen..
2434 1043 2514 1076 ΑΒΗ,
2527 1045 2555 1078 D

1533 1072 1579 1093 em
1595 1063 1627 1093 &
1641 1062 1779 1093 Salutem.
2458 1085 2547 1124 1434-

1372 1100 1461 1143 ·Qo
1481 1100 1558 1132 Zelo
1578 1103 1740 1131 Paternitas
1759 1099 1852 1140 vestra
1874 1099 2119 1140 Reverendtffima,
2145 1101 2331 1140 superioribus
2354 1106 2419 1137 An-

1349 1147 1410 1177 nis,
1429 1141 1462 1171 &
1477 1139 1577 1184 Decus
1590 1140 1623 1171 &
1636 1139 1791 1184 Honorem
1813 1139 1894 1183 hujus
1918 1138 2014 1183 Regni
2036 1139 2125 1169 nostri
2147 1141 2295 1178 prosecuta
2316 1144 2422 1185 fuerit,
2437 1127 2489 1190 ‘gn'
2510 1134 2534 1152 ¹¹

1349 1178 1595 1248 {oriffiimNemmi
1610 1178 1689 1210 latuit
1708 1189 1758 1217 qui
1769 1178 1947 1217 temporibus
1963 1177 2044 1208 istam
2058 1177 2287 1216 Rempublicam
2298 1182 2419 1215 admini-
2437 1171 2515 1231 Ib'l-Z'

1354 1293 1359 1299 ⁸
1391 1254 1474 1300 Cum
1486 1241 1600 1294 autem,
1614 1255 1684 1287 ficut
1698 1254 1766 1286 Deo
1778 1255 1900 1295 placuit,
1914 1255 2102 1295 jamdudum,
2117 1258 2227 1295 praevio
2241 1258 2342 1290 nostro
2353 1260 2424 1298 Jure

1352 1294 1530 1339 indubitato,
1555 1294 1793 1339 hunc-Tronum
1817 1294 2063 1338 conscendimus,
2088 1295 2176 1326 nichil
2200 1296 2301 1328 Nobis
2320 1299 2425 1335 jucun—

1355 1332 1417 1363 dius
1434 1335 1572 1372 gratiusve
1585 1333 1717 1364 accidere
1732 1342 1836 1370 poterit
1848 1343 1934 1371 quarn
1960 1333 2132 1373 intelligere,
2151 1335 2221 1366 ficut
2244 1346 2296 1373 per
2320 1337 2427 1370 Literas

1355 1371 1460 1441 vgsgtrgs
1473 1373 1676 1411 intelleximus,
1695 1374 1899 1402 paternitatem
1914 1371 2035 1411 vestram
2049 1375 2078 1403 in
2095 1372 2213 1413 pristino
2228 1384 2343 1407 manere
2353 1376 2427 1408 Pro-

1355 1420 1374 1448 Ρ
1393 1433 1547 1480 Revivendi
1566 1461 1650 1480 mmm
1671 1451 1874 1479 Paternitatem
1898 1449 2018 1489 vestram
2032 1473 2043 1488 ,
2064 1451 2205 1494 maj9rem
2225 1451 2254 1482 in
2276 1453 2400 1485 modum
2415 1479 2427 1495 ,

1356 1487 1508 1526 Rogamus
1549 1490 1555 1498 ¹
1574 1498 1656 1527 ptum
1673 1489 1855 1527 prosequatur
1875 1489 1999 1527 iterum,
2016 1497 2100 1527 atque
2121 1489 2227 1521 iterum
2238 1514 2249 1530 ,
2264 1491 2427 1524 nostrarum

1358 1525 1471 1558 Rerum
1486 1527 1668 1559 Succeffibus
1682 1527 1789 1566 faveat,

1396 1566 1546 1611 Qioniam
1568 1565 1637 1597 Nos
1653 1565 1795 1610 'Mentem
1818 1565 1956 1596 habemus
1976 1567 2005 1597 id
2027 1574 2090 1635 elga
2111 1566 2231 1598 eandem
2253 1571 2429 1607 quamtotius

1356 1604 1542 1642 promerendi
1551 1628 1560 1643 ‚
1579 1605 1660 1635 ficuu
1675 1605 1862 1635 Reverendus
1879 1603 1961 1635 Pater
1975 1605 2044 1635 Con
2057 1606 2157 1636 illarius
2170 1606 2267 1637 noster
2281 1608 2430 1642 fidiffimus

1357 1642 1473 1673 Thomas
1496 1643 1669 1688 Menevenfis
1688 1643 1828 1711 Effopus
1849 1643 1951 1674 nostro
1973 1643 2108 1675 Nomine
2130 1645 2214 1676 vobis
2228 1646 2345 1685 referet3
2365 1647 2425 1679 Cui

1360 1681 1444 1713 simul
1464 1683 1498 1714 &
1520 1682 1692 1713 Praediieeco
1751 1683 1813 1711 obis
1835 1681 1964 1720 Johanm'
1987 1681 2118 1713 Shirwod
2138 1683 2317 1726 Dunolmenfi
2329 1685 2428 1718 Eleae

1361 1722 1446 1759 (quos
1463 1720 1576 1752 nostros
1589 1722 1618 1751 in
1633 1721 1714 1750 istam
1730 1719 1835 1750 Sedem
1849 1720 1983 1750 Sanctam
1997 1721 2135 1752 Oratores
2147 1722 2351 1755 destinavimus
2367 1725 2429 1763 (Fi-

1361 1759 1428 1790 dem
1444 1760 1561 1798 perinde
1574 1768 1657 1799 atque
1673 1757 1772 1788 Nobis
1788 1758 1893 1789 habere
1906 1759 2081 1798 dignemini,
2097 1760 2180 1798 super
2193 1762 2236 1791 his
2252 1772 2317 1801 quae
2333 1763 2430 1795 nostra

1360 1807 1394 1828 ex
1419 1808 1494 1844 parte
1514 1797 1598 1828 isthic
1621 1797 1808 1835 proponenda
1828 1797 2024 1835 susceperunt,
2042 1799 2076 1829 &
2099 1798 2190 1830 valeat
2202 1801 2429 1841 Reverendtffima

1361 1839 1522 1867 Patermtas
1537 1836 1630 1878 vestra
1645 1845 1782 1875 quantum
1797 1836 1890 1868 valere
1905 1836 2049 1867 desiderat.

1401 1913 1445 1946 Ex
1458 1913 1645 1955 Universitate
1656 1913 1748 1954 nostra
1760 1911 1987 1954 Cantebrigienfi,
2004 1913 2122 1945 decimo
2136 1913 2184 1945 die
2197 1913 2305 1947 Martii.

1987 1990 2213 2024 chARnus
2234 1992 2327 2024 Rex.

1609 2122 1636 2149 ι*
1663 2122 1721 2158 Ad
1742 2121 1934 2158 cardinalem
1955 2122 2059 2156 SanHi
2079 2124 2203 2157 Marci.

1417 2211 1516 2247 Dors.

2449 2143 2470 2163 ε
2491 2144 2555 2182 Χιις

2455 2191 2520 2213 221.

1371 2296 1617 2342 Reverendtffimo
1643 2303 1673 2332 in
1704 2297 1817 2343 Christo
1840 2301 1930 2333 Patri
1954 2301 1990 2337 ὠ·
2008 2299 2140 2332 Domino
2158 2297 2304 2333 Domino
2319 2299 2438 2335 Cardi-

1544 2347 1604 2381 nali
1624 2349 1727 2382 Sancti
1744 2348 1851 2383 Marci
1867 2351 1978 2381 Amico
1996 2345 2089 2391 nostro
2106 2345 2261 2391 cartffimO.

1373 2436 1696 2508 REggendff⁷ne-in
1719 2437 1822 2478 Christo
1844 2440 1931 2468 Pater
1953 2439 2051 2467 Amice
2064 2436 2207 2476 urtffime,
2227 2437 2293 2476 post
2311 2437 2436 2470 debitam
2454 2443 2555 2475 Ann.1

1505 2477 1762 2507 mmendatlonem.
2474 2483 2555 2523 1484

1407 2515 1449 2547 Ex
1466 2516 1572 2547 Literas
1585 2514 1683 2554 vqstrae
1696 2517 1898 2552 Paternitatis‚
1914 2513 2049 2545 vicefimfi
2065 2513 2123 2544 Die
2141 2513 2263 2552 Januarii
2278 2514 2382 2554 Datis,
2399 2517 2433 2547 δε
2453 2525 2506 2550 An.
2525 2532 2549 2552 1.

1369 2555 1470 2585 Nobis
1485 2555 1634 2591 nuperime
1649 2553 1779 2592 redditis,
1797 2553 1911 2583 abunde
1925 2551 2111 2583 intelleximus
2131 2555 2219 2592 quam
2241 2555 2370 2592 singulari
2393 2555 2436 2586 A·
2457 2565 2487 2588 R.
2534 2582 2542 2589 ,

1370 2603 1453 2624 more
1470 2594 1504 2625 &
1517 2592 1712 2623 Benivolentia
1729 2590 1955 2630 Reverendiffima
1968 2592 2128 2620 paternitas
2139 2591 2233 2630 veslra
2254 2593 2435 2631 prosequatur
2452 2598 2526 2636 Infra

1370 2631 1568 2663 venerabilem
1585 2630 1698 2661 Patrem
1715 2630 1881 2661 Dominum
1902 2629 2062 2668 Johannem
2079 2629 2225 2661 Shirwood
2241 2631 2436 2662 Richemondiae
2451 2637 2518 2666 Bibl.

1369 2670 1618 2707 Archidiaconum,
1637 2669 1715 2708 quod
1736 2668 1827 2707 ipsum
1849 2668 1913 2699 sane
1937 2667 2039 2699 Nobis
2057 2670 2189 2699 omnium
2212 2669 2253 2700 est
2267 2670 2437 2709 jocundiffi-
2455 2676 2555 2704 Harlm

1372 2719 1472 2745 mum,
2496 2735 2502 2740 ,
2542 2734 2552 2742 ,

1409 2747 1525 2778 Precata
1548 2745 1590 2777 est
1606 2745 1716 2784 insuper
1738 2745 1838 2776 eadem
1855 2745 2083 2785 Reverendiffima
2097 2746 2190 2785 vestra
2210 2748 2372 2778 Paternitas
2406 2756 2438 2779 ut
2456 2718 2555 2790 {gf}

1374 2787 1405 2816 in
1429 2787 1498 2816 illius
1522 2785 1556 2816 ad
1578 2784 1683 2828 Sedem
1706 2784 1950 2828 Dunelmensem‚
1967 2785 2022 2815 'am
2043 2784 2157 2815 Pastore
2171 2784 2349 2824 Vacantem,
2364 2771 2439 2817 13ro-
2458 2774 2555 2827 25r.b⁸1

1374 2827 1536 2855 motionem
1558 2824 1680 2854 assentiri
1703 2823 1883 2862 dignaremur
1897 2823 1939 2854 ob
1993 2823 2060 2854 erita
2073 2824 2107 2855 &
2128 2824 2277 2863 smgulares
2292 2824 2355 2856 Viri
2371 2824 2440 2855 Vir·
2551 2827 2553 2831 '

1372 2872 1443 2894 tutes
1454 2888 1463 2900 ,

1412 2901 1635 2940 Reverendtffime
1658 2903 1744 2931 Pater
1758 2924 1768 2939 ,
1793 2900 1945 2939 gratiffima
1969 2900 2071 2931 Nobis
2095 2899 2137 2931 est
2153 2899 2223 2930 dieti
2244 2899 2369 2930 Domini
2382 2900 2440 2940 Jo-

1374 2940 1474 2971 hanm‘s
1492 2940 1720 2971 Commendatio
1736 2939 1827 2971 vestra
1846 2940 1879 2969 ad
1896 2938 2015 2970 eandem
2033 2937 2136 2970 Sedem
2171 2937 2205 2968 ad
2242 2947 2306 2968 uam
2320 2940 2440 2976 quidem

1371 2979 1542 3018 jamdudum
1567 2989 1635 3009 eum
1662 2978 1865 3010 commendare
1889 2977 2110 3014 constituimus,
2135 2960 2203 3006 ficei
2229 2976 2363 3015 emusque
2387 2979 2440 3010 nifi

1375 3017 1562 3049 Consuetudo
1588 3017 1713 3055 Capituli
1738 3016 1939 3047 Dunelmenfis
1963 3015 2101 3046 Ecclefiae
2115 3036 2127 3051 ‚
2151 3023 2215 3052 quae
2233 3014 2439 3054 longiusculam

1376 3067 1490 3087 moram
1504 3057 1533 3086 in
1550 3055 1664 3087 Pastore
1679 3056 1728 3086 fibi
1743 3055 1898 3093 deligendo
1911 3055 2014 3086 habere
2024 3053 2101 3084 solita
2119 3051 2178 3090 est,
2196 3060 2226 3083 ut
2243 3055 2380 3086 maturius
2402 3056 2440 3088 de

1375 3095 1542 3126 sufficiendo
1557 3094 1672 3126 Pastore
1687 3095 1795 3124 trac'tari
1809 3094 1918 3132 poss‘et,
1934 3091 2142 3130 impedimento
2153 3090 2264 3130 fuiffet,

1415 3134 1582 3165 Gaudemus
1599 3133 1740 3163 nimirum
1764 3133 1845 3170 quod
1857 3132 1893 3162 ad
1908 3131 2048 3162 Animum
2061 3129 2228 3169 Votumque
2240 3129 2371 3162 nostrum
2389 3143 2441 3164 ve-

1378 3171 1434 3202 ster
1454 3173 1536 3203 favor
1556 3172 1712 3210 manusque
1729 3171 1891 3209 acceslerit,
1908 3169 1958 3207 qui
1979 3178 2038 3198 non
2061 3167 2153 3198 modo
2167 3176 2296 3199 mentem
2311 3170 2439 3202 nostram

1377 3211 1415 3242 de
1429 3211 1532 3242 eodem
1547 3210 1682 3247 Johanne
1697 3208 1880 3248 praeficiendo
1893 3208 1923 3238 in
1937 3205 2086 3237 Pastorem
2103 3205 2442 3248 confirmaverit,vertim

1380 3251 1465 3280 etiam
1479 3250 1585 3280 auxerit
1600 3249 1799 3285 veliementer,

1419 3287 1516 3325 Itaque
1531 3286 1654 3317 eundem
1669 3287 1703 3316 ad
1719 3287 1824 3316 dietam
1839 3285 1960 3322 Sedem,
1979 3291 2010 3314 ut
2021 3282 2152 3322 optastis,
2166 3283 2330 3323 SanHiffi'mo
2344 3289 2442 3317 Domi.

1381 3338 1415 3356 no
1429 3327 1514 3365 nostro
1531 3324 1935 3362 Commendamus,‘ejusdem
1948 3323 2098 3352 Sanblitati
2108 3346 2117 3359 ,
2135 3321 2283 3363 vestraeque
2301 3327 2442 3356 Reveren-

1380 3364 1487 3403 d1ffimae
1502 3366 1692 3401 Paternitati,
1710 3364 1744 3394 &
1759 3361 1862 3392 nostrae
1875 3363 1943 3392 item
1960 3362 2048 3392 menti
2062 3360 2268 3400 satisfacientes,

1417 3402 1575 3438 Reliquum
1589 3399 1875 3439 est‚Reverendiffime
1888 3401 1974 3429 Pater
1983 3421 1993 3437 ,
2011 3398 2198 3436 proficiscitur
2209 3400 2243 3431 ad
2257 3400 2439 3433 Sanctitatem

1382 3440 1519 3479 Pontificis
1538 3442 1661 3468 Maximi
1675 3440 1708 3470 &
1724 3438 1803 3469 istam
1820 3437 2026 3468 Sanfflffimam
2042 3437 2147 3468 Sedem
2160 3437 2338 3469 Venerabilis
2358 3441 2441 3471 Pater

1382 3478 1532 3509 Dominus
1545 3477 1658 3507 Thomas
1671 3476 1840 3516 Menevenjir
1854 3475 2011 3515 Eptfcopus,
2028 3474 2133 3506 Orator
2145 3477 2179 3508 δε
2193 3476 2375 3508 Confiliarius
2388 3487 2442 3508 no-

1382 3516 1438 3547 ster
1450 3515 1611 3553 fidiffimus,
1630 3516 1672 3545 ob
1686 3516 1824 3545 nonnulla
1843 3514 1974 3551 Negotia
1989 3524 2053 3552 quae
2069 3514 2138 3545 Nos
2161 3524 2359 3554 concernunt,
2376 3515 2442 3546 Ro-

1382 3564 1480 3595 gamus
1491 3553 1610 3595 vestram
1623 3553 1875 3592 Reverendtffimam
1890 3555 2091 3583 paternitatem
2099 3576 2108 3592 ,
2120 3554 2258 3592 maJ'orem
2270 3556 2300 3584 in
2311 3553 2442 3592 modum,

1383 3602 1414 3624 ut
1435 3594 1463 3623 in
1482 3594 1634 3630 omnibus,
1652 3602 1716 3629 quae
1738 3592 1821 3622 isthic
1846 3591 1966 3622 ACturus
1979 3591 2038 3630 est,
2055 3591 2196 3624 Favorem
2211 3592 2336 3624 vestrum
2351 3591 2442 3622 Auxi-

1383 3632 1510 3669 liumque
1523 3631 1562 3660 illi
1577 3632 1711 3668 impertiri
1723 3631 1757 3661 &
1774 3629 2096 3661 Commendatisfimum
2117 3630 2198 3661 illum
2219 3630 2322 3661 habere
2341 3629 2442 3667 digne-

1383 3679 1446 3708 tur,
1462 3670 1515 3700 erit
1528 3669 1554 3699 id
1571 3669 1671 3700 Nobis
1685 3669 1817 3700 Beneficii
1831 3669 1919 3707 loco,
1935 3670 1969 3700 &
1981 3679 2036 3709 pro
2047 3669 2118 3700 loco
2131 3670 2166 3701 &
2187 3676 2316 3705 tempore
2337 3676 2442 3698 curnu-

1382 3709 1438 3739 late
1459 3708 1608 3738 reddemus
1629 3707 1730 3746 Vices3
1750 3708 1840 3738 valeat
1860 3708 1978 3738 feliciter
1998 3707 2097 3738 eadem
2111 3707 2204 3745 vestra
2216 3705 2442 3744 Reverendtffima

1385 3749 1561 3815 Paternita55
1581 3747 1628 3776 cui
1650 3747 1716 3777 Nos
1735 3747 1769 3778 δε
1787 3746 1897 3777 dietum
1912 3745 2106 3785 Menevensem
2116 3744 2269 3784 Epifiopum
2282 3742 2442 3781 plurimum

1385 3794 1525 3816 commen
1546 3794 1633 3815 amus.

1423 3861 1467 3893 Ex
1481 3862 1553 3894 Urbe
1565 3861 1654 3901 nqstra
1665 3862 1884 3901 Londoniarum,
1901 3861 2021 3894 decimo
2033 3859 2078 3890 die
2092 3856 2198 3888 Martii.

1963 3935 2179 3972 thARnys
2194 3932 2289 3967 Rex.

2408 4075 2454 4102 De
