2555 4266
705 222 816 266 ET
897 226 1165 271 ACTA
1247 225 1716 279 PUBLICA.

13 308 90 346 Aun.
101 309 142 340 D.
161 309 208 341 seu
222 307 350 340 Duobus
364 316 464 338 eorum
477 306 552 339 dicta
563 307 695 341 Castrum
711 312 841 343 nostrum
855 313 892 343 de
899 313 1046 352 Hampnes
1055 337 1065 353 ‚
1080 314 1224 345 Marchias

40 359 127 389 1499.
162 350 195 380 ὃς
212 348 399 378 Instrumenta
418 346 519 378 Bellica
531 357 616 386 atque
631 358 732 380 caetera
745 361 809 389 quae
824 353 853 382 in
866 352 1013 391 Principio
1025 353 1112 385 vestri
1122 353 1224 384 [ntroi-

13 394 78 420 Her..
95 398 122 425 7.
161 387 208 418 tus
226 386 333 417 ibidem
348 385 506 423 recepistis,
519 385 703 427 Deliberetis‚

198 424 291 464 Cujus
308 422 424 467 quidem
438 424 532 455 Castri
547 425 762 458 Deliberatione
774 428 867 465 sic,ut
878 429 1156 467 praemifflrurfflzsti
1171 439 1225 460 vos

163 472 247 502 atque
264 461 451 499 Fidejuslores
468 464 577 495 vestros
599 476 615 495 a
639 465 779 496 Custodia
804 468 837 497 &
855 467 954 497 Onere
967 467 1037 498 dieti
1052 468 1164 503 Castxi,
1183 477 1225 497 at-

163 513 220 540 que
235 501 272 531 ab
287 502 371 530 omni
386 500 530 533 Cautione
546 505 579 534 &
594 503 748 534 Securitate
772 514 824 541 pro
837 504 974 535 Custodia
992 505 1115 543 ejusdem
1126 505 1226 541 ,Castri

163 550 214 579 per
231 537 292 569 Vos
315 540 349 571 &
370 539 485 571 eosdem
507 542 691 580 Fidejuffores
706 541 814 572 vestros
826 543 898 574 faeta
911 544 1056 581 superinde
1072 544 1226 583 Acquieta-

166 587 239 609 mus.

202 616 238 647 In
252 616 346 655 cujus,
361 617 424 648 δίς.

204 693 294 725 Teste
313 694 423 732 meipso
443 694 517 732 apud
541 687 643 735 Knoll,
657 693 795 725 vicefimo
813 702 894 726 nono
908 696 969 727 Die
983 697 1105 738 Augusti
1115 720 1125 737 ,
1140 698 1229 729 Anno

167 731 269 770 Regni
286 733 375 764 nostri
391 733 632 772 Qiintodecimo.

362 868 411 899 De
429 863 670 910 AppunHuana'o
688 877 757 898 cnm
781 869 857 912 Rege
871 869 1039 900 Scotorum.

23 959 90 998 Am,
112 954 156 992 'D-
171 952 389 1015 HEnricus,
414 949 474 979 Dei
496 949 584 987 gratia
598 973 607 988 ,
632 954 694 980 Rex
716 949 828 988 Angliae
851 950 890 986 ῤ’
910 955 1032 981 Franciae
1045 952 1083 988 ὠ
1101 956 1233 983 Dominus

260 989 401 1021 Hiberniae
411 1013 420 1026 ‚
430 988 562 1018 universis
578 989 611 1018 &
626 989 754 1028 singulis,
771 990 806 1019 ad
822 1000 946 1028 quorum
957 992 1069 1022 notitias
1086 993 1234 1030 pra-sentes

24 1047 76 1073 An.
95 1049 138 1076 ¹5
172 1031 277 1061 Literae
288 1027 399 1095 'mstfsg
414 1028 612 1096 ffirvenerint²
631 1028 766 1058 Salutem.

231 1076 308 1097 cratis
340 1076 380 1096 uo
451 1076 483 1095 os

23 1085 158 1152 Zot7'15,
209 1067 260 1136 {e
275 1076 542 1141 Cirtiumspecticine
554 1128 565 1144 ,
591 1103 748 1142 Industria,
768 1104 927 1142 Doc'hina,
945 1105 1111 1146 Probitate,
1130 1107 1234 1137 Fideli-

26 1162 54 1185 Η
76 1166 89 1192 7
119 1165 155 1182 m,
170 1154 225 1177 tate
239 1142 431 1177 &Prudentia
445 1142 608 1174 Reverendi
627 1145 654 1173 in
668 1143 787 1174 Christo
802 1144 892 1175 Patris
909 1145 1033 1175 Domini
1048 1147 1158 1176 Ricardi
1172 1150 1235 1176 Du-

26 1179 61 1223 6'
96 1179 102 1184 '
171 1182 310 1222 nolmenfis
333 1181 453 1221 Epifiopi
474 1192 507 1212 ac
525 1181 662 1212 Custodis
677 1181 782 1214 Privati
799 1182 890 1219 Sigilli
906 1183 995 1225 nostri
1015 1182 1233 1225 Consiliariique

47 1217 55 1225 ⁰
171 1220 454 1254 nostriDilectissimi
493 1221 714 1258 uamplurimum
726 1220 920 1259 confidentes,

209 1260 304 1298 Ipsum
325 1260 454 1291 nostrum
504 1269 697 1290 rocuratorem
712 1282 721 1296 ,
744 1259 897 1290 Nuncium
912 1283 921 1298 ‚
949 1260 1121 1300 Oratorem,
1139 1262 1235 1292 Com-

173 1301 328 1330 missarium
344 1300 378 1329 &
395 1298 624 1328 Ambaxiatorem
639 1297 748 1328 Fecisse
765 1297 1010 1336 Constituisse,&
1023 1300 1189 1339 Ordinasse,
1200 1311 1233 1332 ac

175 1349 225 1378 per
239 1338 393 1369 Praesentes
406 1336 484 1367 Eum
498 1337 646 1374 Facimus,
664 1336 876 1368 Censtituimus
890 1339 922 1368 ἃ
938 1338 1129 1376 Ordinamus,

213 1377 322 1407 Dantes
343 1377 376 1406 &
398 1375 599 1406 Concedentes
615 1372 737 1413 'praefato
761 1375 936 1407 Reverendo
953 1377 1026 1408 Patri
1040 1377 1166 1417 Episcopo
1181 1388 1235 1408 no-

174 1416 235 1447 stro
246 1416 274 1445 in
292 1416 345 1446 hac
358 1423 435 1452 parte
447 1412 647 1451 Procuratori‚
665 1414 798 1452 Oratori,
813 1413 1019 1446 Commissario
1033 1417 1066 1447 ὃς
1083 1418 1236 1447 Ainbaxia-

173 1456 229 1486 tori
250 1454 377 1484 nostram
401 1453 551 1490 plenariam
576 1453 609 1484 ὃς
629 1452 816 1483 indubitatam
845 1463 878 1484 ac
891 1455 1089 1486 omnimodam
1107 1456 1238 1486 Potesta-

175 1503 234 1524 tem
256 1503 289 1523 ac
313 1491 484 1522 Mandatum
506 1491 626 1528 speciale
650 1492 683 1522 &
698 1492 826 1530 generale
839 1515 849 1529 ,
870 1502 923 1530 pro
940 1492 1040 1523 Nobis
1055 1495 1088 1525 ὃς
1101 1494 1238 1524 Nomine

177 1531 291 1567 nostro,
308 1541 376 1561 curn
392 1529 580 1560 illustriffimo
594 1540 627 1560 ac
639 1529 821 1561 Sereniffimo
837 1530 969 1567 Principe
980 1531 1087 1569 Jacobo
1101 1536 1236 1562 Scotorum

176 1573 265 1608 Rege,
283 1569 379 1600 Fratre
390 1570 424 1601 &
440 1567 661 1607 consanguineo
675 1568 774 1598 nostro
790 1568 1116 1607 Praecariffimo,ejusve
1131 1571 1241 1601 Procu-

175 1609 331 1645 ratoribus,
349 1607 476 1637 Nunciis
487 1631 496 1643 ‚
513 1607 701 1644 Oratoribus,
720 1605 929 1637 Commissariis
943 1609 977 1638 &
995 1609 1240 1641 Ambaxiatoribus

173 1646 302 1685 pluribus
315 1655 364 1676 aut
379 1655 455 1682 uno,
476 1644 652 1676 Potestatem
665 1644 842 1675 consimilem
859 1655 906 1675 aut
923 1646 1110 1678 sufficientem
1129 1658 1143 1677 a
1159 1649 1238 1679 dieto

175 1684 421 1718 Excellentissimo
443 1682 539 1714 Fratre
559 1684 593 1714 ὃς
612 1683 834 1722 Consanguineo
854 1683 955 1715 nostro
977 1685 1083 1724 Jacobo
1105 1690 1240 1717 Scotorum

173 1728 244 1762 Rege
257 1724 425 1762 habentibus
439 1723 607 1760 habentive,
625 1721 781 1753 Tractandi
799 1745 808 1759 ‚
828 1721 1076 1755 Communicandi
1091 1748 1100 1761 ,
1119 1725 1240 1757 Conve-

177 1763 276 1793 niendi
289 1768 301 1800 5
330 1761 552 1801 Appuntfimandi
569 1784 578 1799 ,
603 1759 811 1791 Concordandi
824 1784 834 1799 ‚
858 1760 1062 1793 Concludendi
1077 1765 1110 1794 δε
1123 1763 1239 1796 finaliter

173 1802 209 1833 &
231 1801 354 1839 plenarie
374 1799 563 1830 Terminandi
584 1800 618 1829 &
642 1799 773 1830 Finiendi
800 1799 837 1829 de
857 1801 890 1831 &
912 1801 991 1838 super
1011 1801 1188 1838 Sponsalibus
1205 1805 1239 1834 &

175 1838 390 1877 Matrimonio,
415 1837 527 1869 Divina
548 1847 689 1868 annuente
711 1837 896 1876 Clementia,
921 1840 993 1869 inter
1019 1839 1239 1872 Diseuiffimam

173 1878 339 1915 Dominam
365 1879 557 1914 Margaretam
579 1875 703 1906 nostram
718 1876 963 1916 Sereniffimaeque
977 1878 1115 1916 Principis
1131 1879 1241 1911 Domi-

174 1926 222 1948 nae
245 1915 421 1946 Elizabethae
441 1913 600 1946 Cariffimae
620 1914 770 1946 Consortis
793 1915 912 1952 Sponsae
931 1916 1036 1947 nostrae
1054 1917 1176 1956 Reginre
1201 1920 1241 1950 Α-

177 1955 358 1986 mantiffimae
377 1953 477 1983 Filiam
499 1956 638 1992 Majorem
664 1952 702 1989 &
727 1955 937 1991 Primogenitam
961 1956 1052 1985 modo
1076 1959 1242 1996 viventem,

175 1993 209 2024 &
227 1994 395 2031 praedictum
412 1992 538 2022 Fratrem
564 1994 598 2024 ὃς
614 1991 866 2029 Consanguineum
881 1993 1011 2024 nostrum
1026 1993 1162 2033 Jacohum
1180 2000 1243 2026 Sco-

175 2039 265 2062 torum
279 2035 374 2070 Regem
391 2030 630 2062 Praecariffimum
644 2030 742 2062 fiendis
760 2033 793 2063 &
809 2031 998 2069 celebrandis,

214 2071 260 2102 Ac
283 2070 320 2101 de
344 2071 377 2102 &
400 2069 480 2107 super
503 2069 586 2100 Dote
608 2069 654 2100 seu
681 2069 826 2100 Dotalitiis
846 2071 880 2101 &
899 2070 1113 2103 Donationibus
1129 2079 1244 2112 propter

182 2109 310 2147 Nuptias
322 2133 331 2146 ‚
359 2118 392 2139 ex
416 2108 493 2138 causa
506 2107 666 2146 hujusmodi
680 2107 861 2140 Matrimonii
876 2109 1055 2148 affignandis,
1074 2113 1243 2148 promitten-

177 2148 238 2186 dis,
253 2147 366 2185 dandis,
384 2147 568 2216 dgliberandis
582 2148 615 2179 &
628 2147 648 2166 ³*
664 2146 820 2185 solvendis,
839 2148 997 2179 Tra&andi
1008 2172 1018 2188 ,
1038 2148 1241 2182 Conveniendi

177 2188 211 2219 &
229 2187 402 2217 Concluden
425 2187 431 2216 i
1180 2223 1183 2225 μ

217 2226 312 2264 Atque
324 2226 360 2255 de
375 2209 566 2256 Pecimiarum
581 2224 709 2255 Summis
719 2247 729 2263 ,
745 2225 778 2256 δε
791 2225 899 2256 illamm
917 2226 1147 2266 Qantitatibus‚
1167 2229 1244 2260 Ter-

178 2266 335 2302 minisque,
350 2264 547 2301 Temporibus
565 2264 598 2294 &
614 2263 703 2294 Locis
721 2263 864 2295 dictarum
878 2264 1061 2296 Solutionum
1078 2277 1128 2303 pro
1147 2267 1244 2298 Nobis

179 2300 214 2335 δε
232 2303 368 2334 Nomine
386 2302 484 2333 nostro
501 2302 613 2340 fiendis,
631 2302 807 2340 mactandi,
824 2302 1088 2344 Communicandi,
1108 2305 1242 2337 Concor-

129 2355 132 2358 >
178 2342 265 2372 dandi
277 2364 288 2380 ,
302 2341 484 2379 paciscendi,
500 2342 533 2371 δε
551 2340 762 2378 Promittendi,
781 2341 954 2380 finaliterque
973 2345 1005 2374 &
1026 2344 1147 2381 plenarie
1167 2345 1243 2376 Ter-

178 2381 307 2415 minandi
323 2382 356 2412 &
376 2379 506 2411 Finiendi
557 2380 789 2417 Quietantiasque
813 2380 918 2411 debitas
937 2382 1017 2418 super
1040 2382 1171 2420 Receptis
1189 2384 1243 2415 hu-

173 2419 317 2459 jusmodi,
334 2419 353 2450 fi
365 2429 429 2457 quae
444 2403 712 2457 sintjlecipiendi,
732 2418 930 2456 Obligationes
947 2419 1242 2458 vero‚Cauti0nes&

177 2458 363 2494 Securitates,
383 2467 436 2496 pro
455 2455 555 2487 Nobis
574 2458 607 2489 ὅ(
625 2457 758 2487 Nomine
776 2457 965 2501 nostrokpro
982 2460 1144 2497 hujusmodi
1162 2460 1244 2493 Dore

177 2497 224 2528 seu
251 2495 464 2527 Donationibus
489 2505 605 2533 propter
635 2495 763 2533 Nuptias
788 2496 873 2526 dicte
899 2497 1145 2529 t’raedileetiffiniae
1167 2500 1244 2531 Filiae

178 2534 275 2574 xoslrae
287 2559 298 2573 ‚
321 2535 417 2565 eidem
440 2533 661 2573 Consanguineo
680 2534 780 2565 nostro
797 2538 933 2565 Scotorum
951 2539 1016 2575 Regi
1034 2536 1244 2579 Promittendi,

178 2573 279 2605 Dandi
297 2574 331 2605 &
351 2571 552 2611 Deliberandi‚
1056 2610 1061 2613 ξ

215 2612 346 2642 Necnon
371 2621 425 2650 pro
446 2611 546 2641 Nobis
563 2612 596 2642 ὃς
616 2609 752 2641 Nomine
768 2611 867 2642 nostro
885 2622 918 2644 ac
937 2612 1022 2644 diet-ie
1039 2614 1244 2647 Praediieetiffi-

178 2658 238 2681 111ae
256 2650 333 2680 Filiae
349 2650 444 2689 nostrae
461 2650 565 2681 Terras
580 2673 590 2689 ,
619 2649 699 2681 Loca
715 2673 725 2688 ,
752 2649 901 2690 Manena,
919 2651 1106 2684 Possessiones
1124 2656 1157 2685 ὅ(
1178 2655 1242 2686 Do-

179 2690 266 2719 minia
291 2690 327 2718 ab
350 2689 453 2719 eodem
480 2688 700 2719 Praeclariffimo
728 2687 951 2728 Consanguineo
977 2691 1075 2722 nostro
1105 2696 1241 2723 Scotorum

178 2730 248 2764 Rege
266 2736 320 2764 pro
339 2727 420 2757 Dote
437 2727 559 2765 ejusdem
576 2727 651 2757 Filiae
671 2726 766 2767 nostrie
784 2727 903 2758 Petendi
915 2752 925 2767 ‚
952 2729 1106 2766 Stipulandi
1125 2733 1158 2762 &
1178 2733 1243 2762 Exi-

198 2766 281 2804 endi‚
299 2765 518 2805 hujusmodique
537 2766 636 2804 Loca,
655 2765 774 2804 Terras,
793 2766 952 2805 Dominia‚
972 2767 1101 2800 Mane-ria
1119 2770 1152 2800 δε
1172 2771 1243 2801 Pos-

178 2775 326 2842 sessiones,
355 2815 407 2842 pro
424 2804 545 2842 ejusdem
564 2804 643 2839 Filiae
661 2804 758 2843 nostrae
778 2804 859 2836 Dote
878 2806 915 2836 sic
937 2808 1020 2843 petita
1039 2809 1072 2838 ὅ(
1088 2810 1243 2849 promissa,

178 2851 295 2873 necnon
311 2843 511 2880 Obligationes
525 2845 558 2875 &
583 2843 751 2874 Securitates
775 2844 805 2874 iu
821 2844 980 2882 hujusmodi
997 2844 1072 2876 Casu
1092 2847 1188 2886 utiles,
1209 2859 1241 2879 o·

178 2889 312 2918 portunas
331 2882 541 2923 necessariasve,
555 2882 694 2918 Petendi‚
713 2881 890 2918 Acceptandi
908 2884 941 2913 &
960 2883 1150 2923 Recipiendi,

217 2918 386 2957 Omniaque
402 2919 451 2949 alia
469 2920 503 2950 ὃς
521 2919 625 2957 singula
641 2918 774 2949 Faciendi
792 2921 824 2950 &
841 2920 1015 2951 Excercendi
1040 2934 1102 2960 quae
1119 2925 1146 2953 in
1165 2924 1244 2956 Prae-

178 2956 266 2988 missis
283 2957 330 2988 seu
348 2958 424 2987 circa
439 2967 471 2987 ea
490 2957 642 2987 necessaria
659 2957 778 2995 fuerint,
793 2958 839 2988 seu
857 2959 1076 2996 quomodolibet
1087 2972 1244 3002 oportuna,

174 2998 210 3028 &
227 2995 474 3034 quemadmodum
485 2995 571 3033 Nos,
589 2995 609 3025 si
626 2995 803 3033 personaliter
817 2997 1012 3037 intereffmus,
1029 3000 1120 3031 facere
1137 3004 1244 3039 poteri-

176 3045 259 3066 mus·

215 3056 418 3104 Pr’omittentes
436 3073 511 3103 bona
526 3071 583 3102 fide
601 3073 634 3103 &
651 3073 680 3102 in
699 3072 798 3103 Verbo
815 3073 912 3113 Regio
932 3074 1016 3113 Nos,
1037 3076 1125 3115 Rata,
1143 3077 1244 3117 Grata,

176 3111 211 3142 ὃ(
239 3112 334 3143 Firma
360 3112 502 3142 habituros
528 3112 629 3141 omnia
653 3112 686 3141 &
704 3111 808 3149 singula
827 3122 891 3150 quae
909 3123 956 3152 per
976 3116 1123 3153 praefatum
1143 3116 1242 3148 Reve-

174 3150 297 3181 rendum
321 3151 352 3180 in
368 3149 497 3180 'Christo
522 3149 638 3180 Patrem
661 3149 828 3180 Dominum
847 3152 992 3181 Ricardum
1007 3153 1163 3193 Epistopum
1179 3159 1241 3185 Du.

174 3188 337 3228 nolmenftrn
356 3188 488 3219 nostrum
501 3189 529 3218 in
542 3189 596 3219 hac
609 3187 692 3218 Parte
707 3188 942 3228 Procuratorem,
962 3190 1130 3231 Oratorem,
1146 3193 1240 3224 Corn-

176 3227 334 3258 miffarium
350 3228 383 3258 &
402 3227 634 3258 Ambaxiatorem
651 3227 681 3256 in
698 3226 849 3257 Praemitiis
869 3229 913 3258 seu
929 3239 1029 3260 eorum
1048 3231 1142 3269 aliquo
1158 3232 1241 3263 Con—

173 3275 277 3304 venta,
297 3265 497 3302 Appuntftuata
513 3289 522 3302 ‚
547 3265 730 3295 Concordata
747 3267 780 3297 &
800 3265 942 3298 Conclusa
963 3269 1084 3307 fuerint,
1099 3272 1183 3301 etiam
1203 3272 1237 3302 δε

171 3305 193 3335 fi
213 3305 318 3372 fuegnt
344 3312 420 3371 quies
433 3303 604 3335 Mandatum
619 3305 729 3342 exigant
747 3305 835 3343 magis
852 3306 969 3343 speciale
988 3308 1074 3346 quarn
1094 3308 1240 3341 Praesenti-

173 3344 228 3373 bus
245 3354 261 3374 e
305 3352 337 3372 ex
359 3352 387 3372 re
414 3351 471 3372 um.

170 3380 242 3449 PIn
267 3352 358 3420 cujusp
369 3379 427 3410 Rei
451 3379 668 3411 Testimonium
688 3381 737 3412 has
763 3381 883 3413 Litteras
910 3382 1017 3414 nostras
1041 3383 1101 3415 fieri
1116 3384 1237 3417 fecimus

196 3427 311 3451 atentes.

32 2153 54 2177 ἦ
72 2154 144 2185 XII.

36 2203 101 2233 730.

207 3494 298 3526 Teste
325 3495 439 3534 Meipsb
463 3495 537 3535 apud
562 3495 684 3535 Castrum
699 3490 817 3537 nostrum
838 3499 964 3529 Winton.
982 3500 1009 3530 xi
1027 3498 1086 3531 Die
1104 3500 1235 3540 Septem-

169 3532 245 3572 bris,
263 3534 352 3565 Anno
371 3536 469 3575 Regni
484 3534 574 3566 nostri
593 3535 834 3574 Qintodecimo.
913 3555 916 3557 >

373 3659 468 3703 Super
486 3657 601 3690 Um‘one
615 3657 814 3700 Ecclesiarum
835 3657 1020 3704 dispenfimo.

19 3755 149 3790 Anna
235 3741 473 3785 Laxannsn
498 3739 737 3785 ,Episcopus
762 3741 1135 3777 ServusservorumDeiad
1152 3746 1228 3778 futu-

15 3805 136 3871 Affi'zzj·
204 3791 312 3858 Exraimnj
317 3788 553 3849 ιξῗᾶὶῖεῐῖῗῐῗξίξὶ
556 3803 674 3856 'desuper
701 3814 877 3856 Apostolicae
895 3818 1041 3851 Servitutis
1058 3821 1171 3852 Officio
1189 3822 1225 3853 ad

164 3866 196 3886 ea
222 3858 343 3889 libenter
367 3856 540 3887 intendimus
557 3878 566 3894 ‚
592 3866 641 3893 per
665 3866 740 3900 quae·
754 3856 943 3888 Personarum
969 3857 1225 3891 Ecclesiasticarum

164 3898 297 3965 emglilum
316 3894 687 3965 llaraesentiurSeLitterarum
705 3894 816 3926 scientis
836 3896 1030 3936 praeditarum,
1048 3897 1225 3929 Commodi-

164 3941 214 3964 tati
255 3945 267 3964 s
283 3946 319 3966 va
332 3944 374 3966 eat
411 3943 473 3964 rovi
513 3943 536 3962 ri

200 3971 275 4003 Sane
292 3983 346 4011 pro
366 3943 447 4004 Pii'rte
466 3971 576 4001 Dileffi
595 3969 658 4000 Filii
676 3968 822 4001 Willielmi
842 3969 945 4002 G'ubins
969 3973 1105 4005 Re&oris
1125 3975 1227 4006 Parro-

163 4009 258 4040 cbialis
276 4010 410 4042 Ecclesiae
428 4011 464 4041 de
484 4009 600 4048 Bradley
618 4007 838 4040 Conventrensis
863 4011 896 4041 &
918 4010 1119 4043 Lichfeldensis
1138 4013 1226 4044 Dioe-

163 4048 251 4087 cesis,
270 4048 398 4087 Magistri
414 4051 443 4080 in
463 4049 593 4086 Artibus,
612 4047 712 4078 Nobis
729 4057 817 4087 nuper
834 4049 956 4080 exhibita
971 4049 1075 4081 Petitio
1094 4054 1226 4082 contine-

162 4088 210 4117 bat
229 4087 310 4125 quod
324 4110 334 4126 ‚
357 4087 378 4118 si
400 4086 586 4119 parrochialis
611 4085 733 4116 Ecclesia
753 4086 789 4116 de
807 4085 1013 4127 Chyrcheytun
1034 4089 1119 4120 dietae
1138 4090 1226 4120 Dioe-

162 4125 231 4158 cesis
244 4150 254 4164 ,
277 4134 367 4164 quarn
391 4125 426 4157 &
449 4126 556 4159 dictam
581 4124 740 4157 Ecclesiam
766 4125 802 4158 de
823 4124 940 4166 Bradley
959 4134 994 4158 ex
1011 4126 1225 4167 Dispensatione

18 3878 54 3901 H.
74 3883 100 3909 7.

16 3915 58 3939 Ex
71 3914 142 3950 Orig.

2237 257 2314 300 143

1263 312 1429 362 Apostolica
1443 319 1528 360 *inter
1553 330 1653 352 caetera
1678 323 1814 361 obtinet,
1841 324 1935 356 eidem
1963 325 2098 358 Ecclesiae
2121 327 2157 359 de
2181 329 2314 370 Bradley,
2333 327 2466 362 Anu-D-

1261 361 1394 388 quamdiu
1408 361 1459 393 ipse
1479 357 1642 390 lVilliclnsus
1656 361 1731 391 illam
1744 364 1896 394 obtinuerit
1911 365 2056 403 duntaxat,
2076 368 2199 398 uniretur
2209 392 2218 406 ,
2230 380 2315 400 anne-
2361 376 2446 407 1499-

1261 392 1384 419 &eretur
1406 396 1438 422 ὅς
1464 404 1685 433 incorp.=raretur
1700 422 1709 437 ‚
1735 410 1770 430 ex
1795 402 1852 431 hoc
1877 403 2011 440 profesto
2037 404 2151 444 ejusdem
2175 407 2315 438 MJillielmi
2334 412 2397 436 ΗΜ.
2417 417 2445 443 7-

1264 426 1461 459 Commodias
1475 433 1524 462 bus
1541 445 1599 465 non
1614 447 1709 474 parum
1728 440 1924 470 consuleretur.

1300 466 1398 503 Quare
1415 478 1468 504 pro
1488 470 1696 516 Partebeyufiiem
1715 476 1875 516 willielmi,
1894 479 2035 511 afferentis
2053 481 2188 520 Frue'tus,
2206 482 2318 515 Reddi-

1261 512 1308 548 tus
1324 506 1356 534 ὅτ.
1375 503 1533 550 proventus
1551 510 1635 542 dietae
1650 513 1783 545 Ecclesie
1802 516 1837 546 de
1850 517 2054 557 Chyrclieytun
2069 520 2225 552 duodecim
2235 521 2318 552 Mar-

1262 543 1391 573 chiarum
1410 544 1635 586 Sterlingorum,
1653 554 1766 588 triginta
1784 554 1888 592 septem
1909 556 2039 587 Ducatos
2057 559 2124 588 Auri
2143 559 2179 589 de
2195 559 2319 591 Carnem

1263 581 1308 611 vel
1329 583 1404 612 circa
1423 583 1655 616 constituentium
1667 611 1676 625 ,
1691 591 1843 622 secundum
1860 594 2059 626 Communem
2082 598 2318 638 extimationem,

1265 619 1402 650 Valorem
1424 622 1562 665 Annuum
1582 633 1649 667 non<
1658 629 1806 665 excedere,
1826 631 1926 662 Nobis
1942 632 1994 664 fuit
2014 635 2155 665 humiliter
2170 638 2317 673 Supplica-

1263 666 1326 688 tum
1359 667 1390 689 ut
1408 660 1515 690 ditham
1532 660 1700 707 'Ecclesiam
1724 666 1759 695 de
1780 667 1985 709 Chyrcheytun
2007 674 2099 703 eidem
2127 673 2262 705 Ecclesiae
2282 676 2319 706 de

1267 695 1403 736 Bradley,
1423 699 1558 736 quamdiu
1572 701 1623 739 zpfi¹
1641 701 1805 733 Willielnms
1818 706 1890 735 illam
1909 710 2058 740 obtinuerit
2073 712 2203 743 duntaxa:
2241 713 2319 744 Uni.¹

1266 746 1311 780 re,
1323 736 1482 768 Annectere
1497 739 1529 769 ὃ(
1541 739 1725 776 incorporare
1735 763 1744 778 ,
1759 742 1875 779 aliasque
1889 746 1918 774 in
1934 747 2080 780 Praemiffis
2096 736 2239 788 oportur’ie
2253 762 2320 790 pro-

1267 775 1362 805 videre
1375 775 1412 806 de
1428 776 1599 815 Benignitate
1614 778 1782 814 Apostolica
1796 781 1982 819 dignaremur.
2110 806 2113 809 Δ

1305 813 1371 844 Nos
1404 815 1487 854 'igitur
1508 837 1518 853 ,
1541 817 1589 853 qui
1617 817 1727 848 dudum
1755 819 1826 848 inter
1853 820 1903 850 alia
1922 822 2062 854 voluimus
2085 827 2165 863 quod
2194 837 2320 865 petentes

1266 850 1408 883 Beneficia
1439 853 1633 886 Ecclesiastica
1658 856 1716 886 aliis
1734 856 1843 894 Uniri‚
1871 867 2029 890 tenerentur
2049 867 2204 899 exprimere
2222 877 2321 897 verum

1266 890 1408 922 Annuum
1423 892 1557 923 Valorem
1576 893 1731 924 secundum
1751 897 1962 927 extimationem
1989 901 2151 935 praediCtam
2170 905 2252 934 etiam
2269 905 2324 935 Be-

1267 929 1361 959 neficii
1387 931 1434 960 cui
1449 931 1525 961 aliud
1542 934 1613 963 uniri
1632 942 1769 970 peteretur
1782 957 1791 970 ,
1817 934 1941 973 alioquin
1961 935 2046 966 Unio
2063 948 2120 968 non
2137 941 2237 972 valeret
2253 964 2262 980 ,
2287 945 2322 975 &

1268 968 1376 1006 semper
1393 970 1422 998 in
1441 969 1611 1001 Unionibus
1627 972 1792 1003 commissio
1815 973 1894 1003 fieret
1911 974 1944 1003 ad
1964 975 2058 1005 Partes
2078 980 2182 1007 vocatis
2201 990 2323 1017 quorum

1267 1006 1410 1037 interesset
1423 1031 1432 1045 ‚
1448 1008 1595 1047 praefatum
1616 1009 1795 1040 Willffelmm
1816 1023 1832 1042 a
1852 1013 1992 1049 quibusvis
2011 1013 2324 1049 Excommunicationis

1269 1044 1460 1080 Suspensionis
1474 1048 1660 1078 &interdieti
1670 1072 1681 1089 ἶ
1696 1050 1806 1087 aliisque
1818 1050 2015 1082 Ecclesiasticss
2023 1052 2170 1084 Sententiis
2179 1078 2188 1092 ‚
2197 1054 2328 1086 Censuris

1270 1083 1304 1125 ὃς
1316 1082 1416 1127 Pctnis
1436 1085 1532 1123 aJure
1555 1087 1601 1117 vel
1618 1088 1654 1117 ab
1668 1087 1800 1119 Homine
1815 1091 1911 1126 quavis
1923 1091 2074 1121 occasione
2089 1093 2134 1122 vel
2151 1094 2234 1124 causa
2250 1096 2326 1132 latis,

1271 1124 1290 1151 si
1309 1122 1408 1159 quibus
1428 1125 1650 1161 quomodolibet
1663 1127 1791 1157 inodatus
1803 1127 1913 1165 existit,
1939 1130 1973 1159 ad
1988 1129 2125 1160 effectum
2144 1131 2328 1164 Praeseiitiurn

1270 1159 1401 1191 duntaxat
1424 1163 1656 1202 consequendum
1671 1187 1679 1202 ,
1700 1164 1799 1195 harum
1820 1167 1885 1196 serie
1907 1167 2138 1203 Absolventes&
2154 1170 2327 1201 Absolutum

1268 1198 1330 1229 fore
1351 1201 1492 1231 censentes
1508 1225 1518 1239 ,
1544 1211 1599 1232 nec
1621 1213 1681 1233 non
1695 1205 1793 1234 omnia
1808 1206 1840 1235 ὃς
1854 1204 1958 1243 singula
1974 1206 2023 1236 alia
2041 1206 2177 1238 Beneficia
2191 1208 2329 1239 Ecclesia-

1275 1236 1362 1276 stica,
1388 1248 1456 1268 cum
1478 1239 1555 1271 Cura
1579 1243 1612 1272 &
1631 1241 1687 1272 fine
1711 1241 1790 1272 Cura
1808 1266 1817 1280 ,
1843 1253 1907 1281 qaae
1924 1244 1994 1273 idem
2010 1244 2175 1275 Willieliws
2189 1249 2273 1277 etiam
2291 1257 2327 1278 ex

1271 1276 1414 1313 quibusvis
1430 1278 1485 1307 asiis
1506 1284 1519 1294 *
1540 1278 1800 1317 Dispensationibus
1818 1281 1989 1318 Apostolicis
2004 1284 2162 1315 obtinet&
2181 1286 2328 1324 expectat,
2351 1284 2368 1307 θ
2387 1288 2465 1324 xm·

1269 1324 1301 1344 ac
1316 1315 1344 1344 in
1362 1317 1462 1353 quibus
1475 1318 1507 1347 ὃς
1517 1317 1552 1347 ad
1568 1328 1632 1355 quae
1645 1317 1695 1356 Jus
1713 1319 1759 1348 sibi
1777 1321 1996 1358 quomodolibet
2010 1324 2168 1360 competit5
2183 1334 2328 1362 quecum-
2350 1339 2381 1367 73
2391 1334 2414 1358 r.

1272 1364 1346 1396 que,
1363 1364 1559 1393 quotcumque
1579 1357 1612 1386 δε
1631 1358 1848 1395 qualiacumque
1867 1360 1918 1389 sint
1932 1382 1941 1398 ‚
1957 1370 2112 1398 eorumque
2125 1371 2158 1392 ac
2173 1362 2257 1393 dictae
2271 1363 2331 1394 Ec-

1272 1392 1364 1422 clesiae
1378 1393 1413 1424 de
1437 1393 1550 1433 Bradley
1573 1395 1750 1433 Frudtuum,
1776 1397 1949 1427 Reddituum
1973 1400 2006 1430 δε
2027 1399 2223 1431 Proventuum
2248 1412 2330 1432 veros

1273 1431 1396 1461 Annuos
1415 1430 1531 1463 Valores
1547 1443 1579 1463 ac
1603 1434 1762 1471 hujusmodi
1778 1435 2024 1473 Dispensationum
2041 1439 2171 1469 Tenores
2188 1439 2334 1471 Praesenti-

1274 1469 1326 1499 bus
1342 1480 1394 1507 pro
1407 1471 1535 1507 expressis
1551 1473 1701 1510 habentes,
1720 1473 1875 1505 Ecclesiam
1891 1476 1927 1504 de
1942 1474 2147 1515 Chytcheytun
2166 1479 2332 1516 praedictam

1275 1517 1343 1538 curn
1360 1510 1495 1539 omnibus
1506 1510 1617 1547 Juribus
1633 1513 1665 1541 ὃς
1684 1511 1862 1543 Pertinentiis
1878 1513 1928 1543 suis
1943 1515 2034 1544 eidem
2051 1514 2185 1546 heclesiae
2200 1517 2237 1548 de
2248 1517 2333 1548 Brad-

1275 1546 1337 1584 ley,
1356 1548 1489 1585 quamdiu
1502 1548 1554 1587 ips}
1576 1549 1742 1580 Willielmus
1757 1552 1833 1581 islam
1854 1552 2010 1583 obtinuerit
2024 1553 2171 1591 duntaxat,
2191 1555 2333 1586 Austori-

1275 1594 1330 1615 tate
1348 1585 1515 1622 Apostolica
1533 1588 1651 1617 Terrore
1666 1588 1849 1619 praesentium
1865 1590 2009 1629 Unimus,
2029 1593 2218 1624 Anneehmus
2234 1595 2267 1625 &
2286 1594 2334 1625 In-

1276 1633 1460 1662 corporamus
1470 1649 1479 1662 ,
1497 1627 1533 1656 ita
1550 1626 1632 1664 quod
1648 1626 1728 1657 liceat
1739 1628 1821 1657 eidem
1837 1627 1984 1658 Willielmo
2001 1640 2049 1667 per
2062 1631 2098 1660 Se
2116 1633 2160 1663 vel
2174 1634 2258 1663 aliurn
2269 1655 2278 1670 >
2288 1633 2334 1664 seu

1276 1662 1343 1692 alios
1369 1664 1547 1701 corporalem
1569 1663 1705 1695 Ecclefiae
1729 1665 1765 1696 de
1789 1665 1991 1705 Chyrcheytun
2012 1667 2182 1707 Juriumque
2195 1672 2226 1701 ὃς
2243 1672 2336 1702 Perti·-

1277 1702 1432 1732 nentiatum
1456 1703 1658 1740 praedi6torum
1679 1703 1885 1734 Poffeffionem
1911 1707 2023 1744 propria
2047 1707 2225 1739 Aneroritate
2248 1710 2338 1740 libere

1276 1740 1502 1778 apprehendere,
1521 1743 1554 1773 ὃ(
1572 1742 1707 1779 quamdiu
1726 1743 1832 1773 dic'tam
1850 1743 2003 1774 Ecclesiam
2020 1745 2055 1775 de
2070 1744 2185 1786 Bradley
2202 1749 2337 1778 obtinue-

1277 1780 1311 1808 rit
1333 1780 1465 1816 rednere,
1483 1781 1609 1818 illiusque
1621 1781 1762 1820 Ρτυᾶυς,
1782 1781 1921 1813 Redditus
1936 1785 1968 1814 ὃ(
1990 1783 2148 1815 Proventus
2170 1788 2197 1815 in
2216 1786 2277 1815 suos
2300 1796 2335 1816 ac

1276 1817 1413 1848 dit-<tarum
1438 1819 1628 1849 Ecclesiarum
1651 1819 1712 1850 usus
1735 1821 1938 1858 utilitatemque
1963 1829 2156 1862 convertere5
2182 1823 2337 1855 Diocesani

1277 1855 1333 1887 loci
1349 1857 1394 1886 vel
1408 1858 1526 1895 cujusvis
1542 1859 1652 1888 alterius
1668 1858 1796 1889 Licentia
1808 1860 1887 1897 super
1899 1860 1957 1890 hoc
1973 1861 2093 1891 minime
2110 1862 2257 1901 requisira;
2275 1873 2338 1894 non

1277 1894 1452 1926 obstantibus
1473 1896 1625 1928 Voluntate
1646 1897 1778 1935 praedicta
1793 1921 1803 1936 ,
1836 1908 1869 1928 ac
1892 1899 1977 1928 bonae
2000 1902 2147 1930 memoriae
2168 1903 2279 1930 orionis
2297 1900 2337 1936 &-

1281 1933 1411 1964 OHoborzi
1429 1935 1499 1965 olim
1519 1937 1546 1965 in
1563 1935 1673 1973 Regno
1687 1935 1797 1975 Angliac
1813 1936 1989 1975 Apostolicae
2002 1937 2081 1968 Sedis
2095 1938 2285 1978 Legamrum,
2303 1949 2337 1970 ac

1279 1973 1307 2001 in
1338 1973 1566 2004 Provincialibus
1587 1975 1620 2005 &
1642 1974 1818 2005 Sinodalibus
1839 1974 1981 2005 Conciliis
2005 1976 2083 2006 editis
2104 1979 2276 2016 generisbus
2290 1978 2339 2009 vel

1278 2010 1441 2048 specialibus
1464 2012 1726 2043 Constitutionibus
1751 2015 1784 2044 ἃ
1809 2012 2045 2045 Ordinationibus
2064 2018 2208 2047 contrariis
2222 2019 2339 2055 quibus-

1280 2059 1413 2089 cunque,
1431 2060 1476 2081 aut
1498 2052 1516 2081 fi
1538 2052 1622 2089 aliqui
1642 2051 1722 2088 super
1741 2050 1952 2082 provisionibus
1975 2053 2024 2082 sibi
2044 2054 2177 2085 faciendis
2192 2055 2229 2085 de
2245 2056 2341 2094 hujus-

1280 2091 1358 2119 modi
1372 2091 1416 2120 vel
1432 2090 1490 2120 aliis
1511 2089 1655 2120 Beneficiis
1669 2090 1870 2120 Ecclesiasticis
1891 2092 1920 2120 in
1935 2091 1986 2121 illis
2003 2091 2133 2122 Partibus
2146 2093 2274 2130 speciales
2290 2093 2338 2124 vel

1279 2128 1418 2165 generales
1441 2128 1525 2158 dietae
1557 2129 1636 2159 Sedis
1661 2129 1707 2160 vel
1731 2128 1900 2169 Legatorum
1921 2131 1979 2167 ejus
2000 2130 2119 2162 Litteras
2139 2132 2314 2168 impetrarint
2329 2155 2340 2169 ‚

1278 2166 1383 2196 etiamsi
1405 2177 1452 2204 per
1467 2177 1510 2197 eas
1527 2167 1562 2197 ad
1575 2167 1778 2198 Inhibitionem
1791 2192 1799 2205 ‚
1821 2168 2053 2198 Reservationem
2069 2170 2102 2200 δε
2122 2169 2280 2201 Decretum
2295 2171 2342 2201 vel

1278 2205 1341 2234 alias
1364 2206 1583 2242 quomodolibet
1604 2206 1636 2237 sit
1655 2205 1826 2237 Proceffum
1841 2229 1851 2244 ,
1875 2217 1942 2244 quas
1959 2207 2074 2245 quidem
2091 2207 2198 2239 Literas
2215 2209 2248 2239 ὃ(
2271 2209 2343 2239 Pro-

1278 2243 1366 2273 cessus
1379 2244 1489 2274 habitos
1505 2253 1554 2282 per
1565 2246 1673 2274 easdem
1685 2246 1718 2276 ὃς
1734 2245 1798 2275 inde
1813 2245 1906 2276 secuta
1921 2255 2098 2284 quaecunque
2113 2246 2147 2276 ad
2161 2247 2268 2276 distam
2285 2246 2344 2277 Ec-

1279 2282 1389 2313 clesiam
1411 2283 1446 2313 de
1468 2282 1674 2323 Chyrcheytun
1699 2284 1838 2314 Volumus
1863 2294 1922 2313 non
1944 2286 2057 2315 extendi
2075 2309 2084 2322 ‚
2111 2285 2156 2315 sed
2170 2286 2280 2316 nussum
2295 2295 2345 2323 per
2376 2304 2379 2305 ν

1277 2321 1336 2351 hoc
1366 2323 1404 2351 eis
1426 2322 1520 2359 quoad
1542 2322 1750 2352 assecutionem
1773 2321 1980 2352 Beneficiorum
2002 2324 2122 2353 aliorum
2145 2324 2342 2361 praejudicium

1276 2361 1400 2398 generari
1416 2382 1425 2398 ,
1444 2360 1478 2391 &
1503 2360 1673 2398 quibussibet
1691 2362 1748 2391 aiii÷
1769 2360 1925 2400 privilegiis
1940 2384 1949 2399 ,
1975 2360 2155 2400 Indulgentiis
2179 2364 2212 2394 ὃ(
2232 2363 2344 2394 Litteris

1278 2398 1449 2436 Apostolicis
1470 2400 1643 2438 generalibus
1666 2399 1709 2430 vel
1731 2399 1908 2438 specialibus,
1926 2410 2164 2438 quorumcunque
2182 2401 2339 2432 Tenorum

1276 2437 1393 2468 existant
1402 2454 1412 2476 5
1429 2448 1478 2475 per
1491 2448 1555 2476 quae
1571 2437 1756 2469 Praesentibus
1779 2448 1838 2468 non
1853 2437 2007 2476 expressam
2024 2440 2068 2469 vel
2084 2440 2206 2471 totaliter
2221 2449 2281 2470 non
2298 2442 2343 2471 in-

1278 2476 1375 2507 sertam
1398 2475 1517 2507 effecius
1537 2487 1636 2507 earum
1658 2476 1786 2515 impediri
1808 2476 1896 2507 valeat
1917 2477 2135 2515 quomodolibet
2157 2478 2202 2509 vel
2218 2478 2345 2517 differri,

1279 2516 1310 2545 ὃ(
1326 2515 1361 2545 de
1378 2515 1480 2552 quibus
1495 2525 1676 2553 quorumque
1689 2517 1753 2546 totis
1768 2515 1933 2546 Tenoribus
1945 2516 1981 2546 de
1995 2516 2086 2547 verbo
2102 2517 2136 2547 ad
2152 2515 2276 2548 verbum
2291 2518 2344 2549 ha-

1278 2553 1370 2584 benda
1383 2554 1413 2583 sit
1430 2555 1458 2584 in
1475 2553 1576 2584 nostris
1598 2554 1707 2584 Litteris
1722 2555 1829 2584 mentio
1841 2554 1971 2591 specialis.
2217 2594 2219 2596 η

1316 2591 1458 2622 Volumus
1473 2602 1566 2623 autem
1580 2593 1676 2631 quod,
1698 2602 1812 2631 propter
1829 2592 1859 2622 U
1864 2593 1982 2635 nionem
1995 2617 2004 2631 ‚
2024 2588 2225 2625 Annexioriem
2242 2596 2276 2626 δε
2294 2593 2344 2626 In-

1278 2632 1509 2668 corporationem
1530 2633 1675 2668 praedic‘tas
1690 2653 1700 2668 ,
1722 2631 1797 2662 diffisa
1821 2630 1945 2662 Ecclesia
1961 2631 1997 2661 de
2012 2632 2218 2672 Chyrcheytun
2234 2634 2338 2664 debitis

1279 2677 1423 2706 propterea
1437 2677 1497 2700 non
1511 2670 1651 2700 fraudetur
1665 2668 1817 2708 obsequiis
1830 2692 1840 2708 ‚
1860 2670 1894 2700 δε
1910 2670 2081 2700 Animarum
2097 2671 2174 2701 Cura
2185 2673 2215 2701 in
2230 2682 2261 2701 ea
2275 2672 2340 2702 nul-

1277 2708 1383 2739 latenus
1396 2709 1550 2748 negligatur
1561 2731 1570 2746 ,
1594 2709 1638 2739 sed
1652 2710 1709 2746 ejus
1717 2710 1852 2749 congrue
1866 2709 2062 2746 supportentur
2079 2708 2176 2740 Onera
2190 2710 2340 2752 consueta,

1277 2748 1430 2784 quodque,
1449 2748 1579 2777 Cedente
1597 2747 1643 2778 vel
1661 2747 1825 2777 Decedente
1849 2746 1920 2776 disto
1940 2746 2106 2785 Wdlielmo,
2121 2747 2166 2778 seu
2181 2747 2339 2779 Ecclesiam

1277 2785 1314 2815 de
1330 2785 1425 2816 Bradle
1458 2786 1622 2823 praedictam
1638 2786 1702 2814 alias
1718 2784 1938 2822 quomodolibet
1955 2785 2142 2823 Dimittente‚
2160 2786 2262 2825 Unio,
2278 2787 2341 2817 An-

1277 2825 1360 2854 nexio
1377 2825 1410 2855 ὃ(
1425 2794 1620 2862 incorporatio
1639 2823 1782 2862 praedietae
1799 2822 1950 2853 Dissolutae
1967 2823 2018 2853 sint
2032 2824 2066 2853 &
2081 2824 2139 2853 elle
2155 2825 2337 2863 censeantur,

1277 2863 1408 2901 dietaque
1423 2863 1547 2894 Ecclesia
1560 2862 1597 2892 de
1613 2861 1819 2900 Chyrcheytun
1834 2862 1861 2891 iri
1884 2861 2033 2899 pristinum
2053 2861 2162 2892 Statum
2186 2872 2342 2894 revertatur

1279 2911 1315 2931 eo
1332 2902 1391 2938 ipso
1406 2924 1415 2935 ,
1434 2902 1467 2932 &
1490 2902 1599 2939 insuper
1620 2909 1655 2930 ex
1669 2910 1746 2930 nunc
1758 2899 1871 2929 Irritum
1889 2901 1922 2930 &
1938 2899 2024 2929 Inane
2041 2899 2249 2938 Decernimus,
2265 2902 2283 2931 si
2301 2902 2342 2931 se-

1279 2940 1331 2970 ctis
1347 2940 1426 2976 super
1440 2941 1491 2969 hiis
1507 2949 1521 2968 a
1533 2948 1678 2976 quoquam
1691 2939 1789 2976 quavis
1798 2937 1976 2968 Auctoritate
1989 2937 2106 2968 scienter
2121 2938 2166 2970 vel
2181 2939 2341 2977 ignoranter

1279 2979 1431 3014 contigerit
1446 2978 1612 3014 attemptari.

1317 3016 1401 3046 Nulli
1427 3026 1497 3052 ergo
1522 3016 1647 3045 omnino
1677 3013 1846 3044 Hominum
1870 3014 1953 3044 licent
1975 3013 2048 3045 hanc
2075 3012 2214 3052 Paginam
2237 3015 2342 3046 nostrae

1278 3053 1492 3092 Absolutionis‚
1509 3054 1657 3091 Unionis,
1674 3053 1864 3091 Annesionis,
1883 3051 2141 3092 Incorporationis‚
2161 3053 2338 3093 Voluntatis,

1279 3095 1313 3125 &
1326 3093 1445 3124 Decreti
1460 3093 1629 3132 infringere,
1647 3092 1707 3122 &c.

1315 3168 1383 3200 Dat.
1401 3172 1492 3199 Romae
1505 3169 1579 3208 apud
1591 3169 1719 3198 Sanffi'um
1730 3169 1859 3207 Petrum,
1875 3167 1964 3198 Anno
1981 3166 2184 3199 Incarnationis
2199 3168 2338 3199 Domini-

1279 3218 1323 3238 cae
1353 3207 1509 3238 Millesimo
1525 3231 1534 3246 ‚
1566 3207 1853 3246 Qadringentesimo
1879 3207 2077 3245 Nonagesimo
2104 3216 2185 3237 nono
2202 3229 2212 3245 ‚
2235 3207 2339 3238 Tertio

1276 3246 1360 3276 Nonv
1381 3246 1537 3284 Otitobris,
1554 3244 1743 3277 Pontificatus
1756 3244 1845 3275 nostri
1860 3245 1948 3276 Auno
1963 3246 2077 3276 octavo.

1274 3326 1317 3353 A.
1336 3325 1368 3353 de
1380 3321 1554 3354 Buccabellis.

1275 3364 1307 3391 P.
1323 3362 1408 3392 Tubu.

1274 3404 1316 3430 A.
1334 3404 1362 3430 V
1364 3412 1431 3431 ives.

1825 3324 1869 3350 A.
1889 3319 1996 3349 Calder.
2017 3319 2096 3358 an.

1824 3363 1867 3388 A.
1888 3361 2090 3389 But-camatm,

1824 3400 1860 3426 Ο.
1876 3398 1908 3427 de
1924 3396 2035 3427 Brakel.

1310 3477 1400 3515 Super
1420 3477 1528 3508 Plicam
1536 3499 1546 3515 ,

1308 3557 1467 3588 Auscultata
1487 3567 1555 3588 cum
1580 3554 1753 3595 Registrario
1774 3553 1930 3584 Literarum
1951 3549 2188 3592 Apostolicarum
2212 3562 2261 3593 per
2280 3563 2327 3585 me

1269 3596 1321 3635 Jo.
1339 3596 1464 3627 Eleffltm
1480 3600 1648 3626 Terrasmon.
1665 3595 1699 3625 ὃ(
1714 3592 1876 3623 concordat.
2275 3634 2279 3638 Ι

2123 3634 2155 3661 Ρ.
2174 3630 2307 3661 Valentia.

2128 3672 2159 3699 F.
2173 3669 2204 3698 de
2219 3665 2325 3699 Homel.

1739 3743 2005 3776 Ati-„nuncii
2023 3744 2132 3776 PAPA
2151 3743 2328 3780 Sex-rusa

1422 3822 1478 3855 Sub
1493 3820 1583 3891 εέςίΙζο
1600 3820 1741 3859 Plumbeo,
1759 3833 1777 3851 a
1792 3820 1858 3852 Filis
1865 3820 1960 3861 firicis
1971 3821 2048 3861 flavi
2061 3819 2182 3861 rubeique
2196 3818 2318 3856 Colorem

1450 3870 1504 3902 pen
1523 3872 1554 3890 en
1569 3871 1591 3890 ἒ.
