<?xml version="1.0" encoding="UTF-8"?>
<!DOCTYPE html PUBLIC "-//W3C//DTD XHTML 1.0 Transitional//EN"
    "http://www.w3.org/TR/xhtml1/DTD/xhtml1-transitional.dtd">
<html xmlns="http://www.w3.org/1999/xhtml" xml:lang="en" lang="en">
 <head>
  <title>
</title>
<meta http-equiv="Content-Type" content="text/html;charset=utf-8" />
  <meta name='ocr-system' content='tesseract 3.04.00' />
  <meta name='ocr-capabilities' content='ocr_page ocr_carea ocr_par ocr_line ocrx_word'/>
</head>
<body>
  <div class='ocr_page' id='page_1' title='image "./fderaconventione05ryme_0755.png"; bbox 0 0 2555 4266; ppageno 0'>
   <div class='ocr_carea' id='block_1_1' title="bbox 749 234 2334 312">
    <p class='ocr_par' dir='ltr' id='par_1_1' title="bbox 749 234 2334 312">
     <span class='ocr_line' id='line_1_1' title="bbox 749 234 2334 312; baseline 0.013 -34"><span class='ocrx_word' id='word_1_1' title='bbox 749 234 851 279; x_wconf 83' lang='lat' dir='ltr'>ET</span> <span class='ocrx_word' id='word_1_2' title='bbox 915 238 1187 281; x_wconf 86' lang='lat' dir='ltr'>ACTA</span> <span class='ocrx_word' id='word_1_3' title='bbox 1250 236 1733 289; x_wconf 56' lang='lat' dir='ltr'>Ponticis.</span> <span class='ocrx_word' id='word_1_4' title='bbox 2254 265 2334 312; x_wconf 84' lang='lat'>135</span> 
     </span>
    </p>
   </div>
   <div class='ocr_carea' id='block_1_2' title="bbox 180 365 1231 386">
    <p class='ocr_par' dir='ltr' id='par_1_2' title="bbox 180 365 1231 386">
     <span class='ocr_line' id='line_1_2' title="bbox 180 365 1231 386; baseline 0 3880"><span class='ocrx_word' id='word_1_5' title='bbox 180 365 1231 386; x_wconf 95' lang='lat' dir='ltr'> </span> 
     </span>
    </p>
   </div>
   <div class='ocr_carea' id='block_1_3' title="bbox 29 339 2482 488">
    <p class='ocr_par' dir='ltr' id='par_1_3' title="bbox 29 339 2482 488">
     <span class='ocr_line' id='line_1_3' title="bbox 29 339 2482 419; baseline 0.007 -21"><span class='ocrx_word' id='word_1_6' title='bbox 29 347 159 419; x_wconf 53' lang='lat' dir='ltr'>AlnstD·</span> <span class='ocrx_word' id='word_1_7' title='bbox 1272 363 1438 397; x_wconf 74' lang='lat' dir='ltr'>Confitnilia</span> <span class='ocrx_word' id='word_1_8' title='bbox 1452 368 1548 400; x_wconf 84' lang='lat' dir='ltr'>Brevia</span> <span class='ocrx_word' id='word_1_9' title='bbox 1561 370 1718 416; x_wconf 68' lang='lat' dir='ltr'>dirigunmr</span> <span class='ocrx_word' id='word_1_10' title='bbox 1732 371 1928 406; x_wconf 86' lang='lat' dir='ltr'>Escaetoribus</span> <span class='ocrx_word' id='word_1_11' title='bbox 1941 376 2112 417; x_wconf 80' lang='lat' dir='ltr'>subscriptis,</span> <span class='ocrx_word' id='word_1_12' title='bbox 2130 379 2162 410; x_wconf 88' lang='lat' dir='ltr'>in</span> <span class='ocrx_word' id='word_1_13' title='bbox 2175 379 2328 413; x_wconf 84' lang='lat' dir='ltr'>Comitati-</span> <span class='ocrx_word' id='word_1_14' title='bbox 2345 339 2482 418; x_wconf 56' lang='lat' dir='ltr'>A1naii,i9I-)q</span> 
     </span>
     <span class='ocr_line' id='line_1_4' title="bbox 32 396 2449 463; baseline -0.005 -6"><span class='ocrx_word' id='word_1_15' title='bbox 32 396 141 463; x_wconf 48' lang='lat' dir='ltr'>suffigi</span> <span class='ocrx_word' id='word_1_16' title='bbox 585 442 590 447; x_wconf 95' lang='lat'>.</span> <span class='ocrx_word' id='word_1_17' title='bbox 620 443 626 448; x_wconf 94' lang='lat'>.</span> <span class='ocrx_word' id='word_1_18' title='bbox 788 445 792 449; x_wconf 93' lang='lat'>.</span> <span class='ocrx_word' id='word_1_19' title='bbox 828 444 833 450; x_wconf 92' lang='lat'><strong>.</strong></span> <span class='ocrx_word' id='word_1_20' title='bbox 1067 446 1072 451; x_wconf 88' lang='lat'>.</span> <span class='ocrx_word' id='word_1_21' title='bbox 1132 445 1137 451; x_wconf 95' lang='lat'>.</span> <span class='ocrx_word' id='word_1_22' title='bbox 1180 445 1185 451; x_wconf 87' lang='lat'>.</span> <span class='ocrx_word' id='word_1_23' title='bbox 1449 407 1501 437; x_wconf 87' lang='lat' dir='ltr'>bus</span> <span class='ocrx_word' id='word_1_24' title='bbox 1514 409 1687 449; x_wconf 75' lang='lat' dir='ltr'>subscr—rpus,</span> <span class='ocrx_word' id='word_1_25' title='bbox 1705 412 1756 442; x_wconf 89' lang='lat' dir='ltr'>sub</span> <span class='ocrx_word' id='word_1_26' title='bbox 1772 413 1873 446; x_wconf 65' lang='lat' dir='ltr'>eadem</span> <span class='ocrx_word' id='word_1_27' title='bbox 1889 413 1979 456; x_wconf 78' lang='lat' dir='ltr'>Data,</span> <span class='ocrx_word' id='word_1_28' title='bbox 1997 418 2147 458; x_wconf 72' lang='lat' dir='ltr'>videlicet,</span> <span class='ocrx_word' id='word_1_29' title='bbox 2343 423 2409 448; x_wconf 71' lang='lat' dir='ltr'>nen.</span> <span class='ocrx_word' id='word_1_30' title='bbox 2425 427 2449 453; x_wconf 91' lang='lat'>7.</span> 
     </span>
     <span class='ocr_line' id='line_1_5' title="bbox 176 435 1240 488; baseline 0.002 -16"><span class='ocrx_word' id='word_1_31' title='bbox 176 440 225 472; x_wconf 83' lang='lat' dir='ltr'>De</span> <span class='ocrx_word' id='word_1_32' title='bbox 242 435 436 480; x_wconf 52' lang='lat' dir='ltr'>vastando,</span> <span class='ocrx_word' id='word_1_33' title='bbox 464 449 534 472; x_wconf 82' lang='lat' dir='ltr'>cum</span> <span class='ocrx_word' id='word_1_34' title='bbox 555 438 680 473; x_wconf 76' lang='lat' dir='ltr'>Civibus</span> <span class='ocrx_word' id='word_1_35' title='bbox 700 440 847 486; x_wconf 71' lang='lat' dir='ltr'>praedsfbis</span> <span class='ocrx_word' id='word_1_36' title='bbox 862 467 873 484; x_wconf 92' lang='lat'>,</span> <span class='ocrx_word' id='word_1_37' title='bbox 888 440 979 486; x_wconf 75' lang='lat' dir='ltr'>fhper</span> <span class='ocrx_word' id='word_1_38' title='bbox 998 440 1240 488; x_wconf 69' lang='lat' dir='ltr'>Obliganombus</span> 
     </span>
    </p>
   </div>
   <div class='ocr_carea' id='block_1_4' title="bbox 1309 479 1792 603">
    <p class='ocr_par' dir='ltr' id='par_1_4' title="bbox 1309 479 1792 603">
     <span class='ocr_line' id='line_1_6' title="bbox 1310 479 1758 520; baseline 0.027 -12"><span class='ocrx_word' id='word_1_39' title='bbox 1310 479 1450 519; x_wconf 81' lang='lat' dir='ltr'>Efiaetori</span> <span class='ocrx_word' id='word_1_40' title='bbox 1458 481 1508 519; x_wconf 72' lang='lat' dir='ltr'>fito</span> <span class='ocrx_word' id='word_1_41' title='bbox 1526 487 1555 512; x_wconf 84' lang='lat' dir='ltr'>in</span> <span class='ocrx_word' id='word_1_42' title='bbox 1573 489 1645 516; x_wconf 84' lang='lat' dir='ltr'>Com.</span> <span class='ocrx_word' id='word_1_43' title='bbox 1664 489 1758 520; x_wconf 86' lang='lat' dir='ltr'>Warr.</span> 
     </span>
     <span class='ocr_line' id='line_1_7' title="bbox 1312 518 1757 559; baseline 0.027 -12"><span class='ocrx_word' id='word_1_44' title='bbox 1312 518 1452 557; x_wconf 72' lang='lat' dir='ltr'>Eftaetori</span> <span class='ocrx_word' id='word_1_45' title='bbox 1460 520 1510 558; x_wconf 74' lang='lat' dir='ltr'>fito</span> <span class='ocrx_word' id='word_1_46' title='bbox 1529 525 1557 550; x_wconf 83' lang='lat' dir='ltr'>in</span> <span class='ocrx_word' id='word_1_47' title='bbox 1575 527 1647 553; x_wconf 85' lang='lat' dir='ltr'>Com.</span> <span class='ocrx_word' id='word_1_48' title='bbox 1666 528 1757 559; x_wconf 84' lang='lat' dir='ltr'>Midd.</span> 
     </span>
     <span class='ocr_line' id='line_1_8' title="bbox 1309 556 1792 603; baseline 0.025 -18"><span class='ocrx_word' id='word_1_49' title='bbox 1309 556 1452 597; x_wconf 76' lang='lat' dir='ltr'>Efiaetori</span> <span class='ocrx_word' id='word_1_50' title='bbox 1462 557 1514 597; x_wconf 74' lang='lat' dir='ltr'>fico</span> <span class='ocrx_word' id='word_1_51' title='bbox 1533 562 1563 588; x_wconf 78' lang='lat' dir='ltr'>in</span> <span class='ocrx_word' id='word_1_52' title='bbox 1580 564 1650 591; x_wconf 85' lang='lat' dir='ltr'>Com.</span> <span class='ocrx_word' id='word_1_53' title='bbox 1669 566 1792 603; x_wconf 78' lang='lat' dir='ltr'>Wigorn.</span> 
     </span>
    </p>
   </div>
   <div class='ocr_carea' id='block_1_5' title="bbox 1310 633 1683 675">
    <p class='ocr_par' dir='ltr' id='par_1_5' title="bbox 1310 633 1683 675">
     <span class='ocr_line' id='line_1_9' title="bbox 1310 633 1683 675; baseline 0.011 -11"><span class='ocrx_word' id='word_1_54' title='bbox 1310 633 1349 664; x_wconf 92' lang='lat' dir='ltr'>Et</span> <span class='ocrx_word' id='word_1_55' title='bbox 1364 633 1535 666; x_wconf 89' lang='lat' dir='ltr'>Mandatum</span> <span class='ocrx_word' id='word_1_56' title='bbox 1549 635 1606 675; x_wconf 88' lang='lat' dir='ltr'>est,</span> <span class='ocrx_word' id='word_1_57' title='bbox 1623 637 1683 674; x_wconf 72' lang='lat' dir='ltr'>&amp;t-</span> 
     </span>
    </p>
   </div>
   <div class='ocr_carea' id='block_1_6' title="bbox 600 487 808 523">
    <p class='ocr_par' dir='ltr' id='par_1_6' title="bbox 600 487 808 523">
     <span class='ocr_line' id='line_1_10' title="bbox 600 487 808 523; baseline 0 -1"><span class='ocrx_word' id='word_1_58' title='bbox 600 487 808 523; x_wconf 77' lang='lat' dir='ltr'><em>deliberandis.</em></span> 
     </span>
    </p>
   </div>
   <div class='ocr_carea' id='block_1_7' title="bbox 28 580 1241 1122">
    <p class='ocr_par' dir='ltr' id='par_1_7' title="bbox 28 580 1241 639">
     <span class='ocr_line' id='line_1_11' title="bbox 28 580 1241 639; baseline 0 -24"><span class='ocrx_word' id='word_1_59' title='bbox 28 581 82 606; x_wconf 84' lang='lat' dir='ltr'>An.</span> <span class='ocrx_word' id='word_1_60' title='bbox 104 585 150 615; x_wconf 89' lang='lat'>¹4·</span> <span class='ocrx_word' id='word_1_61' title='bbox 185 583 241 639; x_wconf 81' lang='lat' dir='ltr'>R</span> <span class='ocrx_word' id='word_1_62' title='bbox 251 581 319 614; x_wconf 85' lang='lat' dir='ltr'>EX</span> <span class='ocrx_word' id='word_1_63' title='bbox 341 581 464 614; x_wconf 64' lang='lat' dir='ltr'>Dilecto</span> <span class='ocrx_word' id='word_1_64' title='bbox 480 583 532 614; x_wconf 89' lang='lat' dir='ltr'>fibi</span> <span class='ocrx_word' id='word_1_65' title='bbox 548 583 677 622; x_wconf 84' lang='lat' dir='ltr'>Johanni</span> <span class='ocrx_word' id='word_1_66' title='bbox 693 582 822 621; x_wconf 82' lang='lat' dir='ltr'>Wilshire</span> <span class='ocrx_word' id='word_1_67' title='bbox 839 580 878 612; x_wconf 92' lang='lat' dir='ltr'>M</span> <span class='ocrx_word' id='word_1_68' title='bbox 914 581 983 613; x_wconf 90' lang='lat' dir='ltr'>istro</span> <span class='ocrx_word' id='word_1_69' title='bbox 997 582 1144 615; x_wconf 86' lang='lat' dir='ltr'>Societatis</span> <span class='ocrx_word' id='word_1_70' title='bbox 1157 583 1241 615; x_wconf 84' lang='lat' dir='ltr'>Mer-</span> 
     </span>
    </p>

    <p class='ocr_par' dir='ltr' id='par_1_8' title="bbox 34 621 1240 666">
     <span class='ocr_line' id='line_1_12' title="bbox 34 621 1240 666; baseline 0.002 -14"><span class='ocrx_word' id='word_1_71' title='bbox 34 622 71 644; x_wconf 77' lang='grc' dir='ltr'>Η-</span> <span class='ocrx_word' id='word_1_72' title='bbox 91 626 118 652; x_wconf 84' lang='grc'>7·</span> <span class='ocrx_word' id='word_1_73' title='bbox 261 631 393 652; x_wconf 86' lang='lat' dir='ltr'>catorum</span> <span class='ocrx_word' id='word_1_74' title='bbox 409 621 521 666; x_wconf 77' lang='lat' dir='ltr'>Angliae</span> <span class='ocrx_word' id='word_1_75' title='bbox 535 623 563 652; x_wconf 87' lang='lat' dir='ltr'>in</span> <span class='ocrx_word' id='word_1_76' title='bbox 580 622 709 652; x_wconf 87' lang='lat' dir='ltr'>Partibus</span> <span class='ocrx_word' id='word_1_77' title='bbox 729 621 818 659; x_wconf 89' lang='lat' dir='ltr'>Opidi</span> <span class='ocrx_word' id='word_1_78' title='bbox 838 621 886 650; x_wconf 89' lang='lat' dir='ltr'>An</span> <span class='ocrx_word' id='word_1_79' title='bbox 906 621 1072 659; x_wconf 89' lang='lat' dir='ltr'>ewerpensis</span> <span class='ocrx_word' id='word_1_80' title='bbox 1087 623 1143 654; x_wconf 86' lang='lat' dir='ltr'>sive</span> <span class='ocrx_word' id='word_1_81' title='bbox 1158 623 1240 662; x_wconf 87' lang='lat' dir='ltr'>Brig-</span> 
     </span>
    </p>

    <p class='ocr_par' dir='ltr' id='par_1_9' title="bbox 28 657 962 699">
     <span class='ocr_line' id='line_1_13' title="bbox 28 657 962 699; baseline -0.001 -9"><span class='ocrx_word' id='word_1_82' title='bbox 28 658 165 690; x_wconf 82' lang='lat' dir='ltr'>Franc.14.</span> <span class='ocrx_word' id='word_1_83' title='bbox 180 667 230 696; x_wconf 66' lang='lat' dir='ltr'>ges</span> <span class='ocrx_word' id='word_1_84' title='bbox 242 659 292 690; x_wconf 89' lang='lat' dir='ltr'>sub</span> <span class='ocrx_word' id='word_1_85' title='bbox 308 659 478 691; x_wconf 86' lang='lat' dir='ltr'>Obedietitia</span> <span class='ocrx_word' id='word_1_86' title='bbox 495 659 657 690; x_wconf 84' lang='lat' dir='ltr'>Archiducis</span> <span class='ocrx_word' id='word_1_87' title='bbox 668 659 809 699; x_wconf 83' lang='lat' dir='ltr'>Austriae,</span> <span class='ocrx_word' id='word_1_88' title='bbox 828 657 962 689; x_wconf 87' lang='lat' dir='ltr'>Salutem.</span> 
     </span>
    </p>

    <p class='ocr_par' dir='ltr' id='par_1_10' title="bbox 29 696 1239 738">
     <span class='ocr_line' id='line_1_14' title="bbox 29 696 1239 738; baseline 0.002 -10"><span class='ocrx_word' id='word_1_89' title='bbox 29 697 63 720; x_wconf 83' lang='lat' dir='ltr'>H.</span> <span class='ocrx_word' id='word_1_90' title='bbox 79 703 105 728; x_wconf 87' lang='lat'>7·</span> <span class='ocrx_word' id='word_1_91' title='bbox 123 703 162 722; x_wconf 80' lang='lat' dir='ltr'>m·</span> <span class='ocrx_word' id='word_1_92' title='bbox 217 696 316 736; x_wconf 79' lang='lat' dir='ltr'>Cum,</span> <span class='ocrx_word' id='word_1_93' title='bbox 335 697 484 729; x_wconf 89' lang='lat' dir='ltr'>Vicefimo</span> <span class='ocrx_word' id='word_1_94' title='bbox 501 699 577 729; x_wconf 73' lang='lat' dir='ltr'>serito</span> <span class='ocrx_word' id='word_1_95' title='bbox 590 698 650 728; x_wconf 88' lang='lat' dir='ltr'>Die</span> <span class='ocrx_word' id='word_1_96' title='bbox 666 697 850 728; x_wconf 86' lang='lat' dir='ltr'>Novembris</span> <span class='ocrx_word' id='word_1_97' title='bbox 862 697 964 728; x_wconf 81' lang='lat' dir='ltr'>ultimo</span> <span class='ocrx_word' id='word_1_98' title='bbox 980 701 1141 738; x_wconf 82' lang='lat' dir='ltr'>praeterito,</span> <span class='ocrx_word' id='word_1_99' title='bbox 1167 701 1239 731; x_wconf 89' lang='lat' dir='ltr'>inter</span> 
     </span>
    </p>

    <p class='ocr_par' dir='ltr' id='par_1_11' title="bbox 37 730 1237 1122">
     <span class='ocr_line' id='line_1_15' title="bbox 37 730 1235 778; baseline 0.01 -22"><span class='ocrx_word' id='word_1_100' title='bbox 37 740 84 759; x_wconf 86' lang='lat'>20.</span> <span class='ocrx_word' id='word_1_101' title='bbox 176 730 385 767; x_wconf 86' lang='lat' dir='ltr'>Reverendum</span> <span class='ocrx_word' id='word_1_102' title='bbox 400 738 430 767; x_wconf 89' lang='lat' dir='ltr'>in</span> <span class='ocrx_word' id='word_1_103' title='bbox 447 735 565 767; x_wconf 87' lang='lat' dir='ltr'>Christo</span> <span class='ocrx_word' id='word_1_104' title='bbox 577 736 687 767; x_wconf 89' lang='lat' dir='ltr'>Patrem</span> <span class='ocrx_word' id='word_1_105' title='bbox 702 734 831 765; x_wconf 87' lang='lat' dir='ltr'>Thomam</span> <span class='ocrx_word' id='word_1_106' title='bbox 842 736 1053 777; x_wconf 68' lang='lat' dir='ltr'>Londoniensem</span> <span class='ocrx_word' id='word_1_107' title='bbox 1067 735 1094 768; x_wconf 83' lang='lat' dir='ltr'><em>E</em></span> <span class='ocrx_word' id='word_1_108' title='bbox 1113 738 1235 778; x_wconf 71' lang='lat' dir='ltr'>iftopum,</span> 
     </span>
     <span class='ocr_line' id='line_1_16' title="bbox 175 772 1237 815; baseline 0.004 -12"><span class='ocrx_word' id='word_1_109' title='bbox 175 782 210 804; x_wconf 84' lang='lat' dir='ltr'>ac</span> <span class='ocrx_word' id='word_1_110' title='bbox 225 774 402 814; x_wconf 87' lang='lat' dir='ltr'>Magistrum</span> <span class='ocrx_word' id='word_1_111' title='bbox 417 774 595 804; x_wconf 86' lang='lat' dir='ltr'>Willielmum</span> <span class='ocrx_word' id='word_1_112' title='bbox 611 772 744 804; x_wconf 77' lang='lat' dir='ltr'>tham</span> <span class='ocrx_word' id='word_1_113' title='bbox 759 773 869 813; x_wconf 83' lang='lat' dir='ltr'>Legum</span> <span class='ocrx_word' id='word_1_114' title='bbox 885 774 1067 815; x_wconf 65' lang='lat' dir='ltr'>Do&amp;orem,</span> <span class='ocrx_word' id='word_1_115' title='bbox 1118 779 1237 808; x_wconf 89' lang='lat' dir='ltr'>ommis-</span> 
     </span>
     <span class='ocr_line' id='line_1_17' title="bbox 174 810 1237 853; baseline 0.005 -12"><span class='ocrx_word' id='word_1_116' title='bbox 174 810 274 852; x_wconf 88' lang='lat' dir='ltr'>sarios,</span> <span class='ocrx_word' id='word_1_117' title='bbox 294 813 431 845; x_wconf 74' lang='lat' dir='ltr'>Oratores</span> <span class='ocrx_word' id='word_1_118' title='bbox 442 836 454 852; x_wconf 86' lang='lat'>,</span> <span class='ocrx_word' id='word_1_119' title='bbox 476 823 509 842; x_wconf 93' lang='lat' dir='ltr'>ac</span> <span class='ocrx_word' id='word_1_120' title='bbox 525 812 561 842; x_wconf 95' lang='lat' dir='ltr'>N</span> <span class='ocrx_word' id='word_1_121' title='bbox 563 813 663 842; x_wconf 90' lang='lat' dir='ltr'>uncios</span> <span class='ocrx_word' id='word_1_122' title='bbox 680 811 792 843; x_wconf 89' lang='lat' dir='ltr'>nostros</span> <span class='ocrx_word' id='word_1_123' title='bbox 807 813 935 851; x_wconf 78' lang='lat' dir='ltr'>speciales</span> <span class='ocrx_word' id='word_1_124' title='bbox 948 823 982 843; x_wconf 82' lang='lat' dir='ltr'>ex</span> <span class='ocrx_word' id='word_1_125' title='bbox 999 825 1071 853; x_wconf 87' lang='lat' dir='ltr'>una,</span> <span class='ocrx_word' id='word_1_126' title='bbox 1089 817 1122 847; x_wconf 88' lang='lat'>&amp;</span> <span class='ocrx_word' id='word_1_127' title='bbox 1138 815 1237 853; x_wconf 86' lang='lat' dir='ltr'>Magi-</span> 
     </span>
     <span class='ocr_line' id='line_1_18' title="bbox 175 849 1234 893; baseline 0.003 -12"><span class='ocrx_word' id='word_1_128' title='bbox 175 849 269 883; x_wconf 88' lang='lat' dir='ltr'>strum</span> <span class='ocrx_word' id='word_1_129' title='bbox 284 852 445 892; x_wconf 83' lang='lat' dir='ltr'>Johannem</span> <span class='ocrx_word' id='word_1_130' title='bbox 459 852 565 888; x_wconf 82' lang='lat' dir='ltr'><em>Frange</em></span> <span class='ocrx_word' id='word_1_131' title='bbox 581 850 611 879; x_wconf 89' lang='lat' dir='ltr'>in</span> <span class='ocrx_word' id='word_1_132' title='bbox 630 849 762 881; x_wconf 78' lang='lat' dir='ltr'>Decretis</span> <span class='ocrx_word' id='word_1_133' title='bbox 776 850 946 882; x_wconf 85' lang='lat' dir='ltr'>Bacalarium</span> <span class='ocrx_word' id='word_1_134' title='bbox 956 875 966 890; x_wconf 89' lang='lat'>,</span> <span class='ocrx_word' id='word_1_135' title='bbox 987 851 1234 893; x_wconf 82' lang='lat' dir='ltr'>Commissarium,</span> 
     </span>
     <span class='ocr_line' id='line_1_19' title="bbox 174 888 1234 931; baseline 0.003 -12"><span class='ocrx_word' id='word_1_136' title='bbox 174 888 350 929; x_wconf 82' lang='lat' dir='ltr'>Oratorem,</span> <span class='ocrx_word' id='word_1_137' title='bbox 367 890 605 925; x_wconf 79' lang='lat' dir='ltr'>Procuratorem,</span> <span class='ocrx_word' id='word_1_138' title='bbox 622 899 656 919; x_wconf 87' lang='lat' dir='ltr'>ac</span> <span class='ocrx_word' id='word_1_139' title='bbox 672 889 828 919; x_wconf 90' lang='lat' dir='ltr'>Nuncium</span> <span class='ocrx_word' id='word_1_140' title='bbox 843 889 989 928; x_wconf 75' lang='lat' dir='ltr'>specialem</span> <span class='ocrx_word' id='word_1_141' title='bbox 1006 891 1234 931; x_wconf 66' lang='lat' dir='ltr'>Archtpraefiffl,</span> 
     </span>
     <span class='ocr_line' id='line_1_20' title="bbox 175 926 1235 969; baseline 0.003 -11"><span class='ocrx_word' id='word_1_142' title='bbox 175 927 383 968; x_wconf 49' lang='lat' dir='ltr'>Prason-fidum,</span> <span class='ocrx_word' id='word_1_143' title='bbox 398 926 682 966; x_wconf 80' lang='lat' dir='ltr'>Burgimagistrorum,</span> <span class='ocrx_word' id='word_1_144' title='bbox 699 927 738 963; x_wconf 65' lang='grc' dir='ltr'>ό·</span> <span class='ocrx_word' id='word_1_145' title='bbox 754 931 890 958; x_wconf 82' lang='lat' dir='ltr'>seniorum</span> <span class='ocrx_word' id='word_1_146' title='bbox 903 932 985 958; x_wconf 82' lang='lat' dir='ltr'>totius</span> <span class='ocrx_word' id='word_1_147' title='bbox 998 933 1129 960; x_wconf 85' lang='lat' dir='ltr'>Civitatis</span> <span class='ocrx_word' id='word_1_148' title='bbox 1136 935 1235 969; x_wconf 82' lang='lat' dir='ltr'>Rigen-</span> 
     </span>
     <span class='ocr_line' id='line_1_21' title="bbox 168 965 1233 1006; baseline 0.003 -9"><span class='ocrx_word' id='word_1_149' title='bbox 168 966 208 1006; x_wconf 80' lang='lat' dir='ltr'>fis</span> <span class='ocrx_word' id='word_1_150' title='bbox 222 970 254 997; x_wconf 83' lang='lat' dir='ltr'>in</span> <span class='ocrx_word' id='word_1_151' title='bbox 275 968 400 997; x_wconf 78' lang='lat' dir='ltr'>Livonia</span> <span class='ocrx_word' id='word_1_152' title='bbox 415 989 425 1003; x_wconf 87' lang='lat'>,</span> <span class='ocrx_word' id='word_1_153' title='bbox 449 975 482 996; x_wconf 91' lang='lat' dir='ltr'>ac</span> <span class='ocrx_word' id='word_1_154' title='bbox 506 965 759 998; x_wconf 86' lang='lat' dir='ltr'>Communitatum</span> <span class='ocrx_word' id='word_1_155' title='bbox 774 989 784 1004; x_wconf 89' lang='lat'>‚</span> <span class='ocrx_word' id='word_1_156' title='bbox 807 966 944 1004; x_wconf 89' lang='lat' dir='ltr'>Civium,</span> <span class='ocrx_word' id='word_1_157' title='bbox 966 967 1181 1006; x_wconf 87' lang='lat' dir='ltr'>Mercatorum,</span> <span class='ocrx_word' id='word_1_158' title='bbox 1200 971 1233 1000; x_wconf 68' lang='grc' dir='ltr'>ὃς</span> 
     </span>
     <span class='ocr_line' id='line_1_22' title="bbox 172 1003 1233 1042; baseline 0.003 -6"><span class='ocrx_word' id='word_1_159' title='bbox 172 1005 329 1036; x_wconf 87' lang='lat' dir='ltr'>Sociorum</span> <span class='ocrx_word' id='word_1_160' title='bbox 351 1004 474 1042; x_wconf 85' lang='lat' dir='ltr'>ejusdem</span> <span class='ocrx_word' id='word_1_161' title='bbox 498 1003 630 1035; x_wconf 89' lang='lat' dir='ltr'>Civitatis</span> <span class='ocrx_word' id='word_1_162' title='bbox 648 1027 658 1042; x_wconf 91' lang='lat'>,</span> <span class='ocrx_word' id='word_1_163' title='bbox 685 1015 800 1035; x_wconf 89' lang='lat' dir='ltr'>necnon</span> <span class='ocrx_word' id='word_1_164' title='bbox 824 1005 944 1036; x_wconf 91' lang='lat' dir='ltr'>aliorum</span> <span class='ocrx_word' id='word_1_165' title='bbox 968 1006 1116 1038; x_wconf 86' lang='lat' dir='ltr'>Locorum</span> <span class='ocrx_word' id='word_1_166' title='bbox 1139 1009 1233 1039; x_wconf 89' lang='lat' dir='ltr'>eidem</span> 
     </span>
     <span class='ocr_line' id='line_1_23' title="bbox 173 1042 1234 1084; baseline 0.003 -9"><span class='ocrx_word' id='word_1_167' title='bbox 173 1043 293 1075; x_wconf 84' lang='lat' dir='ltr'>Civitati</span> <span class='ocrx_word' id='word_1_168' title='bbox 313 1042 508 1080; x_wconf 58' lang='lat' dir='ltr'>subjectorum</span> <span class='ocrx_word' id='word_1_169' title='bbox 531 1043 564 1074; x_wconf 89' lang='lat'>&amp;</span> <span class='ocrx_word' id='word_1_170' title='bbox 583 1043 789 1074; x_wconf 81' lang='lat' dir='ltr'>cohaerentium</span> <span class='ocrx_word' id='word_1_171' title='bbox 805 1043 886 1074; x_wconf 85' lang='lat' dir='ltr'>Parte</span> <span class='ocrx_word' id='word_1_172' title='bbox 900 1054 932 1074; x_wconf 76' lang='lat' dir='ltr'>ex</span> <span class='ocrx_word' id='word_1_173' title='bbox 949 1045 1046 1084; x_wconf 88' lang='lat' dir='ltr'>altera,</span> <span class='ocrx_word' id='word_1_174' title='bbox 1064 1047 1134 1077; x_wconf 88' lang='lat' dir='ltr'>inter</span> <span class='ocrx_word' id='word_1_175' title='bbox 1148 1056 1234 1078; x_wconf 82' lang='lat' dir='ltr'>caete-</span> 
     </span>
     <span class='ocr_line' id='line_1_24' title="bbox 171 1081 1026 1122; baseline 0.002 -10"><span class='ocrx_word' id='word_1_176' title='bbox 171 1092 217 1121; x_wconf 89' lang='lat' dir='ltr'>ra,</span> <span class='ocrx_word' id='word_1_177' title='bbox 235 1089 431 1118; x_wconf 84' lang='lat' dir='ltr'>conventum,</span> <span class='ocrx_word' id='word_1_178' title='bbox 447 1081 676 1119; x_wconf 85' lang='lat' dir='ltr'>concordatum,</span> <span class='ocrx_word' id='word_1_179' title='bbox 696 1083 729 1114; x_wconf 91' lang='lat'>&amp;</span> <span class='ocrx_word' id='word_1_180' title='bbox 743 1082 908 1113; x_wconf 89' lang='lat' dir='ltr'>conclusum</span> <span class='ocrx_word' id='word_1_181' title='bbox 923 1083 1026 1122; x_wconf 79' lang='lat' dir='ltr'>fuerat,</span> 
     </span>
    </p>
   </div>
   <div class='ocr_carea' id='block_1_8' title="bbox 1432 713 1975 725">
    <p class='ocr_par' dir='ltr' id='par_1_12' title="bbox 1432 713 1975 725">
     <span class='ocr_line' id='line_1_25' title="bbox 1432 713 1975 725; baseline 0 0"><span class='ocrx_word' id='word_1_182' title='bbox 1432 713 1975 725; x_wconf 95' lang='lat' dir='ltr'> </span> 
     </span>
    </p>
   </div>
   <div class='ocr_carea' id='block_1_9' title="bbox 1272 762 2330 860">
    <p class='ocr_par' dir='ltr' id='par_1_13' title="bbox 1272 762 2330 860">
     <span class='ocr_line' id='line_1_26' title="bbox 1272 762 2330 825; baseline 0.019 -33"><span class='ocrx_word' id='word_1_183' title='bbox 1272 762 1531 806; x_wconf 80' lang='lat' dir='ltr'>Saepememoratae,</span> <span class='ocrx_word' id='word_1_184' title='bbox 1555 762 1639 810; x_wconf 81' lang='lat' dir='ltr'>apud</span> <span class='ocrx_word' id='word_1_185' title='bbox 1653 765 1811 812; x_wconf 82' lang='lat' dir='ltr'>Stapulas‚</span> <span class='ocrx_word' id='word_1_186' title='bbox 1836 769 1923 800; x_wconf 81' lang='lat' dir='ltr'>Pacis</span> <span class='ocrx_word' id='word_1_187' title='bbox 1937 781 1990 815; x_wconf 83' lang='lat' dir='ltr'>per</span> <span class='ocrx_word' id='word_1_188' title='bbox 2009 775 2081 806; x_wconf 85' lang='lat' dir='ltr'>Tres</span> <span class='ocrx_word' id='word_1_189' title='bbox 2104 777 2209 809; x_wconf 81' lang='lat' dir='ltr'>Status</span> <span class='ocrx_word' id='word_1_190' title='bbox 2234 779 2330 825; x_wconf 76' lang='lat' dir='ltr'>Regni</span> 
     </span>
     <span class='ocr_line' id='line_1_27' title="bbox 1636 814 1978 860; baseline 0.012 -14"><span class='ocrx_word' id='word_1_191' title='bbox 1636 814 1752 860; x_wconf 76' lang='lat' dir='ltr'>Angliae</span> <span class='ocrx_word' id='word_1_192' title='bbox 1777 815 1978 858; x_wconf 80' lang='lat' dir='ltr'>Confirmatio.</span> 
     </span>
    </p>
   </div>
   <div class='ocr_carea' id='block_1_10' title="bbox 1268 895 2478 1136">
    <p class='ocr_par' dir='ltr' id='par_1_14' title="bbox 1268 895 2478 1136">
     <span class='ocr_line' id='line_1_28' title="bbox 1270 895 2477 951; baseline 0.016 -26"><span class='ocrx_word' id='word_1_193' title='bbox 1270 895 1398 951; x_wconf 42' lang='lat' dir='ltr'>REX·</span> <span class='ocrx_word' id='word_1_194' title='bbox 1412 897 1546 928; x_wconf 77' lang='lat' dir='ltr'>universis</span> <span class='ocrx_word' id='word_1_195' title='bbox 1560 897 1593 941; x_wconf 56' lang='grc' dir='ltr'>ἃ</span> <span class='ocrx_word' id='word_1_196' title='bbox 1617 898 1746 938; x_wconf 83' lang='lat' dir='ltr'>singulis,</span> <span class='ocrx_word' id='word_1_197' title='bbox 1761 900 1907 938; x_wconf 77' lang='lat' dir='ltr'>praesentes</span> <span class='ocrx_word' id='word_1_198' title='bbox 1921 901 2028 933; x_wconf 87' lang='lat' dir='ltr'>Literas</span> <span class='ocrx_word' id='word_1_199' title='bbox 2045 904 2203 942; x_wconf 68' lang='lat' dir='ltr'>inspecturis</span> <span class='ocrx_word' id='word_1_200' title='bbox 2233 910 2327 943; x_wconf 88' lang='lat' dir='ltr'>visuris</span> <span class='ocrx_word' id='word_1_201' title='bbox 2343 903 2419 935; x_wconf 76' lang='lat' dir='ltr'>Asm-</span> <span class='ocrx_word' id='word_1_202' title='bbox 2433 904 2477 938; x_wconf 58' lang='lat' dir='ltr'>Du</span> 
     </span>
     <span class='ocr_line' id='line_1_29' title="bbox 1342 933 2458 982; baseline 0.008 -18"><span class='ocrx_word' id='word_1_203' title='bbox 1342 944 1441 971; x_wconf 87' lang='lat' dir='ltr'>pariter</span> <span class='ocrx_word' id='word_1_204' title='bbox 1455 936 1488 965; x_wconf 88' lang='lat'>&amp;</span> <span class='ocrx_word' id='word_1_205' title='bbox 1503 936 1650 975; x_wconf 74' lang='lat' dir='ltr'>audituris,</span> <span class='ocrx_word' id='word_1_206' title='bbox 1669 937 1803 969; x_wconf 81' lang='lat' dir='ltr'>Salutem.</span> <span class='ocrx_word' id='word_1_207' title='bbox 2215 933 2224 949; x_wconf 78' lang='lat'><em>³</em></span> <span class='ocrx_word' id='word_1_208' title='bbox 2372 952 2458 982; x_wconf 84' lang='lat'><em>1499.</em></span> 
     </span>
     <span class='ocr_line' id='line_1_30' title="bbox 1307 971 2457 1018; baseline 0.016 -16"><span class='ocrx_word' id='word_1_209' title='bbox 1307 971 1343 1002; x_wconf 91' lang='lat' dir='ltr'>N</span> <span class='ocrx_word' id='word_1_210' title='bbox 1346 982 1447 1004; x_wconf 67' lang='lat' dir='ltr'>o’ruixi</span> <span class='ocrx_word' id='word_1_211' title='bbox 1467 983 1610 1005; x_wconf 67' lang='lat' dir='ltr'>memus</span> <span class='ocrx_word' id='word_1_212' title='bbox 1630 976 1728 1014; x_wconf 80' lang='lat' dir='ltr'>quod,</span> <span class='ocrx_word' id='word_1_213' title='bbox 1747 977 1835 1008; x_wconf 86' lang='lat' dir='ltr'>Anno</span> <span class='ocrx_word' id='word_1_214' title='bbox 1851 977 2057 1011; x_wconf 87' lang='lat' dir='ltr'>Incarnationis</span> <span class='ocrx_word' id='word_1_215' title='bbox 2070 980 2239 1016; x_wconf 65' lang='lat' dir='ltr'>Draninicae</span> <span class='ocrx_word' id='word_1_216' title='bbox 2253 987 2326 1018; x_wconf 82' lang='lat' dir='ltr'>Mil·</span> <span class='ocrx_word' id='word_1_217' title='bbox 2343 986 2394 1011; x_wconf 61' lang='grc' dir='ltr'>ΑΗ·</span> <span class='ocrx_word' id='word_1_218' title='bbox 2414 993 2457 1018; x_wconf 81' lang='lat'>¹4·</span> 
     </span>
     <span class='ocr_line' id='line_1_31' title="bbox 1268 1007 2423 1059; baseline 0.016 -21"><span class='ocrx_word' id='word_1_219' title='bbox 1268 1007 1367 1040; x_wconf 88' lang='lat' dir='ltr'>lefimo</span> <span class='ocrx_word' id='word_1_220' title='bbox 1381 1034 1391 1050; x_wconf 93' lang='lat'>,</span> <span class='ocrx_word' id='word_1_221' title='bbox 1417 1012 1708 1050; x_wconf 83' lang='lat' dir='ltr'>Quadringentesimo</span> <span class='ocrx_word' id='word_1_222' title='bbox 1720 1038 1729 1052; x_wconf 89' lang='lat'>,</span> <span class='ocrx_word' id='word_1_223' title='bbox 1759 1016 1959 1054; x_wconf 79' lang='lat' dir='ltr'>Nonagesimo</span> <span class='ocrx_word' id='word_1_224' title='bbox 1979 1020 2080 1056; x_wconf 89' lang='lat' dir='ltr'>quinto</span> <span class='ocrx_word' id='word_1_225' title='bbox 2095 1043 2105 1059; x_wconf 86' lang='lat'>,</span> <span class='ocrx_word' id='word_1_226' title='bbox 2124 1021 2231 1053; x_wconf 85' lang='lat' dir='ltr'>Menfis</span> <span class='ocrx_word' id='word_1_227' title='bbox 2253 1028 2324 1056; x_wconf 79' lang='lat' dir='ltr'>vero</span> <span class='ocrx_word' id='word_1_228' title='bbox 2341 1025 2374 1047; x_wconf 80' lang='lat' dir='ltr'>H.</span> <span class='ocrx_word' id='word_1_229' title='bbox 2396 1031 2423 1055; x_wconf 90' lang='grc'>7-</span> 
     </span>
     <span class='ocr_line' id='line_1_32' title="bbox 1269 1046 2478 1098; baseline 0.015 -22"><span class='ocrx_word' id='word_1_230' title='bbox 1269 1046 1411 1092; x_wconf 60' lang='lat' dir='ltr'>Octobris</span> <span class='ocrx_word' id='word_1_231' title='bbox 1423 1051 1469 1081; x_wconf 92' lang='lat' dir='ltr'>die</span> <span class='ocrx_word' id='word_1_232' title='bbox 1483 1052 1621 1082; x_wconf 83' lang='lat' dir='ltr'>vicesimo</span> <span class='ocrx_word' id='word_1_233' title='bbox 1633 1052 1768 1091; x_wconf 87' lang='lat' dir='ltr'>septimo,</span> <span class='ocrx_word' id='word_1_234' title='bbox 1785 1058 1951 1087; x_wconf 86' lang='lat' dir='ltr'>convocatis</span> <span class='ocrx_word' id='word_1_235' title='bbox 1964 1057 1998 1087; x_wconf 78' lang='grc' dir='ltr'>δε</span> <span class='ocrx_word' id='word_1_236' title='bbox 2018 1062 2198 1098; x_wconf 80' lang='lat' dir='ltr'>congregatis</span> <span class='ocrx_word' id='word_1_237' title='bbox 2218 1063 2271 1091; x_wconf 78' lang='lat' dir='ltr'>tite</span> <span class='ocrx_word' id='word_1_238' title='bbox 2292 1064 2326 1093; x_wconf 92' lang='lat'>&amp;</span> <span class='ocrx_word' id='word_1_239' title='bbox 2340 1061 2478 1093; x_wconf 51' lang='lat' dir='ltr'>Eranam</span> 
     </span>
     <span class='ocr_line' id='line_1_33' title="bbox 1268 1085 2472 1136; baseline 0.015 -20"><span class='ocrx_word' id='word_1_240' title='bbox 1268 1085 1364 1117; x_wconf 82' lang='lat' dir='ltr'>debite</span> <span class='ocrx_word' id='word_1_241' title='bbox 1377 1088 1413 1118; x_wconf 91' lang='lat' dir='ltr'>de</span> <span class='ocrx_word' id='word_1_242' title='bbox 1427 1088 1568 1120; x_wconf 87' lang='lat' dir='ltr'>Mandato</span> <span class='ocrx_word' id='word_1_243' title='bbox 1582 1092 1614 1121; x_wconf 65' lang='grc' dir='ltr'>ὃ(</span> <span class='ocrx_word' id='word_1_244' title='bbox 1633 1091 1822 1123; x_wconf 86' lang='lat' dir='ltr'>Ordinatione</span> <span class='ocrx_word' id='word_1_245' title='bbox 1838 1093 1940 1124; x_wconf 85' lang='lat' dir='ltr'>nostris</span> <span class='ocrx_word' id='word_1_246' title='bbox 1972 1104 2004 1126; x_wconf 91' lang='lat' dir='ltr'>ut</span> <span class='ocrx_word' id='word_1_247' title='bbox 2017 1098 2105 1127; x_wconf 86' lang='lat' dir='ltr'>moris</span> <span class='ocrx_word' id='word_1_248' title='bbox 2117 1098 2327 1136; x_wconf 84' lang='lat' dir='ltr'>est,inPalatio</span> <span class='ocrx_word' id='word_1_249' title='bbox 2344 1100 2376 1123; x_wconf 77' lang='lat' dir='ltr'>H.</span> <span class='ocrx_word' id='word_1_250' title='bbox 2396 1106 2422 1131; x_wconf 90' lang='lat'>7·</span> <span class='ocrx_word' id='word_1_251' title='bbox 2436 1106 2472 1126; x_wconf 65' lang='grc' dir='ltr'>η’·</span> 
     </span>
    </p>
   </div>
   <div class='ocr_carea' id='block_1_11' title="bbox 20 3321 1231 3462">
    <p class='ocr_par' dir='ltr' id='par_1_15' title="bbox 20 3321 1231 3462">
     <span class='ocr_line' id='line_1_34' title="bbox 20 3321 1230 3392; baseline 0.004 -19"><span class='ocrx_word' id='word_1_252' title='bbox 20 3321 156 3391; x_wconf 33' lang='grc' dir='ltr'>ΞΛῬἎ,</span> <span class='ocrx_word' id='word_1_253' title='bbox 172 3345 289 3385; x_wconf 71' lang='lat' dir='ltr'>ejusdem</span> <span class='ocrx_word' id='word_1_254' title='bbox 306 3345 428 3385; x_wconf 76' lang='lat' dir='ltr'>Ecclefiae</span> <span class='ocrx_word' id='word_1_255' title='bbox 441 3344 529 3375; x_wconf 86' lang='lat' dir='ltr'>ultimi</span> <span class='ocrx_word' id='word_1_256' title='bbox 542 3345 659 3388; x_wconf 66' lang='lat' dir='ltr'>Pastoris</span> <span class='ocrx_word' id='word_1_257' title='bbox 680 3347 718 3382; x_wconf 56' lang='grc' dir='ltr'><strong><em>ὠ</em></strong></span> <span class='ocrx_word' id='word_1_258' title='bbox 740 3347 878 3390; x_wconf 74' lang='lat' dir='ltr'>Epjfiopl,</span> <span class='ocrx_word' id='word_1_259' title='bbox 895 3347 1045 3392; x_wconf 77' lang='lat' dir='ltr'>Personam</span> <span class='ocrx_word' id='word_1_260' title='bbox 1068 3348 1176 3378; x_wconf 69' lang='lat' dir='ltr'>Dileeti</span> <span class='ocrx_word' id='word_1_261' title='bbox 1197 3349 1230 3379; x_wconf 74' lang='grc' dir='ltr'>ὅ(</span> 
     </span>
     <span class='ocr_line' id='line_1_35' title="bbox 23 3383 1230 3431; baseline 0.002 -17"><span class='ocrx_word' id='word_1_262' title='bbox 23 3397 117 3431; x_wconf 77' lang='lat' dir='ltr'><em>H-7-p-</em></span> <span class='ocrx_word' id='word_1_263' title='bbox 127 3402 154 3429; x_wconf 73' lang='lat'>3,</span> <span class='ocrx_word' id='word_1_264' title='bbox 174 3384 277 3429; x_wconf 73' lang='lat' dir='ltr'>Fidelis</span> <span class='ocrx_word' id='word_1_265' title='bbox 297 3384 387 3414; x_wconf 85' lang='lat' dir='ltr'>nostri</span> <span class='ocrx_word' id='word_1_266' title='bbox 407 3383 531 3428; x_wconf 64' lang='lat' dir='ltr'>Silvestri</span> <span class='ocrx_word' id='word_1_267' title='bbox 553 3385 665 3422; x_wconf 77' lang='lat' dir='ltr'>ejusdem</span> <span class='ocrx_word' id='word_1_268' title='bbox 684 3384 807 3427; x_wconf 68' lang='lat' dir='ltr'>EccleJrae</span> <span class='ocrx_word' id='word_1_269' title='bbox 829 3385 920 3416; x_wconf 63' lang='lat' dir='ltr'>Elem</span> <span class='ocrx_word' id='word_1_270' title='bbox 939 3396 967 3431; x_wconf 77' lang='lat' dir='ltr'>in</span> <span class='ocrx_word' id='word_1_271' title='bbox 990 3390 1071 3424; x_wconf 82' lang='lat' dir='ltr'>iplius</span> <span class='ocrx_word' id='word_1_272' title='bbox 1094 3386 1230 3431; x_wconf 72' lang='lat' dir='ltr'>Ecclefiae</span> 
     </span>
     <span class='ocr_line' id='line_1_36' title="bbox 24 3421 1231 3462; baseline 0.002 -11"><span class='ocrx_word' id='word_1_273' title='bbox 24 3441 62 3460; x_wconf 61' lang='lat' dir='ltr'>m,</span> <span class='ocrx_word' id='word_1_274' title='bbox 85 3442 128 3462; x_wconf 66' lang='lat'>14,</span> <span class='ocrx_word' id='word_1_275' title='bbox 172 3421 348 3462; x_wconf 72' lang='lat' dir='ltr'>Episcopum</span> <span class='ocrx_word' id='word_1_276' title='bbox 362 3423 518 3460; x_wconf 85' lang='lat' dir='ltr'>praefecerit</span> <span class='ocrx_word' id='word_1_277' title='bbox 532 3423 565 3454; x_wconf 91' lang='lat'>&amp;</span> <span class='ocrx_word' id='word_1_278' title='bbox 583 3423 748 3461; x_wconf 83' lang='lat' dir='ltr'>Pastorem,</span> <span class='ocrx_word' id='word_1_279' title='bbox 767 3430 836 3454; x_wconf 78' lang='lat' dir='ltr'>licut</span> <span class='ocrx_word' id='word_1_280' title='bbox 857 3434 905 3462; x_wconf 89' lang='lat' dir='ltr'>per</span> <span class='ocrx_word' id='word_1_281' title='bbox 927 3424 1032 3456; x_wconf 86' lang='lat' dir='ltr'>Litetas</span> <span class='ocrx_word' id='word_1_282' title='bbox 1056 3424 1173 3456; x_wconf 88' lang='lat' dir='ltr'>Bullatas</span> <span class='ocrx_word' id='word_1_283' title='bbox 1188 3435 1231 3462; x_wconf 85' lang='lat' dir='ltr'>ip-</span> 
     </span>
    </p>
   </div>
   <div class='ocr_carea' id='block_1_12' title="bbox 162 1118 1236 2889">
    <p class='ocr_par' dir='ltr' id='par_1_16' title="bbox 172 1118 1236 1583">
     <span class='ocr_line' id='line_1_37' title="bbox 209 1118 1233 1161; baseline 0.004 -11"><span class='ocrx_word' id='word_1_284' title='bbox 209 1118 300 1160; x_wconf 52' lang='lat' dir='ltr'>¹Quod</span> <span class='ocrx_word' id='word_1_285' title='bbox 312 1119 398 1149; x_wconf 63' lang='lat' dir='ltr'>chorus</span> <span class='ocrx_word' id='word_1_286' title='bbox 415 1122 494 1158; x_wconf 83' lang='lat' dir='ltr'>Magi</span> <span class='ocrx_word' id='word_1_287' title='bbox 518 1131 546 1149; x_wconf 91' lang='lat' dir='ltr'>er</span> <span class='ocrx_word' id='word_1_288' title='bbox 555 1120 703 1159; x_wconf 89' lang='lat' dir='ltr'>Johannes</span> <span class='ocrx_word' id='word_1_289' title='bbox 718 1121 842 1160; x_wconf 79' lang='lat' dir='ltr'>Frange,</span> <span class='ocrx_word' id='word_1_290' title='bbox 859 1124 974 1151; x_wconf 82' lang='lat' dir='ltr'>Nomine</span> <span class='ocrx_word' id='word_1_291' title='bbox 982 1121 1161 1161; x_wconf 84' lang='lat' dir='ltr'>praefatorum</span> <span class='ocrx_word' id='word_1_292' title='bbox 1178 1123 1233 1154; x_wconf 85' lang='lat' dir='ltr'>Ar-</span> 
     </span>
     <span class='ocr_line' id='line_1_38' title="bbox 173 1157 1235 1197; baseline 0.003 -8"><span class='ocrx_word' id='word_1_293' title='bbox 173 1157 351 1196; x_wconf 75' lang='lat' dir='ltr'>chipraefecti</span> <span class='ocrx_word' id='word_1_294' title='bbox 365 1182 375 1197; x_wconf 80' lang='lat'>,</span> <span class='ocrx_word' id='word_1_295' title='bbox 391 1158 598 1189; x_wconf 75' lang='lat' dir='ltr'>proconsulum</span> <span class='ocrx_word' id='word_1_296' title='bbox 614 1183 623 1197; x_wconf 91' lang='lat'>,</span> <span class='ocrx_word' id='word_1_297' title='bbox 644 1158 804 1190; x_wconf 88' lang='lat' dir='ltr'>Consulum</span> <span class='ocrx_word' id='word_1_298' title='bbox 820 1182 829 1197; x_wconf 89' lang='lat'>,</span> <span class='ocrx_word' id='word_1_299' title='bbox 844 1171 875 1188; x_wconf 88' lang='lat' dir='ltr'>ac</span> <span class='ocrx_word' id='word_1_300' title='bbox 895 1159 1008 1189; x_wconf 84' lang='lat' dir='ltr'>aliorum</span> <span class='ocrx_word' id='word_1_301' title='bbox 1030 1165 1235 1192; x_wconf 81' lang='lat' dir='ltr'>Communitatis</span> 
     </span>
     <span class='ocr_line' id='line_1_39' title="bbox 172 1196 1236 1241; baseline 0.004 -15"><span class='ocrx_word' id='word_1_302' title='bbox 172 1208 205 1226; x_wconf 87' lang='lat' dir='ltr'>ac</span> <span class='ocrx_word' id='word_1_303' title='bbox 217 1199 403 1227; x_wconf 83' lang='lat' dir='ltr'>Mercatorum</span> <span class='ocrx_word' id='word_1_304' title='bbox 425 1197 540 1237; x_wconf 61' lang='lat' dir='ltr'>ejussz&#39;em</span> <span class='ocrx_word' id='word_1_305' title='bbox 566 1201 698 1227; x_wconf 85' lang='lat' dir='ltr'>Civitatis</span> <span class='ocrx_word' id='word_1_306' title='bbox 720 1196 758 1232; x_wconf 57' lang='grc' dir='ltr'>ῤ’</span> <span class='ocrx_word' id='word_1_307' title='bbox 781 1200 912 1227; x_wconf 82' lang='lat' dir='ltr'>Locorum</span> <span class='ocrx_word' id='word_1_308' title='bbox 948 1199 1133 1238; x_wconf 51' lang='lat' dir='ltr'>riedic‘lormm</span> <span class='ocrx_word' id='word_1_309' title='bbox 1148 1212 1236 1241; x_wconf 86' lang='lat' dir='ltr'>quan-</span> 
     </span>
     <span class='ocr_line' id='line_1_40' title="bbox 172 1234 1236 1277; baseline 0.005 -12"><span class='ocrx_word' id='word_1_310' title='bbox 172 1234 237 1265; x_wconf 85' lang='lat' dir='ltr'>dam</span> <span class='ocrx_word' id='word_1_311' title='bbox 252 1234 452 1274; x_wconf 80' lang='lat' dir='ltr'>Obligationem</span> <span class='ocrx_word' id='word_1_312' title='bbox 462 1259 470 1273; x_wconf 90' lang='lat'>‚</span> <span class='ocrx_word' id='word_1_313' title='bbox 490 1236 521 1266; x_wconf 83' lang='lat' dir='ltr'>de</span> <span class='ocrx_word' id='word_1_314' title='bbox 538 1239 619 1265; x_wconf 84' lang='lat' dir='ltr'>Data</span> <span class='ocrx_word' id='word_1_315' title='bbox 635 1240 721 1266; x_wconf 91' lang='lat' dir='ltr'>Anno</span> <span class='ocrx_word' id='word_1_316' title='bbox 735 1239 847 1266; x_wconf 78' lang='lat' dir='ltr'>Domini</span> <span class='ocrx_word' id='word_1_317' title='bbox 860 1236 919 1265; x_wconf 91' lang='lat' dir='ltr'>Mil</span> <span class='ocrx_word' id='word_1_318' title='bbox 929 1249 941 1266; x_wconf 92' lang='lat' dir='ltr'>e</span> <span class='ocrx_word' id='word_1_319' title='bbox 952 1248 1004 1266; x_wconf 78' lang='lat' dir='ltr'>imo</span> <span class='ocrx_word' id='word_1_320' title='bbox 1073 1240 1236 1277; x_wconf 74' lang='lat' dir='ltr'>uadringen-</span> 
     </span>
     <span class='ocr_line' id='line_1_41' title="bbox 175 1273 1234 1314; baseline 0.004 -11"><span class='ocrx_word' id='word_1_321' title='bbox 175 1274 265 1314; x_wconf 84' lang='lat' dir='ltr'>tesimo</span> <span class='ocrx_word' id='word_1_322' title='bbox 280 1273 380 1312; x_wconf 84' lang='lat' dir='ltr'>Nono,</span> <span class='ocrx_word' id='word_1_323' title='bbox 398 1275 497 1304; x_wconf 77' lang='lat' dir='ltr'>decimo</span> <span class='ocrx_word' id='word_1_324' title='bbox 509 1277 562 1304; x_wconf 85' lang='lat' dir='ltr'>Die</span> <span class='ocrx_word' id='word_1_325' title='bbox 577 1275 716 1312; x_wconf 61' lang='lat' dir='ltr'>oeiobris,</span> <span class='ocrx_word' id='word_1_326' title='bbox 732 1273 770 1309; x_wconf 65' lang='grc' dir='ltr'>ὠ·</span> <span class='ocrx_word' id='word_1_327' title='bbox 787 1275 977 1305; x_wconf 82' lang='lat' dir='ltr'>extendentem</span> <span class='ocrx_word' id='word_1_328' title='bbox 1011 1278 1023 1305; x_wconf 78' lang='lat' dir='ltr'>e</span> <span class='ocrx_word' id='word_1_329' title='bbox 1043 1289 1060 1305; x_wconf 86' lang='lat' dir='ltr'>a</span> <span class='ocrx_word' id='word_1_330' title='bbox 1099 1281 1234 1308; x_wconf 87' lang='lat' dir='ltr'>Summam</span> 
     </span>
     <span class='ocr_line' id='line_1_42' title="bbox 174 1312 1236 1352; baseline 0.003 -9"><span class='ocrx_word' id='word_1_331' title='bbox 174 1312 294 1343; x_wconf 87' lang='lat' dir='ltr'>Decem</span> <span class='ocrx_word' id='word_1_332' title='bbox 323 1312 453 1344; x_wconf 84' lang='lat' dir='ltr'>Millium</span> <span class='ocrx_word' id='word_1_333' title='bbox 474 1312 634 1344; x_wconf 86' lang='lat' dir='ltr'>Nobilium</span> <span class='ocrx_word' id='word_1_334' title='bbox 655 1313 793 1344; x_wconf 82' lang='lat' dir='ltr'>Sexcenta</span> <span class='ocrx_word' id='word_1_335' title='bbox 816 1313 946 1352; x_wconf 76' lang='lat' dir='ltr'>Triginta</span> <span class='ocrx_word' id='word_1_336' title='bbox 959 1314 992 1344; x_wconf 91' lang='lat'>&amp;</span> <span class='ocrx_word' id='word_1_337' title='bbox 1012 1315 1117 1352; x_wconf 84' lang='lat' dir='ltr'>septem</span> <span class='ocrx_word' id='word_1_338' title='bbox 1135 1317 1236 1347; x_wconf 92' lang='lat' dir='ltr'>Nobi-</span> 
     </span>
     <span class='ocr_line' id='line_1_43' title="bbox 174 1351 1236 1391; baseline 0.005 -10"><span class='ocrx_word' id='word_1_339' title='bbox 174 1351 245 1382; x_wconf 88' lang='lat' dir='ltr'>lium</span> <span class='ocrx_word' id='word_1_340' title='bbox 258 1351 321 1389; x_wconf 88' lang='lat' dir='ltr'>puri</span> <span class='ocrx_word' id='word_1_341' title='bbox 336 1351 452 1382; x_wconf 88' lang='lat' dir='ltr'>Auri&amp;</span> <span class='ocrx_word' id='word_1_342' title='bbox 467 1351 529 1390; x_wconf 89' lang='lat' dir='ltr'>justi</span> <span class='ocrx_word' id='word_1_343' title='bbox 544 1351 680 1382; x_wconf 89' lang='lat' dir='ltr'>Ponderis</span> <span class='ocrx_word' id='word_1_344' title='bbox 695 1351 825 1382; x_wconf 77' lang='lat' dir='ltr'>Monetae</span> <span class='ocrx_word' id='word_1_345' title='bbox 841 1352 953 1391; x_wconf 83' lang='lat' dir='ltr'>Angliae</span> <span class='ocrx_word' id='word_1_346' title='bbox 967 1362 1000 1382; x_wconf 90' lang='lat' dir='ltr'>ac</span> <span class='ocrx_word' id='word_1_347' title='bbox 1019 1352 1155 1385; x_wconf 85' lang='lat' dir='ltr'>Duorum</span> <span class='ocrx_word' id='word_1_348' title='bbox 1180 1354 1236 1385; x_wconf 89' lang='lat' dir='ltr'>So-</span> 
     </span>
     <span class='ocr_line' id='line_1_44' title="bbox 174 1389 1235 1432; baseline 0.004 -13"><span class='ocrx_word' id='word_1_349' title='bbox 174 1390 297 1421; x_wconf 92' lang='lat' dir='ltr'>lidorum</span> <span class='ocrx_word' id='word_1_350' title='bbox 312 1390 346 1421; x_wconf 88' lang='lat'>&amp;</span> <span class='ocrx_word' id='word_1_351' title='bbox 360 1390 504 1421; x_wconf 87' lang='lat' dir='ltr'>Duorum</span> <span class='ocrx_word' id='word_1_352' title='bbox 521 1389 716 1422; x_wconf 90' lang='lat' dir='ltr'>Denariorum</span> <span class='ocrx_word' id='word_1_353' title='bbox 731 1390 958 1429; x_wconf 74' lang='lat' dir='ltr'>sterlingorum,</span> <span class='ocrx_word' id='word_1_354' title='bbox 979 1391 1040 1421; x_wconf 75' lang='lat' dir='ltr'><em>T1b1·</em></span> <span class='ocrx_word' id='word_1_355' title='bbox 1045 1415 1055 1430; x_wconf 85' lang='lat'>,</span> <span class='ocrx_word' id='word_1_356' title='bbox 1073 1396 1101 1422; x_wconf 85' lang='lat' dir='ltr'>in</span> <span class='ocrx_word' id='word_1_357' title='bbox 1115 1392 1235 1432; x_wconf 74' lang='lat' dir='ltr'>haspar-</span> 
     </span>
     <span class='ocr_line' id='line_1_45' title="bbox 174 1427 1234 1470; baseline 0.003 -12"><span class='ocrx_word' id='word_1_358' title='bbox 174 1436 203 1458; x_wconf 73' lang='grc' dir='ltr'>τε</span> <span class='ocrx_word' id='word_1_359' title='bbox 214 1439 232 1457; x_wconf 92' lang='lat' dir='ltr'><em>a</em></span> <span class='ocrx_word' id='word_1_360' title='bbox 246 1428 333 1458; x_wconf 82' lang='lat' dir='ltr'>Nobis</span> <span class='ocrx_word' id='word_1_361' title='bbox 341 1427 376 1466; x_wconf 70' lang='lat' dir='ltr'>fit</span> <span class='ocrx_word' id='word_1_362' title='bbox 407 1432 506 1459; x_wconf 87' lang='lat' dir='ltr'>cienter</span> <span class='ocrx_word' id='word_1_363' title='bbox 520 1430 691 1459; x_wconf 58' lang='lat' dir='ltr'>austorizato</span> <span class='ocrx_word' id='word_1_364' title='bbox 700 1451 710 1467; x_wconf 82' lang='grc'>,</span> <span class='ocrx_word' id='word_1_365' title='bbox 728 1427 804 1469; x_wconf 88' lang='lat' dir='ltr'>infra</span> <span class='ocrx_word' id='word_1_366' title='bbox 826 1429 955 1469; x_wconf 67' lang='lat' dir='ltr'>Qatuor</span> <span class='ocrx_word' id='word_1_367' title='bbox 982 1430 1090 1470; x_wconf 69' lang='lat' dir='ltr'>Illenses</span> <span class='ocrx_word' id='word_1_368' title='bbox 1111 1432 1234 1469; x_wconf 72' lang='lat' dir='ltr'>proximo</span> 
     </span>
     <span class='ocr_line' id='line_1_46' title="bbox 173 1466 1234 1507; baseline 0.004 -11"><span class='ocrx_word' id='word_1_369' title='bbox 173 1466 214 1502; x_wconf 55' lang='grc' dir='ltr'>(ᾤ’</span> <span class='ocrx_word' id='word_1_370' title='bbox 227 1467 379 1497; x_wconf 77' lang='lat' dir='ltr'>immediate</span> <span class='ocrx_word' id='word_1_371' title='bbox 385 1467 528 1507; x_wconf 61' lang='lat' dir='ltr'>sequentes</span> <span class='ocrx_word' id='word_1_372' title='bbox 537 1466 595 1506; x_wconf 87' lang='lat' dir='ltr'>post</span> <span class='ocrx_word' id='word_1_373' title='bbox 611 1467 711 1497; x_wconf 63' lang='lat' dir='ltr'>dilium</span> <span class='ocrx_word' id='word_1_374' title='bbox 725 1470 752 1496; x_wconf 92' lang='lat' dir='ltr'><em>V</em></span> <span class='ocrx_word' id='word_1_375' title='bbox 754 1467 882 1506; x_wconf 65' lang='lat' dir='ltr'>infimum</span> <span class='ocrx_word' id='word_1_376' title='bbox 890 1467 1001 1506; x_wconf 64' lang='lat' dir='ltr'>[Extum</span> <span class='ocrx_word' id='word_1_377' title='bbox 1018 1472 1098 1498; x_wconf 82' lang='lat' dir='ltr'>Diem</span> <span class='ocrx_word' id='word_1_378' title='bbox 1110 1472 1234 1500; x_wconf 85' lang='lat' dir='ltr'>Novem-</span> 
     </span>
     <span class='ocr_line' id='line_1_47' title="bbox 172 1505 1234 1546; baseline 0.003 -11"><span class='ocrx_word' id='word_1_379' title='bbox 172 1506 244 1543; x_wconf 80' lang='lat' dir='ltr'>bris,</span> <span class='ocrx_word' id='word_1_380' title='bbox 261 1509 291 1535; x_wconf 87' lang='lat' dir='ltr'>in</span> <span class='ocrx_word' id='word_1_381' title='bbox 304 1505 389 1543; x_wconf 85' lang='lat' dir='ltr'>opido</span> <span class='ocrx_word' id='word_1_382' title='bbox 403 1506 620 1546; x_wconf 70' lang='lat' dir='ltr'>Andewerpenfi</span> <span class='ocrx_word' id='word_1_383' title='bbox 630 1507 762 1536; x_wconf 85' lang='lat' dir='ltr'>Traderet</span> <span class='ocrx_word' id='word_1_384' title='bbox 777 1505 815 1541; x_wconf 65' lang='grc' dir='ltr'>ὠ»</span> <span class='ocrx_word' id='word_1_385' title='bbox 831 1506 1022 1545; x_wconf 68' lang='lat' dir='ltr'>Deliberant,</span> <span class='ocrx_word' id='word_1_386' title='bbox 1040 1515 1088 1538; x_wconf 86' lang='lat' dir='ltr'>aut</span> <span class='ocrx_word' id='word_1_387' title='bbox 1097 1509 1182 1538; x_wconf 87' lang='lat' dir='ltr'>Tradi</span> <span class='ocrx_word' id='word_1_388' title='bbox 1195 1507 1234 1544; x_wconf 66' lang='grc' dir='ltr'>ὠ·</span> 
     </span>
     <span class='ocr_line' id='line_1_48' title="bbox 174 1542 464 1583; baseline 0 -10"><span class='ocrx_word' id='word_1_389' title='bbox 174 1543 332 1574; x_wconf 80' lang='lat' dir='ltr'>Deliberari</span> <span class='ocrx_word' id='word_1_390' title='bbox 338 1542 464 1583; x_wconf 79' lang='lat' dir='ltr'>faceret,</span> 
     </span>
    </p>

    <p class='ocr_par' dir='ltr' id='par_1_17' title="bbox 171 1582 1233 1737">
     <span class='ocr_line' id='line_1_49' title="bbox 211 1582 1232 1622; baseline 0.003 -10"><span class='ocrx_word' id='word_1_391' title='bbox 211 1582 298 1622; x_wconf 89' lang='lat' dir='ltr'>Nos,</span> <span class='ocrx_word' id='word_1_392' title='bbox 313 1583 349 1613; x_wconf 88' lang='lat' dir='ltr'>de</span> <span class='ocrx_word' id='word_1_393' title='bbox 364 1582 412 1613; x_wconf 63' lang='lat' dir='ltr'>tufi</span> <span class='ocrx_word' id='word_1_394' title='bbox 424 1582 547 1621; x_wconf 70' lang='lat' dir='ltr'>provida</span> <span class='ocrx_word' id='word_1_395' title='bbox 563 1582 830 1622; x_wconf 61' lang='lat' dir='ltr'>circumspectione</span> <span class='ocrx_word' id='word_1_396' title='bbox 852 1594 885 1614; x_wconf 90' lang='lat' dir='ltr'>ac</span> <span class='ocrx_word' id='word_1_397' title='bbox 906 1583 1052 1614; x_wconf 88' lang='lat' dir='ltr'>Fidelitate</span> <span class='ocrx_word' id='word_1_398' title='bbox 1076 1584 1232 1622; x_wconf 75' lang='lat' dir='ltr'>plurImum</span> 
     </span>
     <span class='ocr_line' id='line_1_50' title="bbox 171 1620 1233 1663; baseline 0.003 -12"><span class='ocrx_word' id='word_1_399' title='bbox 171 1620 347 1652; x_wconf 88' lang='lat' dir='ltr'>confidentes</span> <span class='ocrx_word' id='word_1_400' title='bbox 362 1643 372 1659; x_wconf 89' lang='lat'>,</span> <span class='ocrx_word' id='word_1_401' title='bbox 396 1630 423 1651; x_wconf 91' lang='lat' dir='ltr'>te</span> <span class='ocrx_word' id='word_1_402' title='bbox 448 1621 577 1652; x_wconf 90' lang='lat' dir='ltr'>nostrum</span> <span class='ocrx_word' id='word_1_403' title='bbox 600 1632 700 1653; x_wconf 89' lang='lat' dir='ltr'>verum</span> <span class='ocrx_word' id='word_1_404' title='bbox 724 1622 758 1652; x_wconf 73' lang='grc' dir='ltr'>δε</span> <span class='ocrx_word' id='word_1_405' title='bbox 780 1622 970 1652; x_wconf 84' lang='lat' dir='ltr'>indubitatum</span> <span class='ocrx_word' id='word_1_406' title='bbox 993 1621 1233 1663; x_wconf 88' lang='lat' dir='ltr'>Procuratorem,</span> 
     </span>
     <span class='ocr_line' id='line_1_51' title="bbox 171 1658 1233 1700; baseline 0.004 -11"><span class='ocrx_word' id='word_1_407' title='bbox 171 1658 346 1699; x_wconf 76' lang='lat' dir='ltr'>Oratorem,</span> <span class='ocrx_word' id='word_1_408' title='bbox 363 1659 599 1691; x_wconf 78' lang='lat' dir='ltr'>Commiiiarium</span> <span class='ocrx_word' id='word_1_409' title='bbox 610 1683 620 1698; x_wconf 93' lang='lat'>,</span> <span class='ocrx_word' id='word_1_410' title='bbox 638 1660 834 1697; x_wconf 87' lang='lat' dir='ltr'>Deputatum,</span> <span class='ocrx_word' id='word_1_411' title='bbox 852 1661 886 1691; x_wconf 76' lang='grc' dir='ltr'>δε</span> <span class='ocrx_word' id='word_1_412' title='bbox 913 1660 1068 1692; x_wconf 90' lang='lat' dir='ltr'>Nuncium</span> <span class='ocrx_word' id='word_1_413' title='bbox 1084 1661 1233 1700; x_wconf 84' lang='lat' dir='ltr'>specialem</span> 
     </span>
     <span class='ocr_line' id='line_1_52' title="bbox 171 1697 826 1737; baseline 0.002 -9"><span class='ocrx_word' id='word_1_414' title='bbox 171 1697 305 1729; x_wconf 84' lang='lat' dir='ltr'>Facimus</span> <span class='ocrx_word' id='word_1_415' title='bbox 318 1699 353 1729; x_wconf 73' lang='grc' dir='ltr'>δε</span> <span class='ocrx_word' id='word_1_416' title='bbox 364 1697 575 1729; x_wconf 87' lang='lat' dir='ltr'>Constituimus</span> <span class='ocrx_word' id='word_1_417' title='bbox 590 1708 639 1735; x_wconf 90' lang='lat' dir='ltr'>per</span> <span class='ocrx_word' id='word_1_418' title='bbox 658 1698 826 1737; x_wconf 67' lang='lat' dir='ltr'>Praestences,</span> 
     </span>
    </p>

    <p class='ocr_par' dir='ltr' id='par_1_18' title="bbox 163 1736 1230 2274">
     <span class='ocr_line' id='line_1_53' title="bbox 208 1736 1229 1777; baseline 0.005 -11"><span class='ocrx_word' id='word_1_419' title='bbox 208 1736 320 1768; x_wconf 83' lang='lat' dir='ltr'>Dantes</span> <span class='ocrx_word' id='word_1_420' title='bbox 340 1738 374 1768; x_wconf 73' lang='grc' dir='ltr'>δε</span> <span class='ocrx_word' id='word_1_421' title='bbox 398 1737 600 1767; x_wconf 89' lang='lat' dir='ltr'>Concedentes</span> <span class='ocrx_word' id='word_1_422' title='bbox 623 1737 696 1767; x_wconf 89' lang='lat' dir='ltr'>Tibi</span> <span class='ocrx_word' id='word_1_423' title='bbox 713 1761 722 1774; x_wconf 88' lang='lat'>,</span> <span class='ocrx_word' id='word_1_424' title='bbox 747 1737 866 1768; x_wconf 89' lang='lat' dir='ltr'>Tenore</span> <span class='ocrx_word' id='word_1_425' title='bbox 887 1737 1072 1769; x_wconf 76' lang='lat' dir='ltr'>Praesentium</span> <span class='ocrx_word' id='word_1_426' title='bbox 1085 1763 1095 1777; x_wconf 89' lang='lat'>,</span> <span class='ocrx_word' id='word_1_427' title='bbox 1116 1739 1229 1777; x_wconf 86' lang='lat' dir='ltr'>plenam</span> 
     </span>
     <span class='ocr_line' id='line_1_54' title="bbox 169 1774 1228 1814; baseline 0.003 -9"><span class='ocrx_word' id='word_1_428' title='bbox 169 1774 344 1806; x_wconf 89' lang='lat' dir='ltr'>Potestatem</span> <span class='ocrx_word' id='word_1_429' title='bbox 363 1777 397 1807; x_wconf 89' lang='lat'>&amp;</span> <span class='ocrx_word' id='word_1_430' title='bbox 421 1775 631 1806; x_wconf 74' lang='lat' dir='ltr'>Au6&#39;oeritatem</span> <span class='ocrx_word' id='word_1_431' title='bbox 646 1799 656 1813; x_wconf 90' lang='lat'>,</span> <span class='ocrx_word' id='word_1_432' title='bbox 680 1785 714 1806; x_wconf 89' lang='lat' dir='ltr'>ac</span> <span class='ocrx_word' id='word_1_433' title='bbox 736 1774 906 1806; x_wconf 87' lang='lat' dir='ltr'>Mandatum</span> <span class='ocrx_word' id='word_1_434' title='bbox 932 1777 1046 1814; x_wconf 78' lang='lat' dir='ltr'>speciale</span> <span class='ocrx_word' id='word_1_435' title='bbox 1059 1802 1069 1814; x_wconf 82' lang='lat'>,</span> <span class='ocrx_word' id='word_1_436' title='bbox 1090 1777 1228 1808; x_wconf 87' lang='lat' dir='ltr'>Nomine</span> 
     </span>
     <span class='ocr_line' id='line_1_55' title="bbox 170 1813 1229 1853; baseline 0.003 -9"><span class='ocrx_word' id='word_1_437' title='bbox 170 1813 272 1844; x_wconf 84' lang='lat' dir='ltr'>nostro</span> <span class='ocrx_word' id='word_1_438' title='bbox 287 1816 320 1846; x_wconf 90' lang='lat'>&amp;</span> <span class='ocrx_word' id='word_1_439' title='bbox 336 1824 390 1853; x_wconf 91' lang='lat' dir='ltr'>pro</span> <span class='ocrx_word' id='word_1_440' title='bbox 402 1813 521 1852; x_wconf 92' lang='lat' dir='ltr'>Nobis,</span> <span class='ocrx_word' id='word_1_441' title='bbox 539 1814 645 1844; x_wconf 64' lang='lat' dir='ltr'>dietam</span> <span class='ocrx_word' id='word_1_442' title='bbox 663 1813 878 1852; x_wconf 81' lang='lat' dir='ltr'>Obligationem</span> <span class='ocrx_word' id='word_1_443' title='bbox 892 1815 923 1845; x_wconf 67' lang='grc' dir='ltr'>ὃς</span> <span class='ocrx_word' id='word_1_444' title='bbox 939 1815 989 1845; x_wconf 86' lang='lat' dir='ltr'>alia</span> <span class='ocrx_word' id='word_1_445' title='bbox 1004 1815 1113 1853; x_wconf 83' lang='lat' dir='ltr'>Scripta</span> <span class='ocrx_word' id='word_1_446' title='bbox 1130 1817 1229 1847; x_wconf 90' lang='lat' dir='ltr'>Publi-</span> 
     </span>
     <span class='ocr_line' id='line_1_56' title="bbox 167 1853 1229 1890; baseline 0.003 -7"><span class='ocrx_word' id='word_1_447' title='bbox 167 1862 202 1884; x_wconf 91' lang='lat' dir='ltr'>ca</span> <span class='ocrx_word' id='word_1_448' title='bbox 221 1853 255 1883; x_wconf 87' lang='lat'>&amp;</span> <span class='ocrx_word' id='word_1_449' title='bbox 278 1854 391 1884; x_wconf 87' lang='lat' dir='ltr'>Privata</span> <span class='ocrx_word' id='word_1_450' title='bbox 413 1862 604 1890; x_wconf 69' lang='lat' dir='ltr'>quaecumque</span> <span class='ocrx_word' id='word_1_451' title='bbox 626 1862 871 1890; x_wconf 83' lang='lat' dir='ltr'>quarumcumque</span> <span class='ocrx_word' id='word_1_452' title='bbox 893 1853 1079 1884; x_wconf 88' lang='lat' dir='ltr'>Pecuniarum</span> <span class='ocrx_word' id='word_1_453' title='bbox 1095 1855 1229 1886; x_wconf 87' lang='lat' dir='ltr'>Summa-</span> 
     </span>
     <span class='ocr_line' id='line_1_57' title="bbox 167 1890 1228 1930; baseline 0.003 -8"><span class='ocrx_word' id='word_1_454' title='bbox 167 1901 250 1928; x_wconf 87' lang='lat' dir='ltr'>rum,</span> <span class='ocrx_word' id='word_1_455' title='bbox 269 1901 385 1922; x_wconf 84' lang='lat' dir='ltr'>necnon</span> <span class='ocrx_word' id='word_1_456' title='bbox 399 1891 462 1921; x_wconf 84' lang='lat' dir='ltr'>alias</span> <span class='ocrx_word' id='word_1_457' title='bbox 479 1891 578 1922; x_wconf 85' lang='lat' dir='ltr'>fimiles</span> <span class='ocrx_word' id='word_1_458' title='bbox 593 1890 746 1928; x_wconf 82' lang='lat' dir='ltr'>Scripturas</span> <span class='ocrx_word' id='word_1_459' title='bbox 762 1891 964 1930; x_wconf 83' lang='lat' dir='ltr'>cujuscumque</span> <span class='ocrx_word' id='word_1_460' title='bbox 983 1893 1035 1923; x_wconf 88' lang='lat' dir='ltr'>sint</span> <span class='ocrx_word' id='word_1_461' title='bbox 1048 1893 1172 1924; x_wconf 90' lang='lat' dir='ltr'>Tenoris</span> <span class='ocrx_word' id='word_1_462' title='bbox 1195 1895 1228 1925; x_wconf 90' lang='lat'>&amp;</span> 
     </span>
     <span class='ocr_line' id='line_1_58' title="bbox 167 1928 1229 1968; baseline 0.001 -7"><span class='ocrx_word' id='word_1_463' title='bbox 167 1928 306 1968; x_wconf 68' lang='lat' dir='ltr'>effectus,</span> <span class='ocrx_word' id='word_1_464' title='bbox 326 1930 427 1968; x_wconf 88' lang='lat' dir='ltr'>quibus</span> <span class='ocrx_word' id='word_1_465' title='bbox 441 1929 511 1960; x_wconf 90' lang='lat' dir='ltr'>Nos</span> <span class='ocrx_word' id='word_1_466' title='bbox 525 1938 571 1960; x_wconf 88' lang='lat' dir='ltr'>aut</span> <span class='ocrx_word' id='word_1_467' title='bbox 596 1929 773 1960; x_wconf 83' lang='lat' dir='ltr'>Illustriffimi</span> <span class='ocrx_word' id='word_1_468' title='bbox 796 1930 998 1968; x_wconf 86' lang='lat' dir='ltr'>Progenitores</span> <span class='ocrx_word' id='word_1_469' title='bbox 1019 1931 1108 1962; x_wconf 90' lang='lat' dir='ltr'>nostri</span> <span class='ocrx_word' id='word_1_470' title='bbox 1123 1941 1170 1964; x_wconf 89' lang='lat' dir='ltr'>aut</span> <span class='ocrx_word' id='word_1_471' title='bbox 1183 1933 1229 1963; x_wconf 92' lang='lat' dir='ltr'>alii</span> 
     </span>
     <span class='ocr_line' id='line_1_59' title="bbox 167 1968 1228 2009; baseline 0.003 -11"><span class='ocrx_word' id='word_1_472' title='bbox 167 1968 346 2000; x_wconf 89' lang='lat' dir='ltr'>Mercatores</span> <span class='ocrx_word' id='word_1_473' title='bbox 365 1969 412 1999; x_wconf 85' lang='lat' dir='ltr'>vel</span> <span class='ocrx_word' id='word_1_474' title='bbox 433 1968 546 1999; x_wconf 89' lang='lat' dir='ltr'>Subditi</span> <span class='ocrx_word' id='word_1_475' title='bbox 567 1968 664 2004; x_wconf 84' lang='lat' dir='ltr'>Regni</span> <span class='ocrx_word' id='word_1_476' title='bbox 689 1968 801 2007; x_wconf 72' lang='lat' dir='ltr'>Anglrae</span> <span class='ocrx_word' id='word_1_477' title='bbox 821 1979 870 2005; x_wconf 89' lang='lat' dir='ltr'>per</span> <span class='ocrx_word' id='word_1_478' title='bbox 895 1969 1048 2009; x_wconf 81' lang='lat' dir='ltr'>Magistros</span> <span class='ocrx_word' id='word_1_479' title='bbox 1073 1970 1228 2001; x_wconf 87' lang='lat' dir='ltr'>Generales</span> 
     </span>
     <span class='ocr_line' id='line_1_60' title="bbox 167 2006 1229 2040; baseline 0.003 -3"><span class='ocrx_word' id='word_1_480' title='bbox 167 2006 280 2038; x_wconf 86' lang='lat' dir='ltr'>Pruciae</span> <span class='ocrx_word' id='word_1_481' title='bbox 296 2016 344 2038; x_wconf 87' lang='lat' dir='ltr'>aut</span> <span class='ocrx_word' id='word_1_482' title='bbox 359 2006 525 2038; x_wconf 87' lang='lat' dir='ltr'>Crucifetos</span> <span class='ocrx_word' id='word_1_483' title='bbox 539 2007 596 2037; x_wconf 87' lang='lat' dir='ltr'>five</span> <span class='ocrx_word' id='word_1_484' title='bbox 609 2006 740 2038; x_wconf 86' lang='lat' dir='ltr'>Rutenos</span> <span class='ocrx_word' id='word_1_485' title='bbox 754 2017 800 2037; x_wconf 87' lang='lat' dir='ltr'>aut</span> <span class='ocrx_word' id='word_1_486' title='bbox 815 2006 1068 2038; x_wconf 87' lang='lat' dir='ltr'>Communitatem</span> <span class='ocrx_word' id='word_1_487' title='bbox 1082 2010 1129 2040; x_wconf 91' lang='lat' dir='ltr'>vel</span> <span class='ocrx_word' id='word_1_488' title='bbox 1145 2009 1229 2040; x_wconf 89' lang='lat' dir='ltr'>Mer-</span> 
     </span>
     <span class='ocr_line' id='line_1_61' title="bbox 164 2045 1229 2087; baseline 0.004 -12"><span class='ocrx_word' id='word_1_489' title='bbox 164 2053 275 2077; x_wconf 62' lang='lat' dir='ltr'>cator&amp;</span> <span class='ocrx_word' id='word_1_490' title='bbox 291 2046 487 2085; x_wconf 85' lang='lat' dir='ltr'>quoscumque</span> <span class='ocrx_word' id='word_1_491' title='bbox 501 2045 631 2076; x_wconf 83' lang='lat' dir='ltr'>Civitatis</span> <span class='ocrx_word' id='word_1_492' title='bbox 645 2054 693 2076; x_wconf 89' lang='lat' dir='ltr'>aut</span> <span class='ocrx_word' id='word_1_493' title='bbox 703 2046 820 2076; x_wconf 89' lang='lat' dir='ltr'>aliorum</span> <span class='ocrx_word' id='word_1_494' title='bbox 836 2045 987 2077; x_wconf 89' lang='lat' dir='ltr'>Locorum</span> <span class='ocrx_word' id='word_1_495' title='bbox 1010 2047 1229 2087; x_wconf 60' lang='lat' dir='ltr'>praedidiorum,</span> 
     </span>
     <span class='ocr_line' id='line_1_62' title="bbox 163 2083 1228 2124; baseline 0.003 -10"><span class='ocrx_word' id='word_1_496' title='bbox 163 2083 212 2115; x_wconf 89' lang='lat' dir='ltr'>seu</span> <span class='ocrx_word' id='word_1_497' title='bbox 226 2094 329 2116; x_wconf 88' lang='lat' dir='ltr'>eorum</span> <span class='ocrx_word' id='word_1_498' title='bbox 342 2083 497 2119; x_wconf 74' lang='lat' dir='ltr'>Haeredes,</span> <span class='ocrx_word' id='word_1_499' title='bbox 516 2084 714 2123; x_wconf 72' lang='lat' dir='ltr'>soccessores,</span> <span class='ocrx_word' id='word_1_500' title='bbox 730 2092 777 2114; x_wconf 90' lang='lat' dir='ltr'>aut</span> <span class='ocrx_word' id='word_1_501' title='bbox 793 2084 971 2124; x_wconf 73' lang='lat' dir='ltr'>Affignatos,</span> <span class='ocrx_word' id='word_1_502' title='bbox 991 2086 1036 2116; x_wconf 92' lang='lat' dir='ltr'>vel</span> <span class='ocrx_word' id='word_1_503' title='bbox 1053 2086 1121 2117; x_wconf 87' lang='lat' dir='ltr'>alios</span> <span class='ocrx_word' id='word_1_504' title='bbox 1142 2097 1228 2124; x_wconf 86' lang='lat' dir='ltr'>quos-</span> 
     </span>
     <span class='ocr_line' id='line_1_63' title="bbox 164 2122 1227 2163; baseline 0.002 -9"><span class='ocrx_word' id='word_1_505' title='bbox 164 2132 292 2162; x_wconf 89' lang='lat' dir='ltr'>cumque</span> <span class='ocrx_word' id='word_1_506' title='bbox 307 2124 417 2154; x_wconf 87' lang='lat' dir='ltr'>onerari</span> <span class='ocrx_word' id='word_1_507' title='bbox 429 2122 552 2161; x_wconf 88' lang='lat' dir='ltr'>poffirit,</span> <span class='ocrx_word' id='word_1_508' title='bbox 569 2124 605 2153; x_wconf 92' lang='lat' dir='ltr'>ab</span> <span class='ocrx_word' id='word_1_509' title='bbox 619 2123 726 2154; x_wconf 90' lang='lat' dir='ltr'>eisdem</span> <span class='ocrx_word' id='word_1_510' title='bbox 739 2131 786 2153; x_wconf 87' lang='lat' dir='ltr'>aut</span> <span class='ocrx_word' id='word_1_511' title='bbox 804 2133 906 2154; x_wconf 88' lang='lat' dir='ltr'>eorum</span> <span class='ocrx_word' id='word_1_512' title='bbox 923 2123 1227 2163; x_wconf 58' lang='lat' dir='ltr'>Commiffariofflro-</span> 
     </span>
     <span class='ocr_line' id='line_1_64' title="bbox 164 2161 1228 2203; baseline 0.002 -10"><span class='ocrx_word' id='word_1_513' title='bbox 164 2171 298 2193; x_wconf 85' lang='lat' dir='ltr'>curatore</span> <span class='ocrx_word' id='word_1_514' title='bbox 310 2185 320 2200; x_wconf 88' lang='lat'>,</span> <span class='ocrx_word' id='word_1_515' title='bbox 338 2162 484 2202; x_wconf 90' lang='lat' dir='ltr'>Deputato</span> <span class='ocrx_word' id='word_1_516' title='bbox 497 2185 507 2200; x_wconf 92' lang='lat'>,</span> <span class='ocrx_word' id='word_1_517' title='bbox 525 2161 584 2194; x_wconf 91' lang='lat' dir='ltr'>five</span> <span class='ocrx_word' id='word_1_518' title='bbox 602 2161 723 2192; x_wconf 91' lang='lat' dir='ltr'>Nuncio</span> <span class='ocrx_word' id='word_1_519' title='bbox 744 2161 852 2199; x_wconf 86' lang='lat' dir='ltr'>speciali</span> <span class='ocrx_word' id='word_1_520' title='bbox 869 2185 879 2200; x_wconf 87' lang='lat'>,</span> <span class='ocrx_word' id='word_1_521' title='bbox 906 2163 943 2192; x_wconf 85' lang='lat' dir='ltr'>ab</span> <span class='ocrx_word' id='word_1_522' title='bbox 965 2163 1003 2192; x_wconf 89' lang='lat' dir='ltr'>eis</span> <span class='ocrx_word' id='word_1_523' title='bbox 1023 2164 1052 2192; x_wconf 89' lang='lat' dir='ltr'>in</span> <span class='ocrx_word' id='word_1_524' title='bbox 1075 2164 1127 2194; x_wconf 76' lang='lat' dir='ltr'>hac</span> <span class='ocrx_word' id='word_1_525' title='bbox 1150 2173 1228 2203; x_wconf 90' lang='lat' dir='ltr'>parte</span> 
     </span>
     <span class='ocr_line' id='line_1_65' title="bbox 165 2199 1230 2269; baseline 0.003 -39"><span class='ocrx_word' id='word_1_526' title='bbox 165 2199 338 2269; x_wconf 56' lang='lat' dir='ltr'>sufficignter</span> <span class='ocrx_word' id='word_1_527' title='bbox 352 2200 556 2238; x_wconf 69' lang='lat' dir='ltr'>Au&amp;0tizato,</span> <span class='ocrx_word' id='word_1_528' title='bbox 574 2200 709 2239; x_wconf 85' lang='lat' dir='ltr'>Petendi‚</span> <span class='ocrx_word' id='word_1_529' title='bbox 727 2199 920 2239; x_wconf 87' lang='lat' dir='ltr'>Requirendi,</span> <span class='ocrx_word' id='word_1_530' title='bbox 938 2200 1094 2241; x_wconf 79' lang='lat' dir='ltr'>Exigendi,</span> <span class='ocrx_word' id='word_1_531' title='bbox 1111 2202 1144 2233; x_wconf 69' lang='grc' dir='ltr'>ὃς</span> <span class='ocrx_word' id='word_1_532' title='bbox 1166 2202 1230 2233; x_wconf 88' lang='lat' dir='ltr'>Re·-</span> 
     </span>
     <span class='ocr_line' id='line_1_66' title="bbox 163 2248 556 2274; baseline 0.003 -4"><span class='ocrx_word' id='word_1_533' title='bbox 163 2248 191 2270; x_wconf 85' lang='lat' dir='ltr'>ci</span> <span class='ocrx_word' id='word_1_534' title='bbox 215 2250 258 2270; x_wconf 90' lang='lat' dir='ltr'>ien</span> <span class='ocrx_word' id='word_1_535' title='bbox 281 2251 288 2270; x_wconf 92' lang='lat'>1</span> <span class='ocrx_word' id='word_1_536' title='bbox 553 2271 556 2274; x_wconf 77' lang='grc'>,</span> 
     </span>
    </p>

    <p class='ocr_par' dir='ltr' id='par_1_19' title="bbox 162 2249 1230 2550">
     <span class='ocr_line' id='line_1_67' title="bbox 194 2249 1230 2319; baseline 0 -10"><span class='ocrx_word' id='word_1_537' title='bbox 194 2249 332 2319; x_wconf 54' lang='lat' dir='ltr'>lipibsq&#39;ue</span> <span class='ocrx_word' id='word_1_538' title='bbox 352 2276 615 2317; x_wconf 58' lang='lat' dir='ltr'>Archtpraefiffum,</span> <span class='ocrx_word' id='word_1_539' title='bbox 632 2277 828 2318; x_wconf 82' lang='lat' dir='ltr'>Praeconfides,</span> <span class='ocrx_word' id='word_1_540' title='bbox 845 2277 986 2318; x_wconf 65' lang='lat' dir='ltr'>Consules,</span> <span class='ocrx_word' id='word_1_541' title='bbox 1004 2279 1039 2310; x_wconf 73' lang='grc' dir='ltr'>ὃς</span> <span class='ocrx_word' id='word_1_542' title='bbox 1059 2281 1230 2318; x_wconf 80' lang='lat' dir='ltr'>Burgimagi-</span> 
     </span>
     <span class='ocr_line' id='line_1_68' title="bbox 163 2316 1227 2357; baseline 0.003 -10"><span class='ocrx_word' id='word_1_543' title='bbox 163 2317 248 2357; x_wconf 70' lang='lat' dir='ltr'>siros,</span> <span class='ocrx_word' id='word_1_544' title='bbox 266 2319 300 2349; x_wconf 89' lang='lat'>&amp;</span> <span class='ocrx_word' id='word_1_545' title='bbox 320 2317 426 2349; x_wconf 61' lang='lat' dir='ltr'>dietam</span> <span class='ocrx_word' id='word_1_546' title='bbox 450 2317 615 2355; x_wconf 86' lang='lat' dir='ltr'>praetensam</span> <span class='ocrx_word' id='word_1_547' title='bbox 639 2316 858 2354; x_wconf 85' lang='lat' dir='ltr'>Obligationem</span> <span class='ocrx_word' id='word_1_548' title='bbox 880 2327 913 2348; x_wconf 90' lang='lat' dir='ltr'>ac</span> <span class='ocrx_word' id='word_1_549' title='bbox 934 2319 997 2347; x_wconf 89' lang='lat' dir='ltr'>alias</span> <span class='ocrx_word' id='word_1_550' title='bbox 1016 2318 1170 2356; x_wconf 86' lang='lat' dir='ltr'>Scripturas</span> <span class='ocrx_word' id='word_1_551' title='bbox 1193 2320 1227 2350; x_wconf 63' lang='grc' dir='ltr'>ὃς</span> 
     </span>
     <span class='ocr_line' id='line_1_69' title="bbox 164 2355 1226 2396; baseline -0.001 -8"><span class='ocrx_word' id='word_1_552' title='bbox 164 2357 365 2396; x_wconf 77' lang='lat' dir='ltr'>obligationes</span> <span class='ocrx_word' id='word_1_553' title='bbox 379 2356 526 2395; x_wconf 73' lang='lat' dir='ltr'>praedi&amp;as</span> <span class='ocrx_word' id='word_1_554' title='bbox 538 2356 702 2394; x_wconf 84' lang='lat' dir='ltr'>liberantes,</span> <span class='ocrx_word' id='word_1_555' title='bbox 719 2356 755 2386; x_wconf 92' lang='lat' dir='ltr'>de</span> <span class='ocrx_word' id='word_1_556' title='bbox 770 2355 931 2393; x_wconf 85' lang='lat' dir='ltr'>hujusmodi</span> <span class='ocrx_word' id='word_1_557' title='bbox 948 2356 1084 2394; x_wconf 81' lang='lat' dir='ltr'>Receptis</span> <span class='ocrx_word' id='word_1_558' title='bbox 1099 2357 1226 2395; x_wconf 91' lang='lat' dir='ltr'>Acquie-</span> 
     </span>
     <span class='ocr_line' id='line_1_70' title="bbox 163 2394 1226 2432; baseline -0.002 -5"><span class='ocrx_word' id='word_1_559' title='bbox 163 2395 242 2427; x_wconf 83' lang='lat' dir='ltr'>tandi</span> <span class='ocrx_word' id='word_1_560' title='bbox 263 2397 298 2427; x_wconf 90' lang='lat'>&amp;</span> <span class='ocrx_word' id='word_1_561' title='bbox 318 2394 518 2432; x_wconf 83' lang='lat' dir='ltr'>Exonerandi,</span> <span class='ocrx_word' id='word_1_562' title='bbox 535 2394 694 2431; x_wconf 88' lang='lat' dir='ltr'>Litetasque</span> <span class='ocrx_word' id='word_1_563' title='bbox 721 2394 929 2432; x_wconf 79' lang='lat' dir='ltr'>Acquietantiae</span> <span class='ocrx_word' id='word_1_564' title='bbox 953 2395 987 2426; x_wconf 86' lang='lat'>&amp;</span> <span class='ocrx_word' id='word_1_565' title='bbox 1009 2394 1226 2427; x_wconf 71' lang='lat' dir='ltr'>Exonerationis</span> 
     </span>
     <span class='ocr_line' id='line_1_71' title="bbox 162 2432 1224 2473; baseline -0.001 -8"><span class='ocrx_word' id='word_1_566' title='bbox 162 2433 324 2472; x_wconf 87' lang='lat' dir='ltr'>hujusmodi</span> <span class='ocrx_word' id='word_1_567' title='bbox 346 2433 468 2472; x_wconf 85' lang='lat' dir='ltr'>praefatis</span> <span class='ocrx_word' id='word_1_568' title='bbox 487 2433 705 2472; x_wconf 62' lang='lat' dir='ltr'>ArchipraefebZo</span> <span class='ocrx_word' id='word_1_569' title='bbox 749 2432 948 2472; x_wconf 69' lang='lat' dir='ltr'>Proconfhlibus</span> <span class='ocrx_word' id='word_1_570' title='bbox 962 2458 971 2468; x_wconf 76' lang='lat'>,</span> <span class='ocrx_word' id='word_1_571' title='bbox 990 2433 1142 2473; x_wconf 76' lang='lat' dir='ltr'>Confidibus</span> <span class='ocrx_word' id='word_1_572' title='bbox 1157 2457 1167 2473; x_wconf 90' lang='lat'>,</span> <span class='ocrx_word' id='word_1_573' title='bbox 1190 2435 1224 2466; x_wconf 89' lang='lat'>&amp;</span> 
     </span>
     <span class='ocr_line' id='line_1_72' title="bbox 162 2456 1228 2514; baseline 0.001 -11"><span class='ocrx_word' id='word_1_574' title='bbox 162 2472 397 2514; x_wconf 80' lang='lat' dir='ltr'>Burgimagistris,</span> <span class='ocrx_word' id='word_1_575' title='bbox 416 2481 464 2503; x_wconf 89' lang='lat' dir='ltr'>aut</span> <span class='ocrx_word' id='word_1_576' title='bbox 482 2481 583 2502; x_wconf 90' lang='lat' dir='ltr'>eorum</span> <span class='ocrx_word' id='word_1_577' title='bbox 607 2472 686 2502; x_wconf 67' lang='lat' dir='ltr'>dicto</span> <span class='ocrx_word' id='word_1_578' title='bbox 710 2456 936 2510; x_wconf 55' lang='lat' dir='ltr'>&amp;ommissariQ</span> <span class='ocrx_word' id='word_1_579' title='bbox 955 2472 1152 2511; x_wconf 87' lang='lat' dir='ltr'>Procuratori,</span> <span class='ocrx_word' id='word_1_580' title='bbox 1171 2472 1228 2504; x_wconf 84' lang='lat' dir='ltr'>five</span> 
     </span>
     <span class='ocr_line' id='line_1_73' title="bbox 162 2509 1213 2550; baseline -0.001 -8"><span class='ocrx_word' id='word_1_581' title='bbox 162 2510 214 2542; x_wconf 92' lang='lat' dir='ltr'>De</span> <span class='ocrx_word' id='word_1_582' title='bbox 236 2519 314 2543; x_wconf 87' lang='lat' dir='ltr'>utato</span> <span class='ocrx_word' id='word_1_583' title='bbox 330 2512 469 2542; x_wconf 90' lang='lat' dir='ltr'>Nomine</span> <span class='ocrx_word' id='word_1_584' title='bbox 482 2510 582 2541; x_wconf 91' lang='lat' dir='ltr'>nostro</span> <span class='ocrx_word' id='word_1_585' title='bbox 598 2509 743 2547; x_wconf 85' lang='lat' dir='ltr'>Faciendi,</span> <span class='ocrx_word' id='word_1_586' title='bbox 760 2509 922 2548; x_wconf 88' lang='lat' dir='ltr'>Tradendi,</span> <span class='ocrx_word' id='word_1_587' title='bbox 941 2510 997 2541; x_wconf 87' lang='lat' dir='ltr'>five</span> <span class='ocrx_word' id='word_1_588' title='bbox 1011 2511 1213 2550; x_wconf 85' lang='lat' dir='ltr'>Deliberandi,</span> 
     </span>
    </p>

    <p class='ocr_par' dir='ltr' id='par_1_20' title="bbox 163 2548 1229 2625">
     <span class='ocr_line' id='line_1_74' title="bbox 232 2548 1229 2588; baseline 0 -7"><span class='ocrx_word' id='word_1_589' title='bbox 232 2559 373 2588; x_wconf 88' lang='lat' dir='ltr'>aeteraque</span> <span class='ocrx_word' id='word_1_590' title='bbox 384 2549 563 2581; x_wconf 81' lang='lat' dir='ltr'>Faciendi&amp;</span> <span class='ocrx_word' id='word_1_591' title='bbox 576 2548 767 2587; x_wconf 85' lang='lat' dir='ltr'>Perimplendi</span> <span class='ocrx_word' id='word_1_592' title='bbox 783 2559 846 2587; x_wconf 83' lang='lat' dir='ltr'>quae</span> <span class='ocrx_word' id='word_1_593' title='bbox 862 2550 892 2579; x_wconf 89' lang='lat' dir='ltr'>in</span> <span class='ocrx_word' id='word_1_594' title='bbox 914 2549 1064 2580; x_wconf 85' lang='lat' dir='ltr'>Ptaemiffis</span> <span class='ocrx_word' id='word_1_595' title='bbox 1085 2550 1131 2581; x_wconf 90' lang='lat' dir='ltr'>seu</span> <span class='ocrx_word' id='word_1_596' title='bbox 1152 2551 1229 2581; x_wconf 90' lang='lat' dir='ltr'>circa</span> 
     </span>
     <span class='ocr_line' id='line_1_75' title="bbox 163 2587 944 2625; baseline -0.003 -6"><span class='ocrx_word' id='word_1_597' title='bbox 163 2598 196 2620; x_wconf 68' lang='lat' dir='ltr'>ea</span> <span class='ocrx_word' id='word_1_598' title='bbox 208 2588 360 2620; x_wconf 77' lang='lat' dir='ltr'>neceffaria</span> <span class='ocrx_word' id='word_1_599' title='bbox 376 2587 481 2619; x_wconf 87' lang='lat' dir='ltr'>fuerint</span> <span class='ocrx_word' id='word_1_600' title='bbox 495 2587 540 2618; x_wconf 86' lang='lat' dir='ltr'>seu</span> <span class='ocrx_word' id='word_1_601' title='bbox 555 2587 777 2624; x_wconf 81' lang='lat' dir='ltr'>quomodolibet</span> <span class='ocrx_word' id='word_1_602' title='bbox 789 2596 944 2625; x_wconf 68' lang='lat' dir='ltr'>oportuna,</span> 
     </span>
    </p>

    <p class='ocr_par' dir='ltr' id='par_1_21' title="bbox 162 2624 1225 2780">
     <span class='ocr_line' id='line_1_76' title="bbox 201 2624 1225 2665; baseline -0.001 -8"><span class='ocrx_word' id='word_1_603' title='bbox 201 2626 406 2658; x_wconf 82' lang='lat' dir='ltr'>Promittentes</span> <span class='ocrx_word' id='word_1_604' title='bbox 419 2649 429 2665; x_wconf 90' lang='lat'>,</span> <span class='ocrx_word' id='word_1_605' title='bbox 446 2626 526 2657; x_wconf 60' lang='lat' dir='ltr'>boni</span> <span class='ocrx_word' id='word_1_606' title='bbox 548 2626 619 2656; x_wconf 90' lang='lat' dir='ltr'>Fide</span> <span class='ocrx_word' id='word_1_607' title='bbox 639 2627 673 2657; x_wconf 70' lang='grc' dir='ltr'>δε</span> <span class='ocrx_word' id='word_1_608' title='bbox 692 2626 721 2655; x_wconf 90' lang='lat' dir='ltr'>in</span> <span class='ocrx_word' id='word_1_609' title='bbox 742 2624 841 2656; x_wconf 90' lang='lat' dir='ltr'>Verbo</span> <span class='ocrx_word' id='word_1_610' title='bbox 863 2625 961 2665; x_wconf 86' lang='lat' dir='ltr'>Regio</span> <span class='ocrx_word' id='word_1_611' title='bbox 975 2649 984 2664; x_wconf 90' lang='lat'>‚</span> <span class='ocrx_word' id='word_1_612' title='bbox 1009 2626 1078 2656; x_wconf 90' lang='lat' dir='ltr'>Nos</span> <span class='ocrx_word' id='word_1_613' title='bbox 1101 2626 1225 2664; x_wconf 84' lang='lat' dir='ltr'>Ratum,</span> 
     </span>
     <span class='ocr_line' id='line_1_77' title="bbox 164 2664 1225 2703; baseline -0.001 -7"><span class='ocrx_word' id='word_1_614' title='bbox 164 2664 307 2703; x_wconf 86' lang='lat' dir='ltr'>Gratum,</span> <span class='ocrx_word' id='word_1_615' title='bbox 326 2666 360 2696; x_wconf 66' lang='grc' dir='ltr'>ὃ(</span> <span class='ocrx_word' id='word_1_616' title='bbox 377 2665 509 2695; x_wconf 89' lang='lat' dir='ltr'>Firmum</span> <span class='ocrx_word' id='word_1_617' title='bbox 534 2665 677 2695; x_wconf 86' lang='lat' dir='ltr'>habituros</span> <span class='ocrx_word' id='word_1_618' title='bbox 695 2672 788 2694; x_wconf 89' lang='lat' dir='ltr'>totum</span> <span class='ocrx_word' id='word_1_619' title='bbox 811 2665 844 2694; x_wconf 65' lang='grc' dir='ltr'>ὃς</span> <span class='ocrx_word' id='word_1_620' title='bbox 864 2665 1001 2702; x_wconf 87' lang='lat' dir='ltr'>quicquid</span> <span class='ocrx_word' id='word_1_621' title='bbox 1015 2665 1091 2702; x_wconf 92' lang='lat' dir='ltr'>quod</span> <span class='ocrx_word' id='word_1_622' title='bbox 1111 2675 1160 2701; x_wconf 87' lang='lat' dir='ltr'>per</span> <span class='ocrx_word' id='word_1_623' title='bbox 1177 2665 1225 2695; x_wconf 92' lang='lat' dir='ltr'>Te</span> 
     </span>
     <span class='ocr_line' id='line_1_78' title="bbox 163 2702 1225 2743; baseline 0 -8"><span class='ocrx_word' id='word_1_624' title='bbox 163 2703 302 2735; x_wconf 88' lang='lat' dir='ltr'>Nomine</span> <span class='ocrx_word' id='word_1_625' title='bbox 328 2703 428 2734; x_wconf 90' lang='lat' dir='ltr'>nostro</span> <span class='ocrx_word' id='word_1_626' title='bbox 453 2705 486 2734; x_wconf 88' lang='lat'>&amp;</span> <span class='ocrx_word' id='word_1_627' title='bbox 505 2713 558 2743; x_wconf 91' lang='lat' dir='ltr'>pro</span> <span class='ocrx_word' id='word_1_628' title='bbox 577 2703 677 2734; x_wconf 87' lang='lat' dir='ltr'>Nobis</span> <span class='ocrx_word' id='word_1_629' title='bbox 694 2702 806 2733; x_wconf 72' lang='grc' dir='ltr'>Αὲὶυῐιι</span> <span class='ocrx_word' id='word_1_630' title='bbox 824 2703 906 2734; x_wconf 84' lang='lat' dir='ltr'>fuerit</span> <span class='ocrx_word' id='word_1_631' title='bbox 931 2704 959 2733; x_wconf 93' lang='lat' dir='ltr'>in</span> <span class='ocrx_word' id='word_1_632' title='bbox 981 2703 1132 2734; x_wconf 58' lang='lat' dir='ltr'>Prtemiffis</span> <span class='ocrx_word' id='word_1_633' title='bbox 1146 2726 1157 2742; x_wconf 91' lang='lat'>,</span> <span class='ocrx_word' id='word_1_634' title='bbox 1178 2704 1225 2735; x_wconf 87' lang='lat' dir='ltr'>seu</span> 
     </span>
     <span class='ocr_line' id='line_1_79' title="bbox 162 2742 512 2780; baseline -0.006 -7"><span class='ocrx_word' id='word_1_635' title='bbox 162 2743 198 2773; x_wconf 80' lang='lat' dir='ltr'>ali</span> <span class='ocrx_word' id='word_1_636' title='bbox 222 2752 260 2773; x_wconf 91' lang='lat' dir='ltr'>uo</span> <span class='ocrx_word' id='word_1_637' title='bbox 280 2742 512 2780; x_wconf 82' lang='lat' dir='ltr'>Praemifforum,</span> 
     </span>
    </p>

    <p class='ocr_par' dir='ltr' id='par_1_22' title="bbox 257 2782 1150 2824">
     <span class='ocr_line' id='line_1_80' title="bbox 257 2782 1150 2824; baseline 0.003 -13"><span class='ocrx_word' id='word_1_638' title='bbox 257 2782 353 2821; x_wconf 80' lang='lat' dir='ltr'>cujus,</span> <span class='ocrx_word' id='word_1_639' title='bbox 371 2782 434 2812; x_wconf 85' lang='lat' dir='ltr'>&amp;c-</span> <span class='ocrx_word' id='word_1_640' title='bbox 1145 2819 1150 2824; x_wconf 41' lang='grc'><em>,</em></span> 
     </span>
    </p>

    <p class='ocr_par' dir='ltr' id='par_1_23' title="bbox 201 2818 1230 2863">
     <span class='ocr_line' id='line_1_81' title="bbox 201 2818 1230 2863; baseline 0 -13"><span class='ocrx_word' id='word_1_641' title='bbox 201 2819 294 2863; x_wconf 63' lang='lat' dir='ltr'>Teste</span> <span class='ocrx_word' id='word_1_642' title='bbox 319 2819 406 2858; x_wconf 87' lang='lat' dir='ltr'>Rege</span> <span class='ocrx_word' id='word_1_643' title='bbox 427 2818 502 2858; x_wconf 87' lang='lat' dir='ltr'>apud</span> <span class='ocrx_word' id='word_1_644' title='bbox 527 2818 785 2860; x_wconf 78' lang='lat' dir='ltr'>Westmonasterium</span> <span class='ocrx_word' id='word_1_645' title='bbox 801 2842 811 2858; x_wconf 92' lang='lat'>,</span> <span class='ocrx_word' id='word_1_646' title='bbox 837 2818 973 2850; x_wconf 84' lang='lat' dir='ltr'>vicesimo</span> <span class='ocrx_word' id='word_1_647' title='bbox 1000 2819 1106 2850; x_wconf 69' lang='lat' dir='ltr'>oCtavo</span> <span class='ocrx_word' id='word_1_648' title='bbox 1123 2818 1168 2849; x_wconf 86' lang='lat' dir='ltr'>die</span> <span class='ocrx_word' id='word_1_649' title='bbox 1180 2818 1230 2857; x_wconf 86' lang='lat' dir='ltr'>Ja-</span> 
     </span>
    </p>

    <p class='ocr_par' dir='ltr' id='par_1_24' title="bbox 165 2866 264 2889">
     <span class='ocr_line' id='line_1_82' title="bbox 165 2866 264 2889; baseline -0.01 -1"><span class='ocrx_word' id='word_1_650' title='bbox 165 2866 264 2889; x_wconf 81' lang='lat' dir='ltr'>nuaru.</span> 
     </span>
    </p>
   </div>
   <div class='ocr_carea' id='block_1_13' title="bbox 842 2943 1115 2983">
    <p class='ocr_par' dir='ltr' id='par_1_25' title="bbox 842 2943 1115 2983">
     <span class='ocr_line' id='line_1_83' title="bbox 842 2943 1115 2983; baseline 0.004 -10"><span class='ocrx_word' id='word_1_651' title='bbox 842 2944 897 2973; x_wconf 79' lang='lat' dir='ltr'>Per</span> <span class='ocrx_word' id='word_1_652' title='bbox 913 2943 995 2983; x_wconf 65' lang='lat' dir='ltr'>ipsum</span> <span class='ocrx_word' id='word_1_653' title='bbox 1011 2946 1115 2982; x_wconf 80' lang='lat' dir='ltr'>Regem.</span> 
     </span>
    </p>
   </div>
   <div class='ocr_carea' id='block_1_14' title="bbox 617 3033 1202 3038">
    <p class='ocr_par' dir='ltr' id='par_1_26' title="bbox 617 3033 1202 3038">
     <span class='ocr_line' id='line_1_84' title="bbox 617 3033 1202 3038; baseline 0 0"><span class='ocrx_word' id='word_1_654' title='bbox 617 3033 1202 3038; x_wconf 95' lang='lat' dir='ltr'> </span> 
     </span>
    </p>
   </div>
   <div class='ocr_carea' id='block_1_15' title="bbox 414 3085 987 3135">
    <p class='ocr_par' dir='ltr' id='par_1_27' title="bbox 414 3085 987 3135">
     <span class='ocr_line' id='line_1_85' title="bbox 414 3085 987 3135; baseline 0.007 -14"><span class='ocrx_word' id='word_1_655' title='bbox 414 3086 443 3114; x_wconf 47' lang='grc' dir='ltr'>ἵε</span> <span class='ocrx_word' id='word_1_656' title='bbox 471 3090 520 3122; x_wconf 88' lang='lat' dir='ltr'>De</span> <span class='ocrx_word' id='word_1_657' title='bbox 545 3085 735 3131; x_wconf 74' lang='lat' dir='ltr'>Restitutione</span> <span class='ocrx_word' id='word_1_658' title='bbox 757 3091 987 3135; x_wconf 74' lang='lat' dir='ltr'>Temporalium.</span> 
     </span>
    </p>
   </div>
   <div class='ocr_carea' id='block_1_16' title="bbox 18 3125 1230 3314">
    <p class='ocr_par' dir='ltr' id='par_1_28' title="bbox 21 3125 131 3152">
     <span class='ocr_line' id='line_1_86' title="bbox 21 3125 131 3152; baseline -0.009 0"><span class='ocrx_word' id='word_1_659' title='bbox 21 3126 38 3142; x_wconf 70' lang='lat'>¹²</span> <span class='ocrx_word' id='word_1_660' title='bbox 61 3125 131 3152; x_wconf 85' lang='lat' dir='ltr'><strong>XII.</strong></span> 
     </span>
    </p>

    <p class='ocr_par' dir='ltr' id='par_1_29' title="bbox 20 3172 1228 3280">
     <span class='ocr_line' id='line_1_87' title="bbox 20 3172 1228 3250; baseline -0.006 -19"><span class='ocrx_word' id='word_1_661' title='bbox 20 3172 99 3232; x_wconf 54' lang='lat' dir='ltr'>Kriou.</span> <span class='ocrx_word' id='word_1_662' title='bbox 110 3200 152 3231; x_wconf 92' lang='lat' dir='ltr'>D.</span> <span class='ocrx_word' id='word_1_663' title='bbox 173 3190 294 3250; x_wconf 75' lang='lat' dir='ltr'>REX</span> <span class='ocrx_word' id='word_1_664' title='bbox 309 3191 448 3236; x_wconf 73' lang='lat' dir='ltr'>Escaetoti</span> <span class='ocrx_word' id='word_1_665' title='bbox 462 3191 517 3236; x_wconf 62' lang='lat' dir='ltr'>suo⁴</span> <span class='ocrx_word' id='word_1_666' title='bbox 528 3192 557 3222; x_wconf 88' lang='lat' dir='ltr'>in</span> <span class='ocrx_word' id='word_1_667' title='bbox 571 3190 721 3236; x_wconf 65' lang='lat' dir='ltr'>Comitatu</span> <span class='ocrx_word' id='word_1_668' title='bbox 734 3191 927 3237; x_wconf 71' lang='lat' dir='ltr'>Gloucestriae</span> <span class='ocrx_word' id='word_1_669' title='bbox 940 3204 974 3224; x_wconf 91' lang='lat' dir='ltr'>ac</span> <span class='ocrx_word' id='word_1_670' title='bbox 988 3194 1127 3226; x_wconf 75' lang='lat' dir='ltr'>Marchiis</span> <span class='ocrx_word' id='word_1_671' title='bbox 1143 3193 1228 3225; x_wconf 84' lang='lat' dir='ltr'>Wal-</span> 
     </span>
     <span class='ocr_line' id='line_1_88' title="bbox 42 3230 1155 3280; baseline 0.001 -19"><span class='ocrx_word' id='word_1_672' title='bbox 42 3247 131 3278; x_wconf 64' lang='lat'>1499,</span> <span class='ocrx_word' id='word_1_673' title='bbox 252 3231 298 3278; x_wconf 75' lang='lat' dir='ltr'>liae</span> <span class='ocrx_word' id='word_1_674' title='bbox 314 3230 411 3274; x_wconf 77' lang='lat' dir='ltr'>eidem</span> <span class='ocrx_word' id='word_1_675' title='bbox 428 3230 588 3261; x_wconf 86' lang='lat' dir='ltr'>Comitatui</span> <span class='ocrx_word' id='word_1_676' title='bbox 606 3230 809 3277; x_wconf 70' lang='lat' dir='ltr'>adlacentibuS,</span> <span class='ocrx_word' id='word_1_677' title='bbox 828 3231 962 3264; x_wconf 87' lang='lat' dir='ltr'>Salutem.</span> <span class='ocrx_word' id='word_1_678' title='bbox 1147 3270 1155 3280; x_wconf 40' lang='lat'>³</span> 
     </span>
    </p>

    <p class='ocr_par' dir='ltr' id='par_1_30' title="bbox 18 3268 1230 3314">
     <span class='ocr_line' id='line_1_89' title="bbox 18 3268 1230 3314; baseline -0.006 -8"><span class='ocrx_word' id='word_1_679' title='bbox 18 3281 74 3307; x_wconf 80' lang='lat' dir='ltr'>An.</span> <span class='ocrx_word' id='word_1_680' title='bbox 95 3288 138 3314; x_wconf 82' lang='lat'>14,</span> <span class='ocrx_word' id='word_1_681' title='bbox 213 3268 296 3300; x_wconf 91' lang='lat' dir='ltr'>Cum</span> <span class='ocrx_word' id='word_1_682' title='bbox 316 3268 465 3299; x_wconf 88' lang='lat' dir='ltr'>Dominus</span> <span class='ocrx_word' id='word_1_683' title='bbox 484 3273 605 3299; x_wconf 86' lang='lat' dir='ltr'>Summus</span> <span class='ocrx_word' id='word_1_684' title='bbox 627 3268 756 3308; x_wconf 71' lang='lat' dir='ltr'>Pontifex</span> <span class='ocrx_word' id='word_1_685' title='bbox 779 3279 887 3309; x_wconf 89' lang='lat' dir='ltr'>nuper,</span> <span class='ocrx_word' id='word_1_686' title='bbox 903 3279 1019 3301; x_wconf 85' lang='lat' dir='ltr'>vacante</span> <span class='ocrx_word' id='word_1_687' title='bbox 1034 3271 1159 3302; x_wconf 82' lang='lat' dir='ltr'>Ecclesia</span> <span class='ocrx_word' id='word_1_688' title='bbox 1172 3269 1230 3300; x_wconf 86' lang='lat' dir='ltr'>Ca-</span> 
     </span>
    </p>
   </div>
   <div class='ocr_carea' id='block_1_17' title="bbox 172 3307 1233 3348">
    <p class='ocr_par' dir='ltr' id='par_1_31' title="bbox 172 3307 1233 3348">
     <span class='ocr_line' id='line_1_90' title="bbox 172 3307 1233 3348; baseline 0 -10"><span class='ocrx_word' id='word_1_689' title='bbox 172 3307 292 3339; x_wconf 88' lang='lat' dir='ltr'>thedrah&#39;</span> <span class='ocrx_word' id='word_1_690' title='bbox 313 3307 506 3345; x_wconf 76' lang='lat' dir='ltr'>wigorniensi</span> <span class='ocrx_word' id='word_1_691' title='bbox 519 3330 529 3345; x_wconf 91' lang='lat'>,</span> <span class='ocrx_word' id='word_1_692' title='bbox 547 3317 596 3345; x_wconf 90' lang='lat' dir='ltr'>per</span> <span class='ocrx_word' id='word_1_693' title='bbox 617 3307 740 3339; x_wconf 89' lang='lat' dir='ltr'>Obitum</span> <span class='ocrx_word' id='word_1_694' title='bbox 757 3331 766 3345; x_wconf 89' lang='lat'>,</span> <span class='ocrx_word' id='word_1_695' title='bbox 781 3309 868 3339; x_wconf 80' lang='lat' dir='ltr'>bonae</span> <span class='ocrx_word' id='word_1_696' title='bbox 891 3309 1045 3340; x_wconf 62' lang='lat' dir='ltr'>Memoriae</span> <span class='ocrx_word' id='word_1_697' title='bbox 1062 3334 1071 3347; x_wconf 81' lang='lat'>,</span> <span class='ocrx_word' id='word_1_698' title='bbox 1092 3309 1233 3348; x_wconf 79' lang='lat' dir='ltr'>Johannis</span> 
     </span>
    </p>
   </div>
   <div class='ocr_carea' id='block_1_18' title="bbox 170 3461 1233 3999">
    <p class='ocr_par' dir='ltr' id='par_1_32' title="bbox 173 3461 1231 3536">
     <span class='ocr_line' id='line_1_91' title="bbox 173 3461 1231 3530; baseline 0.002 -38"><span class='ocrx_word' id='word_1_699' title='bbox 173 3461 228 3530; x_wconf 58' lang='lat' dir='ltr'>Rus</span> <span class='ocrx_word' id='word_1_700' title='bbox 247 3462 371 3493; x_wconf 87' lang='lat' dir='ltr'>Domini</span> <span class='ocrx_word' id='word_1_701' title='bbox 391 3464 491 3492; x_wconf 86' lang='lat' dir='ltr'>Summi</span> <span class='ocrx_word' id='word_1_702' title='bbox 511 3461 665 3501; x_wconf 87' lang='lat' dir='ltr'>Pontificis,</span> <span class='ocrx_word' id='word_1_703' title='bbox 682 3462 783 3494; x_wconf 90' lang='lat' dir='ltr'>Nobis</span> <span class='ocrx_word' id='word_1_704' title='bbox 806 3461 873 3493; x_wconf 80' lang='lat' dir='ltr'>inde</span> <span class='ocrx_word' id='word_1_705' title='bbox 890 3461 1024 3502; x_wconf 65' lang='lat' dir='ltr'>dimistas,</span> <span class='ocrx_word' id='word_1_706' title='bbox 1040 3463 1140 3494; x_wconf 87' lang='lat' dir='ltr'>Nobis</span> <span class='ocrx_word' id='word_1_707' title='bbox 1159 3473 1231 3495; x_wconf 89' lang='lat' dir='ltr'>con-</span> 
     </span>
     <span class='ocr_line' id='line_1_92' title="bbox 200 3508 243 3536; baseline -0.047 -5"><span class='ocrx_word' id='word_1_708' title='bbox 200 3508 243 3536; x_wconf 87' lang='lat' dir='ltr'>at,</span> 
     </span>
    </p>

    <p class='ocr_par' dir='ltr' id='par_1_33' title="bbox 212 3537 300 3577">
     <span class='ocr_line' id='line_1_93' title="bbox 212 3537 300 3577; baseline 0.011 -9"><span class='ocrx_word' id='word_1_709' title='bbox 212 3537 300 3577; x_wconf 85' lang='lat' dir='ltr'>Nos,</span> 
     </span>
    </p>

    <p class='ocr_par' dir='ltr' id='par_1_34' title="bbox 170 3576 1231 3769">
     <span class='ocr_line' id='line_1_94' title="bbox 212 3576 1231 3616; baseline 0.003 -9"><span class='ocrx_word' id='word_1_710' title='bbox 212 3576 273 3607; x_wconf 88' lang='lat' dir='ltr'>Pro</span> <span class='ocrx_word' id='word_1_711' title='bbox 300 3587 337 3607; x_wconf 92' lang='lat' dir='ltr'>eo</span> <span class='ocrx_word' id='word_1_712' title='bbox 356 3576 437 3615; x_wconf 77' lang='lat' dir='ltr'>quod</span> <span class='ocrx_word' id='word_1_713' title='bbox 456 3577 525 3607; x_wconf 87' lang='lat' dir='ltr'>idem</span> <span class='ocrx_word' id='word_1_714' title='bbox 545 3576 674 3616; x_wconf 59' lang='lat' dir='ltr'>Eleates,</span> <span class='ocrx_word' id='word_1_715' title='bbox 691 3587 740 3615; x_wconf 87' lang='lat' dir='ltr'>per</span> <span class='ocrx_word' id='word_1_716' title='bbox 755 3577 835 3609; x_wconf 91' lang='lat' dir='ltr'>suum</span> <span class='ocrx_word' id='word_1_717' title='bbox 853 3577 1073 3610; x_wconf 84' lang='lat' dir='ltr'>Procuratorem</span> <span class='ocrx_word' id='word_1_718' title='bbox 1089 3578 1231 3610; x_wconf 81' lang='lat' dir='ltr'>sufficien-</span> 
     </span>
     <span class='ocr_line' id='line_1_95' title="bbox 173 3615 1231 3655; baseline 0 -8"><span class='ocrx_word' id='word_1_719' title='bbox 173 3623 235 3647; x_wconf 87' lang='lat' dir='ltr'>tem</span> <span class='ocrx_word' id='word_1_720' title='bbox 245 3638 255 3653; x_wconf 92' lang='lat'>,</span> <span class='ocrx_word' id='word_1_721' title='bbox 271 3615 408 3646; x_wconf 88' lang='lat' dir='ltr'>omnibus</span> <span class='ocrx_word' id='word_1_722' title='bbox 422 3616 455 3646; x_wconf 91' lang='lat'>&amp;</span> <span class='ocrx_word' id='word_1_723' title='bbox 468 3616 507 3645; x_wconf 88' lang='lat' dir='ltr'>fin</span> <span class='ocrx_word' id='word_1_724' title='bbox 529 3617 579 3646; x_wconf 87' lang='lat' dir='ltr'>ulis</span> <span class='ocrx_word' id='word_1_725' title='bbox 593 3616 716 3654; x_wconf 84' lang='lat' dir='ltr'>Verbis,</span> <span class='ocrx_word' id='word_1_726' title='bbox 733 3615 831 3647; x_wconf 91' lang='lat' dir='ltr'>Nobis</span> <span class='ocrx_word' id='word_1_727' title='bbox 845 3619 879 3649; x_wconf 91' lang='lat'>&amp;</span> <span class='ocrx_word' id='word_1_728' title='bbox 894 3617 1025 3648; x_wconf 78' lang='lat' dir='ltr'>Coronae</span> <span class='ocrx_word' id='word_1_729' title='bbox 1037 3616 1142 3648; x_wconf 81' lang='lat' dir='ltr'>nostrae</span> <span class='ocrx_word' id='word_1_730' title='bbox 1158 3628 1231 3655; x_wconf 75' lang='lat' dir='ltr'>prce-</span> 
     </span>
     <span class='ocr_line' id='line_1_96' title="bbox 170 3653 1231 3694; baseline 0.001 -9"><span class='ocrx_word' id='word_1_731' title='bbox 170 3653 348 3693; x_wconf 84' lang='lat' dir='ltr'>judicialibus</span> <span class='ocrx_word' id='word_1_732' title='bbox 357 3677 367 3691; x_wconf 87' lang='lat'>,</span> <span class='ocrx_word' id='word_1_733' title='bbox 384 3654 413 3682; x_wconf 92' lang='lat' dir='ltr'>in</span> <span class='ocrx_word' id='word_1_734' title='bbox 429 3653 510 3684; x_wconf 54' lang='lat' dir='ltr'>dietis</span> <span class='ocrx_word' id='word_1_735' title='bbox 546 3655 619 3685; x_wconf 87' lang='lat' dir='ltr'>iteris</span> <span class='ocrx_word' id='word_1_736' title='bbox 631 3653 741 3685; x_wconf 88' lang='lat' dir='ltr'>Bullatis</span> <span class='ocrx_word' id='word_1_737' title='bbox 754 3656 1014 3694; x_wconf 84' lang='lat' dir='ltr'>contentis,coram</span> <span class='ocrx_word' id='word_1_738' title='bbox 1029 3656 1126 3687; x_wconf 90' lang='lat' dir='ltr'>Nobis</span> <span class='ocrx_word' id='word_1_739' title='bbox 1140 3657 1231 3693; x_wconf 70' lang='lat' dir='ltr'>pal-&#39;am</span> 
     </span>
     <span class='ocr_line' id='line_1_97' title="bbox 175 3691 1231 3732; baseline 0.003 -10"><span class='ocrx_word' id='word_1_740' title='bbox 175 3694 211 3725; x_wconf 90' lang='lat'>&amp;</span> <span class='ocrx_word' id='word_1_741' title='bbox 223 3692 346 3730; x_wconf 77' lang='lat' dir='ltr'>expresse</span> <span class='ocrx_word' id='word_1_742' title='bbox 362 3691 570 3729; x_wconf 83' lang='lat' dir='ltr'>Renunciavit,</span> <span class='ocrx_word' id='word_1_743' title='bbox 587 3692 620 3722; x_wconf 89' lang='lat'>&amp;</span> <span class='ocrx_word' id='word_1_744' title='bbox 634 3692 744 3722; x_wconf 86' lang='lat' dir='ltr'>Gratiae</span> <span class='ocrx_word' id='word_1_745' title='bbox 759 3693 864 3724; x_wconf 86' lang='lat' dir='ltr'>nostrae</span> <span class='ocrx_word' id='word_1_746' title='bbox 879 3693 1024 3725; x_wconf 85' lang='lat' dir='ltr'>humiliter</span> <span class='ocrx_word' id='word_1_747' title='bbox 1043 3695 1071 3725; x_wconf 92' lang='lat' dir='ltr'>se</span> <span class='ocrx_word' id='word_1_748' title='bbox 1091 3695 1231 3732; x_wconf 82' lang='lat' dir='ltr'>submisit,</span> 
     </span>
     <span class='ocr_line' id='line_1_98' title="bbox 175 3729 887 3769; baseline -0.004 -6"><span class='ocrx_word' id='word_1_749' title='bbox 175 3732 304 3764; x_wconf 89' lang='lat' dir='ltr'>volentes</span> <span class='ocrx_word' id='word_1_750' title='bbox 316 3739 386 3761; x_wconf 88' lang='lat' dir='ltr'>cum</span> <span class='ocrx_word' id='word_1_751' title='bbox 400 3739 436 3759; x_wconf 89' lang='lat' dir='ltr'>eo</span> <span class='ocrx_word' id='word_1_752' title='bbox 449 3730 479 3759; x_wconf 89' lang='lat' dir='ltr'>in</span> <span class='ocrx_word' id='word_1_753' title='bbox 495 3729 550 3760; x_wconf 89' lang='lat' dir='ltr'>hac</span> <span class='ocrx_word' id='word_1_754' title='bbox 564 3737 641 3767; x_wconf 86' lang='lat' dir='ltr'>parte</span> <span class='ocrx_word' id='word_1_755' title='bbox 657 3739 737 3769; x_wconf 84' lang='lat' dir='ltr'>agere</span> <span class='ocrx_word' id='word_1_756' title='bbox 751 3732 887 3769; x_wconf 73' lang='lat' dir='ltr'>gratiose,</span> 
     </span>
    </p>

    <p class='ocr_par' dir='ltr' id='par_1_35' title="bbox 174 3767 1233 3877">
     <span class='ocr_line' id='line_1_99' title="bbox 212 3767 1231 3807; baseline 0.001 -7"><span class='ocrx_word' id='word_1_757' title='bbox 212 3769 312 3800; x_wconf 87' lang='lat' dir='ltr'>Eidem</span> <span class='ocrx_word' id='word_1_758' title='bbox 326 3767 421 3798; x_wconf 66' lang='lat' dir='ltr'>Eleolo</span> <span class='ocrx_word' id='word_1_759' title='bbox 435 3767 528 3805; x_wconf 85' lang='lat' dir='ltr'>(cujus</span> <span class='ocrx_word' id='word_1_760' title='bbox 541 3767 718 3800; x_wconf 90' lang='lat' dir='ltr'>Fidelitatem</span> <span class='ocrx_word' id='word_1_761' title='bbox 731 3778 781 3807; x_wconf 90' lang='lat' dir='ltr'>per</span> <span class='ocrx_word' id='word_1_762' title='bbox 794 3768 904 3800; x_wconf 66' lang='lat' dir='ltr'>dietum</span> <span class='ocrx_word' id='word_1_763' title='bbox 920 3768 1138 3802; x_wconf 88' lang='lat' dir='ltr'>Procuratorem</span> <span class='ocrx_word' id='word_1_764' title='bbox 1152 3772 1231 3801; x_wconf 87' lang='lat' dir='ltr'>suum</span> 
     </span>
     <span class='ocr_line' id='line_1_100' title="bbox 175 3805 1233 3848; baseline 0.001 -9"><span class='ocrx_word' id='word_1_765' title='bbox 175 3808 317 3847; x_wconf 81' lang='lat' dir='ltr'>cepimus)</span> <span class='ocrx_word' id='word_1_766' title='bbox 331 3806 515 3843; x_wconf 87' lang='lat' dir='ltr'>Temporalia</span> <span class='ocrx_word' id='word_1_767' title='bbox 529 3805 714 3845; x_wconf 70' lang='lat' dir='ltr'>Episcopatus</span> <span class='ocrx_word' id='word_1_768' title='bbox 737 3807 826 3846; x_wconf 85' lang='lat' dir='ltr'>illius,</span> <span class='ocrx_word' id='word_1_769' title='bbox 842 3815 926 3845; x_wconf 87' lang='lat' dir='ltr'>prout</span> <span class='ocrx_word' id='word_1_770' title='bbox 949 3810 1037 3839; x_wconf 87' lang='lat' dir='ltr'>moris</span> <span class='ocrx_word' id='word_1_771' title='bbox 1060 3809 1120 3848; x_wconf 88' lang='lat' dir='ltr'>est,</span> <span class='ocrx_word' id='word_1_772' title='bbox 1139 3810 1233 3840; x_wconf 90' lang='lat' dir='ltr'>Resti-</span> 
     </span>
     <span class='ocr_line' id='line_1_101' title="bbox 174 3854 296 3877; baseline 0 0"><span class='ocrx_word' id='word_1_773' title='bbox 174 3854 296 3877; x_wconf 81' lang='lat' dir='ltr'>tuimus·</span> 
     </span>
    </p>

    <p class='ocr_par' dir='ltr' id='par_1_36' title="bbox 176 3870 1233 3999">
     <span class='ocr_line' id='line_1_102' title="bbox 214 3870 1233 3924; baseline 0.002 -10"><span class='ocrx_word' id='word_1_774' title='bbox 214 3884 253 3916; x_wconf 85' lang='lat' dir='ltr'>Et</span> <span class='ocrx_word' id='word_1_775' title='bbox 267 3870 335 3915; x_wconf 68' lang='lat' dir='ltr'>ideo</span> <span class='ocrx_word' id='word_1_776' title='bbox 350 3882 422 3914; x_wconf 86' lang='lat' dir='ltr'>Tibi</span> <span class='ocrx_word' id='word_1_777' title='bbox 439 3882 627 3920; x_wconf 84' lang='lat' dir='ltr'>Praecipimus</span> <span class='ocrx_word' id='word_1_778' title='bbox 661 3882 723 3913; x_wconf 79' lang='lat' dir='ltr'>uod</span> <span class='ocrx_word' id='word_1_779' title='bbox 737 3882 820 3912; x_wconf 85' lang='lat' dir='ltr'>eidem</span> <span class='ocrx_word' id='word_1_780' title='bbox 836 3882 933 3914; x_wconf 62' lang='lat' dir='ltr'>Elec‘lo</span> <span class='ocrx_word' id='word_1_781' title='bbox 955 3883 1137 3924; x_wconf 89' lang='lat' dir='ltr'>Temporalia</span> <span class='ocrx_word' id='word_1_782' title='bbox 1160 3895 1233 3923; x_wconf 73' lang='lat' dir='ltr'>prce-</span> 
     </span>
     <span class='ocr_line' id='line_1_103' title="bbox 176 3920 1233 3964; baseline 0.002 -12"><span class='ocrx_word' id='word_1_783' title='bbox 176 3921 272 3960; x_wconf 69' lang='lat' dir='ltr'>dieta,</span> <span class='ocrx_word' id='word_1_784' title='bbox 287 3932 356 3954; x_wconf 89' lang='lat' dir='ltr'>cum</span> <span class='ocrx_word' id='word_1_785' title='bbox 378 3921 572 3958; x_wconf 82' lang='lat' dir='ltr'>Pertinentiis,</span> <span class='ocrx_word' id='word_1_786' title='bbox 589 3921 620 3950; x_wconf 89' lang='lat' dir='ltr'>in</span> <span class='ocrx_word' id='word_1_787' title='bbox 667 3920 746 3964; x_wconf 75' lang='lat' dir='ltr'>alliva</span> <span class='ocrx_word' id='word_1_788' title='bbox 767 3930 814 3951; x_wconf 86' lang='lat' dir='ltr'>tua</span> <span class='ocrx_word' id='word_1_789' title='bbox 830 3944 841 3960; x_wconf 87' lang='lat'>,</span> <span class='ocrx_word' id='word_1_790' title='bbox 858 3922 914 3952; x_wconf 86' lang='lat' dir='ltr'>fine</span> <span class='ocrx_word' id='word_1_791' title='bbox 939 3921 1072 3954; x_wconf 88' lang='lat' dir='ltr'>dilatione</span> <span class='ocrx_word' id='word_1_792' title='bbox 1087 3947 1097 3962; x_wconf 85' lang='lat'>,</span> <span class='ocrx_word' id='word_1_793' title='bbox 1117 3925 1233 3955; x_wconf 83' lang='lat' dir='ltr'>Liberes</span> 
     </span>
     <span class='ocr_line' id='line_1_104' title="bbox 178 3957 816 3999; baseline -0.005 -8"><span class='ocrx_word' id='word_1_794' title='bbox 178 3960 209 3991; x_wconf 90' lang='lat' dir='ltr'>in</span> <span class='ocrx_word' id='word_1_795' title='bbox 220 3960 313 3992; x_wconf 87' lang='lat' dir='ltr'>forma</span> <span class='ocrx_word' id='word_1_796' title='bbox 327 3959 477 3999; x_wconf 65' lang='lat' dir='ltr'>praedidta3</span> <span class='ocrx_word' id='word_1_797' title='bbox 493 3958 569 3990; x_wconf 88' lang='lat' dir='ltr'>salvo</span> <span class='ocrx_word' id='word_1_798' title='bbox 579 3957 649 3997; x_wconf 89' lang='lat' dir='ltr'>Jure</span> <span class='ocrx_word' id='word_1_799' title='bbox 661 3968 706 3997; x_wconf 88' lang='lat' dir='ltr'>qu</span> <span class='ocrx_word' id='word_1_800' title='bbox 711 3958 816 3990; x_wconf 88' lang='lat' dir='ltr'>ussibet.</span> 
     </span>
    </p>
   </div>
   <div class='ocr_carea' id='block_1_19' title="bbox 213 4044 1232 4089">
    <p class='ocr_par' dir='ltr' id='par_1_37' title="bbox 213 4044 1232 4089">
     <span class='ocr_line' id='line_1_105' title="bbox 213 4044 1232 4089; baseline -0.002 -10"><span class='ocrx_word' id='word_1_801' title='bbox 213 4045 302 4079; x_wconf 89' lang='lat' dir='ltr'>Teste</span> <span class='ocrx_word' id='word_1_802' title='bbox 314 4045 400 4086; x_wconf 75' lang='lat' dir='ltr'>Rege</span> <span class='ocrx_word' id='word_1_803' title='bbox 413 4048 487 4089; x_wconf 84' lang='lat' dir='ltr'>apud</span> <span class='ocrx_word' id='word_1_804' title='bbox 502 4044 779 4086; x_wconf 74' lang='lat' dir='ltr'>Wstmonasterium,</span> <span class='ocrx_word' id='word_1_805' title='bbox 795 4045 910 4077; x_wconf 88' lang='lat' dir='ltr'>decimo</span> <span class='ocrx_word' id='word_1_806' title='bbox 926 4045 1044 4085; x_wconf 85' lang='lat' dir='ltr'>septimo</span> <span class='ocrx_word' id='word_1_807' title='bbox 1063 4047 1109 4079; x_wconf 91' lang='lat' dir='ltr'>die</span> <span class='ocrx_word' id='word_1_808' title='bbox 1124 4047 1232 4079; x_wconf 85' lang='lat' dir='ltr'>Martii.</span> 
     </span>
    </p>
   </div>
   <div class='ocr_carea' id='block_1_20' title="bbox 674 4131 1128 4172">
    <p class='ocr_par' dir='ltr' id='par_1_38' title="bbox 674 4131 1128 4172">
     <span class='ocr_line' id='line_1_106' title="bbox 674 4131 1128 4172; baseline 0.004 -10"><span class='ocrx_word' id='word_1_809' title='bbox 674 4134 729 4162; x_wconf 81' lang='lat' dir='ltr'>Per</span> <span class='ocrx_word' id='word_1_810' title='bbox 747 4134 839 4163; x_wconf 77' lang='lat' dir='ltr'>Breve</span> <span class='ocrx_word' id='word_1_811' title='bbox 852 4131 885 4162; x_wconf 82' lang='lat' dir='ltr'>de</span> <span class='ocrx_word' id='word_1_812' title='bbox 897 4135 1015 4164; x_wconf 81' lang='lat' dir='ltr'>Privato</span> <span class='ocrx_word' id='word_1_813' title='bbox 1029 4134 1128 4172; x_wconf 82' lang='lat' dir='ltr'>Sigillo.</span> 
     </span>
    </p>
   </div>
   <div class='ocr_carea' id='block_1_21' title="bbox 1263 1117 2387 4201">
    <p class='ocr_par' dir='ltr' id='par_1_39' title="bbox 1268 1117 2387 1217">
     <span class='ocr_line' id='line_1_107' title="bbox 1269 1117 2387 1173; baseline 0.015 -19"><span class='ocrx_word' id='word_1_814' title='bbox 1269 1124 1371 1170; x_wconf 69' lang='lat' dir='ltr'>nostro</span> <span class='ocrx_word' id='word_1_815' title='bbox 1384 1125 1791 1173; x_wconf 75' lang='lat' dir='ltr'>Regiowestmonasterienfi</span> <span class='ocrx_word' id='word_1_816' title='bbox 1813 1142 1904 1170; x_wconf 85' lang='lat' dir='ltr'>prope</span> <span class='ocrx_word' id='word_1_817' title='bbox 1925 1117 2081 1166; x_wconf 64' lang='lat' dir='ltr'>divitatem</span> <span class='ocrx_word' id='word_1_818' title='bbox 2103 1136 2228 1168; x_wconf 88' lang='lat' dir='ltr'>nostram</span> <span class='ocrx_word' id='word_1_819' title='bbox 2250 1138 2332 1170; x_wconf 76' lang='lat' dir='ltr'>Lon·</span> <span class='ocrx_word' id='word_1_820' title='bbox 2345 1143 2387 1162; x_wconf 85' lang='lat'>¹2·</span> 
     </span>
     <span class='ocr_line' id='line_1_108' title="bbox 1268 1163 2331 1217; baseline 0.014 -24"><span class='ocrx_word' id='word_1_821' title='bbox 1268 1163 1364 1194; x_wconf 86' lang='lat' dir='ltr'>doniae</span> <span class='ocrx_word' id='word_1_822' title='bbox 1373 1187 1383 1202; x_wconf 88' lang='lat'>,</span> <span class='ocrx_word' id='word_1_823' title='bbox 1401 1165 1547 1209; x_wconf 76' lang='lat' dir='ltr'>Gentibus</span> <span class='ocrx_word' id='word_1_824' title='bbox 1558 1168 1661 1198; x_wconf 88' lang='lat' dir='ltr'>Trium</span> <span class='ocrx_word' id='word_1_825' title='bbox 1675 1168 1804 1200; x_wconf 87' lang='lat' dir='ltr'>Statuum</span> <span class='ocrx_word' id='word_1_826' title='bbox 1819 1174 1904 1201; x_wconf 86' lang='lat' dir='ltr'>totius</span> <span class='ocrx_word' id='word_1_827' title='bbox 1919 1172 2014 1212; x_wconf 80' lang='lat' dir='ltr'>Regni</span> <span class='ocrx_word' id='word_1_828' title='bbox 2031 1174 2119 1204; x_wconf 90' lang='lat' dir='ltr'>nostri</span> <span class='ocrx_word' id='word_1_829' title='bbox 2139 1176 2273 1216; x_wconf 79' lang='lat' dir='ltr'>Angliae,</span> <span class='ocrx_word' id='word_1_830' title='bbox 2304 1196 2331 1217; x_wconf 51' lang='lat' dir='ltr'><em>A</em></span> 
     </span>
    </p>

    <p class='ocr_par' dir='ltr' id='par_1_40' title="bbox 1310 1201 2189 1251">
     <span class='ocr_line' id='line_1_109' title="bbox 1310 1201 2189 1251; baseline 0.014 -19"><span class='ocrx_word' id='word_1_831' title='bbox 1310 1201 1344 1232; x_wconf 86' lang='lat' dir='ltr'>Iu</span> <span class='ocrx_word' id='word_1_832' title='bbox 1358 1204 1460 1241; x_wconf 89' lang='lat' dir='ltr'>quibus</span> <span class='ocrx_word' id='word_1_833' title='bbox 1474 1215 1668 1250; x_wconf 83' lang='lat' dir='ltr'>convenerunt</span> <span class='ocrx_word' id='word_1_834' title='bbox 1682 1207 1715 1238; x_wconf 90' lang='lat'>&amp;</span> <span class='ocrx_word' id='word_1_835' title='bbox 1730 1209 1875 1245; x_wconf 63' lang='lat' dir='ltr'>praesentes</span> <span class='ocrx_word' id='word_1_836' title='bbox 1890 1210 2022 1250; x_wconf 70' lang='lat' dir='ltr'>fuerunt,</span> <span class='ocrx_word' id='word_1_837' title='bbox 2042 1213 2189 1251; x_wconf 86' lang='lat' dir='ltr'>videlicet,</span> 
     </span>
    </p>

    <p class='ocr_par' dir='ltr' id='par_1_41' title="bbox 1269 1239 2331 1708">
     <span class='ocr_line' id='line_1_110' title="bbox 1307 1239 2329 1287; baseline 0.015 -16"><span class='ocrx_word' id='word_1_838' title='bbox 1307 1239 1366 1285; x_wconf 79' lang='lat' dir='ltr'>Pro</span> <span class='ocrx_word' id='word_1_839' title='bbox 1382 1242 1460 1273; x_wconf 88' lang='lat' dir='ltr'>Statu</span> <span class='ocrx_word' id='word_1_840' title='bbox 1475 1242 1669 1276; x_wconf 78' lang='lat' dir='ltr'>Ecclesiastico</span> <span class='ocrx_word' id='word_1_841' title='bbox 1690 1247 1722 1277; x_wconf 60' lang='grc' dir='ltr'>ὃς</span> <span class='ocrx_word' id='word_1_842' title='bbox 1740 1246 1871 1278; x_wconf 88' lang='lat' dir='ltr'>Clericali</span> <span class='ocrx_word' id='word_1_843' title='bbox 1892 1248 2025 1281; x_wconf 89' lang='lat' dir='ltr'>Civitatis</span> <span class='ocrx_word' id='word_1_844' title='bbox 2043 1252 2077 1282; x_wconf 90' lang='lat'>&amp;</span> <span class='ocrx_word' id='word_1_845' title='bbox 2092 1252 2233 1284; x_wconf 85' lang='lat' dir='ltr'>Dioecefis</span> <span class='ocrx_word' id='word_1_846' title='bbox 2249 1253 2329 1287; x_wconf 79' lang='lat' dir='ltr'>Can—</span> 
     </span>
     <span class='ocr_line' id='line_1_111' title="bbox 1271 1280 2327 1328; baseline 0.014 -20"><span class='ocrx_word' id='word_1_847' title='bbox 1271 1286 1366 1310; x_wconf 83' lang='lat' dir='ltr'>tuatiae</span> <span class='ocrx_word' id='word_1_848' title='bbox 1379 1280 1596 1321; x_wconf 67' lang='lat' dir='ltr'>Archiepisiopus</span> <span class='ocrx_word' id='word_1_849' title='bbox 1611 1285 1826 1325; x_wconf 72' lang='lat' dir='ltr'>Cantuarienfi53</span> <span class='ocrx_word' id='word_1_850' title='bbox 1844 1296 1896 1324; x_wconf 89' lang='lat' dir='ltr'>pro</span> <span class='ocrx_word' id='word_1_851' title='bbox 1917 1287 1996 1319; x_wconf 87' lang='lat' dir='ltr'>Statu</span> <span class='ocrx_word' id='word_1_852' title='bbox 2019 1291 2089 1319; x_wconf 76' lang='lat' dir='ltr'>vero</span> <span class='ocrx_word' id='word_1_853' title='bbox 2105 1290 2327 1328; x_wconf 88' lang='lat' dir='ltr'>Temporalium</span> 
     </span>
     <span class='ocr_line' id='line_1_112' title="bbox 1269 1317 2331 1369; baseline 0.012 -22"><span class='ocrx_word' id='word_1_854' title='bbox 1269 1317 1329 1347; x_wconf 66' lang='lat' dir='ltr'>tam</span> <span class='ocrx_word' id='word_1_855' title='bbox 1345 1318 1500 1350; x_wconf 87' lang='lat' dir='ltr'>Nobilium</span> <span class='ocrx_word' id='word_1_856' title='bbox 1518 1322 1603 1359; x_wconf 75' lang='lat' dir='ltr'>quam</span> <span class='ocrx_word' id='word_1_857' title='bbox 1619 1321 1841 1355; x_wconf 87' lang='lat' dir='ltr'>Communitatis</span> <span class='ocrx_word' id='word_1_858' title='bbox 1856 1327 2021 1357; x_wconf 89' lang='lat' dir='ltr'>earumdem</span> <span class='ocrx_word' id='word_1_859' title='bbox 2037 1331 2170 1358; x_wconf 82' lang='lat' dir='ltr'>Dominus</span> <span class='ocrx_word' id='word_1_860' title='bbox 2183 1331 2216 1359; x_wconf 84' lang='lat' dir='ltr'>de</span> <span class='ocrx_word' id='word_1_861' title='bbox 2230 1333 2331 1369; x_wconf 81' lang='lat' dir='ltr'>Berge-</span> 
     </span>
     <span class='ocr_line' id='line_1_113' title="bbox 1270 1357 2327 1426; baseline 0.012 -40"><span class='ocrx_word' id='word_1_862' title='bbox 1270 1367 1360 1397; x_wconf 86' lang='lat' dir='ltr'>venny</span> <span class='ocrx_word' id='word_1_863' title='bbox 1373 1357 1444 1426; x_wconf 73' lang='lat' dir='ltr'>ll3aro</span> <span class='ocrx_word' id='word_1_864' title='bbox 1455 1381 1464 1396; x_wconf 92' lang='lat'>,</span> <span class='ocrx_word' id='word_1_865' title='bbox 1482 1361 1613 1426; x_wconf 62' lang='lat' dir='ltr'>lRicara‘us</span> <span class='ocrx_word' id='word_1_866' title='bbox 1626 1360 1778 1399; x_wconf 83' lang='lat' dir='ltr'>Guldeford</span> <span class='ocrx_word' id='word_1_867' title='bbox 1791 1363 1896 1403; x_wconf 82' lang='lat' dir='ltr'>Miles,</span> <span class='ocrx_word' id='word_1_868' title='bbox 1915 1365 2079 1395; x_wconf 79' lang='lat' dir='ltr'>Willielmus</span> <span class='ocrx_word' id='word_1_869' title='bbox 2095 1370 2155 1396; x_wconf 84' lang='lat' dir='ltr'>Scot</span> <span class='ocrx_word' id='word_1_870' title='bbox 2171 1368 2276 1408; x_wconf 57' lang='lat' dir='ltr'>hliles,</span> <span class='ocrx_word' id='word_1_871' title='bbox 2291 1372 2327 1404; x_wconf 72' lang='grc' dir='ltr'>ὃς</span> 
     </span>
     <span class='ocr_line' id='line_1_114' title="bbox 1273 1405 2330 1482; baseline 0.014 -19"><span class='ocrx_word' id='word_1_872' title='bbox 1273 1405 1675 1482; x_wconf 44' lang='grc' dir='ltr'>ςυίᾙρὲἷέυῧέιςῖςίεῦαίὶὶεο</span> <span class='ocrx_word' id='word_1_873' title='bbox 1691 1438 1725 1469; x_wconf 91' lang='lat'>&amp;</span> <span class='ocrx_word' id='word_1_874' title='bbox 1741 1439 1872 1471; x_wconf 84' lang='lat' dir='ltr'>Clericali</span> <span class='ocrx_word' id='word_1_875' title='bbox 1887 1440 2018 1472; x_wconf 90' lang='lat' dir='ltr'>Civitatis</span> <span class='ocrx_word' id='word_1_876' title='bbox 2035 1444 2069 1474; x_wconf 88' lang='lat'>&amp;</span> <span class='ocrx_word' id='word_1_877' title='bbox 2090 1443 2232 1476; x_wconf 80' lang='lat' dir='ltr'>Dioecefis</span> <span class='ocrx_word' id='word_1_878' title='bbox 2248 1445 2330 1477; x_wconf 89' lang='lat' dir='ltr'>Ebo-</span> 
     </span>
     <span class='ocr_line' id='line_1_115' title="bbox 1271 1473 2331 1516; baseline 0.013 -15"><span class='ocrx_word' id='word_1_879' title='bbox 1271 1481 1338 1502; x_wconf 89' lang='lat' dir='ltr'>rum</span> <span class='ocrx_word' id='word_1_880' title='bbox 1351 1473 1565 1514; x_wconf 73' lang='lat' dir='ltr'>Archaeeptftopus</span> <span class='ocrx_word' id='word_1_881' title='bbox 1575 1476 1710 1515; x_wconf 84' lang='lat' dir='ltr'>Eborum,</span> <span class='ocrx_word' id='word_1_882' title='bbox 1729 1478 1828 1508; x_wconf 85' lang='lat' dir='ltr'>Abbas</span> <span class='ocrx_word' id='word_1_883' title='bbox 1841 1479 1929 1510; x_wconf 76' lang='lat' dir='ltr'>heatae</span> <span class='ocrx_word' id='word_1_884' title='bbox 1952 1483 2054 1510; x_wconf 74' lang='lat' dir='ltr'>Mari-e</span> <span class='ocrx_word' id='word_1_885' title='bbox 2077 1483 2196 1513; x_wconf 82' lang='lat' dir='ltr'>Eborum</span> <span class='ocrx_word' id='word_1_886' title='bbox 2230 1485 2331 1516; x_wconf 82' lang='lat' dir='ltr'>Abbas</span> 
     </span>
     <span class='ocr_line' id='line_1_116' title="bbox 1273 1507 2326 1562; baseline 0.016 -24"><span class='ocrx_word' id='word_1_887' title='bbox 1273 1510 1306 1538; x_wconf 91' lang='lat' dir='ltr'>de</span> <span class='ocrx_word' id='word_1_888' title='bbox 1327 1511 1432 1557; x_wconf 50' lang='lat' dir='ltr'>Selby,</span> <span class='ocrx_word' id='word_1_889' title='bbox 1462 1523 1513 1557; x_wconf 76' lang='lat' dir='ltr'>pro</span> <span class='ocrx_word' id='word_1_890' title='bbox 1533 1514 1610 1545; x_wconf 84' lang='lat' dir='ltr'>Statu</span> <span class='ocrx_word' id='word_1_891' title='bbox 1635 1518 1706 1546; x_wconf 76' lang='lat' dir='ltr'>veri)</span> <span class='ocrx_word' id='word_1_892' title='bbox 1729 1516 1949 1559; x_wconf 67' lang='lat' dir='ltr'>Temporalium</span> <span class='ocrx_word' id='word_1_893' title='bbox 1977 1520 2035 1550; x_wconf 72' lang='lat' dir='ltr'>tam</span> <span class='ocrx_word' id='word_1_894' title='bbox 2061 1507 2217 1553; x_wconf 65' lang='lat' dir='ltr'>Nobilium</span> <span class='ocrx_word' id='word_1_895' title='bbox 2237 1524 2326 1562; x_wconf 73' lang='lat' dir='ltr'>quam</span> 
     </span>
     <span class='ocr_line' id='line_1_117' title="bbox 1272 1547 2328 1601; baseline 0.012 -23"><span class='ocrx_word' id='word_1_896' title='bbox 1272 1547 1496 1582; x_wconf 80' lang='lat' dir='ltr'>Communitatis</span> <span class='ocrx_word' id='word_1_897' title='bbox 1514 1553 1678 1584; x_wconf 87' lang='lat' dir='ltr'>earumdem</span> <span class='ocrx_word' id='word_1_898' title='bbox 1700 1554 1830 1586; x_wconf 85' lang='lat' dir='ltr'>Civitatis</span> <span class='ocrx_word' id='word_1_899' title='bbox 1858 1558 1890 1587; x_wconf 88' lang='lat'>&amp;</span> <span class='ocrx_word' id='word_1_900' title='bbox 1920 1557 2060 1588; x_wconf 85' lang='lat' dir='ltr'>Dicecesis</span> <span class='ocrx_word' id='word_1_901' title='bbox 2085 1563 2174 1590; x_wconf 84' lang='lat' dir='ltr'>Comes</span> <span class='ocrx_word' id='word_1_902' title='bbox 2199 1565 2300 1591; x_wconf 80' lang='lat' dir='ltr'>Surriae</span> <span class='ocrx_word' id='word_1_903' title='bbox 2316 1587 2328 1601; x_wconf 77' lang='lat'><strong>‚</strong></span> 
     </span>
     <span class='ocr_line' id='line_1_118' title="bbox 1270 1589 2330 1638; baseline 0.014 -22"><span class='ocrx_word' id='word_1_904' title='bbox 1270 1589 1402 1618; x_wconf 83' lang='lat' dir='ltr'>Dominus</span> <span class='ocrx_word' id='word_1_905' title='bbox 1413 1593 1490 1627; x_wconf 86' lang='lat' dir='ltr'>Scrop</span> <span class='ocrx_word' id='word_1_906' title='bbox 1505 1590 1541 1621; x_wconf 93' lang='lat' dir='ltr'>de</span> <span class='ocrx_word' id='word_1_907' title='bbox 1554 1590 1660 1622; x_wconf 89' lang='lat' dir='ltr'>Bolton</span> <span class='ocrx_word' id='word_1_908' title='bbox 1678 1592 1748 1622; x_wconf 90' lang='lat' dir='ltr'>Baro</span> <span class='ocrx_word' id='word_1_909' title='bbox 1757 1616 1766 1631; x_wconf 82' lang='lat'>,</span> <span class='ocrx_word' id='word_1_910' title='bbox 1785 1597 1916 1624; x_wconf 83' lang='lat' dir='ltr'>Dominus</span> <span class='ocrx_word' id='word_1_911' title='bbox 1933 1597 1965 1624; x_wconf 83' lang='lat' dir='ltr'>de</span> <span class='ocrx_word' id='word_1_912' title='bbox 1977 1599 2109 1637; x_wconf 83' lang='lat' dir='ltr'>Latymer</span> <span class='ocrx_word' id='word_1_913' title='bbox 2123 1599 2194 1629; x_wconf 88' lang='lat' dir='ltr'>Bato</span> <span class='ocrx_word' id='word_1_914' title='bbox 2204 1622 2213 1638; x_wconf 89' lang='lat'>,</span> <span class='ocrx_word' id='word_1_915' title='bbox 2231 1603 2330 1630; x_wconf 82' lang='lat' dir='ltr'>Domi-</span> 
     </span>
     <span class='ocr_line' id='line_1_119' title="bbox 1269 1627 2328 1674; baseline 0.013 -19"><span class='ocrx_word' id='word_1_916' title='bbox 1269 1637 1318 1655; x_wconf 85' lang='lat' dir='ltr'>nus</span> <span class='ocrx_word' id='word_1_917' title='bbox 1334 1627 1365 1656; x_wconf 88' lang='lat' dir='ltr'>de</span> <span class='ocrx_word' id='word_1_918' title='bbox 1380 1628 1508 1667; x_wconf 73' lang='lat' dir='ltr'>Barneffe</span> <span class='ocrx_word' id='word_1_919' title='bbox 1522 1629 1607 1667; x_wconf 85' lang='lat' dir='ltr'>Baro,</span> <span class='ocrx_word' id='word_1_920' title='bbox 1626 1630 1790 1661; x_wconf 82' lang='lat' dir='ltr'>Willielmus</span> <span class='ocrx_word' id='word_1_921' title='bbox 1807 1634 1934 1670; x_wconf 70' lang='lat' dir='ltr'>Gasc&#39;oign</span> <span class='ocrx_word' id='word_1_922' title='bbox 1956 1634 2040 1665; x_wconf 85' lang='lat' dir='ltr'>Miles</span> <span class='ocrx_word' id='word_1_923' title='bbox 2050 1658 2060 1674; x_wconf 84' lang='lat'>,</span> <span class='ocrx_word' id='word_1_924' title='bbox 2075 1637 2109 1667; x_wconf 69' lang='grc' dir='ltr'>ὅ(</span> <span class='ocrx_word' id='word_1_925' title='bbox 2133 1639 2328 1670; x_wconf 75' lang='lat' dir='ltr'>Marmaducus</span> 
     </span>
     <span class='ocr_line' id='line_1_120' title="bbox 1270 1664 1849 1708; baseline 0.012 -15"><span class='ocrx_word' id='word_1_926' title='bbox 1270 1664 1410 1704; x_wconf 81' lang='lat' dir='ltr'>constable</span> <span class='ocrx_word' id='word_1_927' title='bbox 1425 1666 1528 1706; x_wconf 86' lang='lat' dir='ltr'>Miles,</span> <span class='ocrx_word' id='word_1_928' title='bbox 1549 1670 1582 1699; x_wconf 91' lang='lat'>&amp;</span> <span class='ocrx_word' id='word_1_929' title='bbox 1597 1670 1774 1707; x_wconf 77' lang='lat' dir='ltr'>quamplures</span> <span class='ocrx_word' id='word_1_930' title='bbox 1790 1671 1849 1708; x_wconf 88' lang='lat' dir='ltr'>alii,</span> 
     </span>
    </p>

    <p class='ocr_par' dir='ltr' id='par_1_42' title="bbox 1265 1703 2332 1978">
     <span class='ocr_line' id='line_1_121' title="bbox 1305 1703 2327 1747; baseline 0.013 -13"><span class='ocrx_word' id='word_1_931' title='bbox 1305 1703 1363 1734; x_wconf 79' lang='lat' dir='ltr'>Pro</span> <span class='ocrx_word' id='word_1_932' title='bbox 1379 1705 1456 1736; x_wconf 86' lang='lat' dir='ltr'>Statu</span> <span class='ocrx_word' id='word_1_933' title='bbox 1475 1705 1673 1738; x_wconf 82' lang='lat' dir='ltr'>Ecclesiastico</span> <span class='ocrx_word' id='word_1_934' title='bbox 1687 1709 1720 1739; x_wconf 68' lang='grc' dir='ltr'>ὃ(</span> <span class='ocrx_word' id='word_1_935' title='bbox 1738 1708 1870 1739; x_wconf 85' lang='lat' dir='ltr'>Clericali</span> <span class='ocrx_word' id='word_1_936' title='bbox 1885 1708 2016 1741; x_wconf 86' lang='lat' dir='ltr'>Civitatis</span> <span class='ocrx_word' id='word_1_937' title='bbox 2029 1712 2063 1743; x_wconf 67' lang='grc' dir='ltr'>ὃς</span> <span class='ocrx_word' id='word_1_938' title='bbox 2080 1712 2221 1745; x_wconf 79' lang='lat' dir='ltr'>Dioecesis</span> <span class='ocrx_word' id='word_1_939' title='bbox 2244 1716 2327 1747; x_wconf 90' lang='lat' dir='ltr'>Lon-</span> 
     </span>
     <span class='ocr_line' id='line_1_122' title="bbox 1267 1742 2328 1790; baseline 0.011 -18"><span class='ocrx_word' id='word_1_940' title='bbox 1267 1742 1407 1773; x_wconf 87' lang='lat' dir='ltr'>doniensis</span> <span class='ocrx_word' id='word_1_941' title='bbox 1424 1744 1565 1784; x_wconf 73' lang='lat' dir='ltr'>Epist-opus</span> <span class='ocrx_word' id='word_1_942' title='bbox 1583 1746 1749 1785; x_wconf 75' lang='lat' dir='ltr'>Londoniae,</span> <span class='ocrx_word' id='word_1_943' title='bbox 1766 1748 1865 1777; x_wconf 83' lang='lat' dir='ltr'>Abhas</span> <span class='ocrx_word' id='word_1_944' title='bbox 1886 1749 2047 1790; x_wconf 72' lang='lat' dir='ltr'>Colcistriae‚</span> <span class='ocrx_word' id='word_1_945' title='bbox 2071 1751 2104 1781; x_wconf 76' lang='grc' dir='ltr'>δε</span> <span class='ocrx_word' id='word_1_946' title='bbox 2129 1755 2209 1782; x_wconf 83' lang='lat' dir='ltr'>Prior</span> <span class='ocrx_word' id='word_1_947' title='bbox 2232 1757 2328 1784; x_wconf 66' lang='lat' dir='ltr'>Sano‘li</span> 
     </span>
     <span class='ocr_line' id='line_1_123' title="bbox 1266 1780 2327 1825; baseline 0.013 -16"><span class='ocrx_word' id='word_1_948' title='bbox 1266 1780 1408 1819; x_wconf 86' lang='lat' dir='ltr'>Johannis</span> <span class='ocrx_word' id='word_1_949' title='bbox 1417 1782 1591 1823; x_wconf 58' lang='lat' dir='ltr'>Jerusalem,-</span> <span class='ocrx_word' id='word_1_950' title='bbox 1611 1795 1664 1822; x_wconf 92' lang='lat' dir='ltr'>pro</span> <span class='ocrx_word' id='word_1_951' title='bbox 1679 1785 1759 1816; x_wconf 87' lang='lat' dir='ltr'>Statu</span> <span class='ocrx_word' id='word_1_952' title='bbox 1775 1789 1845 1817; x_wconf 83' lang='lat' dir='ltr'>vero</span> <span class='ocrx_word' id='word_1_953' title='bbox 1861 1786 2085 1825; x_wconf 85' lang='lat' dir='ltr'>Temporalium</span> <span class='ocrx_word' id='word_1_954' title='bbox 2098 1791 2158 1820; x_wconf 76' lang='lat' dir='ltr'>tam</span> <span class='ocrx_word' id='word_1_955' title='bbox 2170 1791 2327 1823; x_wconf 88' lang='lat' dir='ltr'>Nobilium</span> 
     </span>
     <span class='ocr_line' id='line_1_124' title="bbox 1267 1819 2329 1861; baseline 0.011 -12"><span class='ocrx_word' id='word_1_956' title='bbox 1267 1821 1353 1858; x_wconf 77' lang='lat' dir='ltr'>quam</span> <span class='ocrx_word' id='word_1_957' title='bbox 1368 1819 1589 1854; x_wconf 86' lang='lat' dir='ltr'>Communitatis</span> <span class='ocrx_word' id='word_1_958' title='bbox 1599 1824 1763 1854; x_wconf 86' lang='lat' dir='ltr'>earumdem</span> <span class='ocrx_word' id='word_1_959' title='bbox 1777 1825 1906 1855; x_wconf 87' lang='lat' dir='ltr'>Civitatis</span> <span class='ocrx_word' id='word_1_960' title='bbox 1919 1827 1953 1856; x_wconf 89' lang='lat'>&amp;</span> <span class='ocrx_word' id='word_1_961' title='bbox 1972 1826 2114 1858; x_wconf 84' lang='lat' dir='ltr'>Dioecefis</span> <span class='ocrx_word' id='word_1_962' title='bbox 2137 1833 2226 1859; x_wconf 84' lang='lat' dir='ltr'>Comes</span> <span class='ocrx_word' id='word_1_963' title='bbox 2251 1835 2329 1861; x_wconf 86' lang='lat' dir='ltr'>Oxo-</span> 
     </span>
     <span class='ocr_line' id='line_1_125' title="bbox 1265 1861 2332 1903; baseline 0.011 -16"><span class='ocrx_word' id='word_1_964' title='bbox 1265 1862 1317 1887; x_wconf 83' lang='lat' dir='ltr'>niae</span> <span class='ocrx_word' id='word_1_965' title='bbox 1330 1881 1340 1896; x_wconf 85' lang='lat'>,</span> <span class='ocrx_word' id='word_1_966' title='bbox 1365 1863 1454 1889; x_wconf 87' lang='lat' dir='ltr'>Comes</span> <span class='ocrx_word' id='word_1_967' title='bbox 1478 1861 1594 1900; x_wconf 80' lang='lat' dir='ltr'>Effixiae</span> <span class='ocrx_word' id='word_1_968' title='bbox 1608 1886 1617 1898; x_wconf 70' lang='lat'>,</span> <span class='ocrx_word' id='word_1_969' title='bbox 1642 1865 1772 1892; x_wconf 65' lang='lat' dir='ltr'>Dominus</span> <span class='ocrx_word' id='word_1_970' title='bbox 1797 1864 1920 1893; x_wconf 84' lang='lat' dir='ltr'>Ormond</span> <span class='ocrx_word' id='word_1_971' title='bbox 1937 1864 2007 1895; x_wconf 85' lang='lat' dir='ltr'>Baro</span> <span class='ocrx_word' id='word_1_972' title='bbox 2022 1887 2032 1903; x_wconf 82' lang='lat'>,</span> <span class='ocrx_word' id='word_1_973' title='bbox 2059 1866 2189 1896; x_wconf 77' lang='lat' dir='ltr'>Robertus</span> <span class='ocrx_word' id='word_1_974' title='bbox 2208 1869 2260 1899; x_wconf 82' lang='lat' dir='ltr'>She</span> <span class='ocrx_word' id='word_1_975' title='bbox 2282 1868 2332 1898; x_wconf 78' lang='lat' dir='ltr'>eld</span> 
     </span>
     <span class='ocr_line' id='line_1_126' title="bbox 1267 1870 2329 1943; baseline 0.011 -17"><span class='ocrx_word' id='word_1_976' title='bbox 1267 1896 1369 1934; x_wconf 86' lang='lat' dir='ltr'>Miles,</span> <span class='ocrx_word' id='word_1_977' title='bbox 1389 1897 1503 1943; x_wconf 73' lang='lat' dir='ltr'>Thomas</span> <span class='ocrx_word' id='word_1_978' title='bbox 1517 1899 1618 1930; x_wconf 88' lang='lat' dir='ltr'>Tirrell</span> <span class='ocrx_word' id='word_1_979' title='bbox 1630 1899 1733 1940; x_wconf 85' lang='lat' dir='ltr'>Miles,</span> <span class='ocrx_word' id='word_1_980' title='bbox 1751 1901 1897 1939; x_wconf 74' lang='lat' dir='ltr'>Johannes</span> <span class='ocrx_word' id='word_1_981' title='bbox 1918 1903 2005 1943; x_wconf 72' lang='lat' dir='ltr'>Rifley</span> <span class='ocrx_word' id='word_1_982' title='bbox 2029 1903 2131 1943; x_wconf 86' lang='lat' dir='ltr'>Miles,</span> <span class='ocrx_word' id='word_1_983' title='bbox 2150 1907 2183 1937; x_wconf 89' lang='lat'>&amp;</span> <span class='ocrx_word' id='word_1_984' title='bbox 2205 1870 2329 1937; x_wconf 55' lang='lat' dir='ltr'>Wiffiel-</span> 
     </span>
     <span class='ocr_line' id='line_1_127' title="bbox 1265 1936 1821 1978; baseline 0.013 -15"><span class='ocrx_word' id='word_1_985' title='bbox 1265 1946 1322 1964; x_wconf 84' lang='lat' dir='ltr'>mus</span> <span class='ocrx_word' id='word_1_986' title='bbox 1337 1939 1390 1974; x_wconf 89' lang='lat' dir='ltr'>Say</span> <span class='ocrx_word' id='word_1_987' title='bbox 1402 1936 1504 1974; x_wconf 81' lang='lat' dir='ltr'>Miles,</span> <span class='ocrx_word' id='word_1_988' title='bbox 1522 1939 1555 1969; x_wconf 88' lang='lat'>&amp;</span> <span class='ocrx_word' id='word_1_989' title='bbox 1570 1940 1747 1977; x_wconf 84' lang='lat' dir='ltr'>quamplures</span> <span class='ocrx_word' id='word_1_990' title='bbox 1761 1941 1821 1978; x_wconf 85' lang='lat' dir='ltr'>alii,</span> 
     </span>
    </p>

    <p class='ocr_par' dir='ltr' id='par_1_43' title="bbox 1265 1974 2326 2176">
     <span class='ocr_line' id='line_1_128' title="bbox 1303 1974 2325 2014; baseline 0.011 -11"><span class='ocrx_word' id='word_1_991' title='bbox 1303 1974 1362 2004; x_wconf 90' lang='lat' dir='ltr'>Pro</span> <span class='ocrx_word' id='word_1_992' title='bbox 1378 1974 1456 2006; x_wconf 87' lang='lat' dir='ltr'>Statu</span> <span class='ocrx_word' id='word_1_993' title='bbox 1471 1975 1667 2008; x_wconf 87' lang='lat' dir='ltr'>Ecclesiastico</span> <span class='ocrx_word' id='word_1_994' title='bbox 1684 1979 1718 2008; x_wconf 85' lang='lat'>&amp;</span> <span class='ocrx_word' id='word_1_995' title='bbox 1732 1977 1862 2010; x_wconf 86' lang='lat' dir='ltr'>Clericali</span> <span class='ocrx_word' id='word_1_996' title='bbox 1879 1979 2011 2012; x_wconf 76' lang='lat' dir='ltr'>Civitatis</span> <span class='ocrx_word' id='word_1_997' title='bbox 2027 1983 2060 2013; x_wconf 76' lang='grc' dir='ltr'>δε</span> <span class='ocrx_word' id='word_1_998' title='bbox 2081 1981 2223 2014; x_wconf 87' lang='lat' dir='ltr'>Dioecefis</span> <span class='ocrx_word' id='word_1_999' title='bbox 2237 1984 2280 2014; x_wconf 86' lang='lat' dir='ltr'>W</span> <span class='ocrx_word' id='word_1_1000' title='bbox 2281 1985 2325 2014; x_wconf 83' lang='lat' dir='ltr'>in-</span> 
     </span>
     <span class='ocr_line' id='line_1_129' title="bbox 1265 2013 2324 2058; baseline 0.011 -16"><span class='ocrx_word' id='word_1_1001' title='bbox 1265 2013 1397 2043; x_wconf 87' lang='lat' dir='ltr'>tonienfis</span> <span class='ocrx_word' id='word_1_1002' title='bbox 1408 2015 1549 2054; x_wconf 84' lang='lat' dir='ltr'>Episcopus</span> <span class='ocrx_word' id='word_1_1003' title='bbox 1564 2016 1758 2056; x_wconf 76' lang='lat' dir='ltr'>Wintmu&#39;enfis</span> <span class='ocrx_word' id='word_1_1004' title='bbox 1771 2018 1804 2048; x_wconf 69' lang='grc' dir='ltr'>ὃς</span> <span class='ocrx_word' id='word_1_1005' title='bbox 1818 2017 1918 2048; x_wconf 77' lang='lat' dir='ltr'>Abbas</span> <span class='ocrx_word' id='word_1_1006' title='bbox 1931 2019 1964 2049; x_wconf 81' lang='lat' dir='ltr'>de</span> <span class='ocrx_word' id='word_1_1007' title='bbox 1979 2020 2056 2049; x_wconf 89' lang='lat' dir='ltr'>Hida</span> <span class='ocrx_word' id='word_1_1008' title='bbox 2065 2031 2074 2049; x_wconf 86' lang='grc'>.-</span> <span class='ocrx_word' id='word_1_1009' title='bbox 2095 2030 2147 2058; x_wconf 87' lang='lat' dir='ltr'>pro</span> <span class='ocrx_word' id='word_1_1010' title='bbox 2168 2022 2249 2053; x_wconf 84' lang='lat' dir='ltr'>Statu</span> <span class='ocrx_word' id='word_1_1011' title='bbox 2271 2033 2324 2053; x_wconf 90' lang='lat' dir='ltr'>ve-</span> 
     </span>
     <span class='ocr_line' id='line_1_130' title="bbox 1265 2051 2326 2093; baseline 0.01 -12"><span class='ocrx_word' id='word_1_1012' title='bbox 1265 2061 1299 2080; x_wconf 89' lang='lat' dir='ltr'>ro</span> <span class='ocrx_word' id='word_1_1013' title='bbox 1316 2051 1532 2090; x_wconf 87' lang='lat' dir='ltr'>Temporalium</span> <span class='ocrx_word' id='word_1_1014' title='bbox 1557 2055 1616 2084; x_wconf 74' lang='lat' dir='ltr'>tarn</span> <span class='ocrx_word' id='word_1_1015' title='bbox 1640 2055 1796 2086; x_wconf 86' lang='lat' dir='ltr'>Nobilium</span> <span class='ocrx_word' id='word_1_1016' title='bbox 1819 2058 1903 2093; x_wconf 66' lang='lat' dir='ltr'>quam</span> <span class='ocrx_word' id='word_1_1017' title='bbox 1917 2057 2142 2090; x_wconf 87' lang='lat' dir='ltr'>Communitatis</span> <span class='ocrx_word' id='word_1_1018' title='bbox 2156 2062 2326 2092; x_wconf 88' lang='lat' dir='ltr'>earumdem</span> 
     </span>
     <span class='ocr_line' id='line_1_131' title="bbox 1266 2088 2325 2135; baseline 0.009 -16"><span class='ocrx_word' id='word_1_1019' title='bbox 1266 2088 1395 2133; x_wconf 73' lang='lat' dir='ltr'>Ciyitatis</span> <span class='ocrx_word' id='word_1_1020' title='bbox 1418 2093 1452 2123; x_wconf 90' lang='lat'>&amp;</span> <span class='ocrx_word' id='word_1_1021' title='bbox 1475 2092 1618 2123; x_wconf 83' lang='lat' dir='ltr'>Dioecefis</span> <span class='ocrx_word' id='word_1_1022' title='bbox 1639 2093 1786 2131; x_wconf 79' lang='lat' dir='ltr'>Johannes</span> <span class='ocrx_word' id='word_1_1023' title='bbox 1806 2095 1933 2135; x_wconf 83' lang='lat' dir='ltr'>Norbury</span> <span class='ocrx_word' id='word_1_1024' title='bbox 1955 2095 2058 2135; x_wconf 88' lang='lat' dir='ltr'>Miles,</span> <span class='ocrx_word' id='word_1_1025' title='bbox 2076 2097 2207 2128; x_wconf 84' lang='lat' dir='ltr'>Matheus</span> <span class='ocrx_word' id='word_1_1026' title='bbox 2230 2102 2325 2130; x_wconf 84' lang='lat' dir='ltr'>Broun</span> 
     </span>
     <span class='ocr_line' id='line_1_132' title="bbox 1266 2127 2167 2176; baseline 0.01 -18"><span class='ocrx_word' id='word_1_1027' title='bbox 1266 2127 1370 2167; x_wconf 86' lang='lat' dir='ltr'>Miles,</span> <span class='ocrx_word' id='word_1_1028' title='bbox 1388 2129 1423 2160; x_wconf 68' lang='grc' dir='ltr'>ὃς</span> <span class='ocrx_word' id='word_1_1029' title='bbox 1437 2133 1480 2160; x_wconf 88' lang='lat' dir='ltr'><em>W</em></span> <span class='ocrx_word' id='word_1_1030' title='bbox 1479 2130 1601 2161; x_wconf 83' lang='lat' dir='ltr'>illielmus</span> <span class='ocrx_word' id='word_1_1031' title='bbox 1608 2132 1734 2162; x_wconf 67' lang='lat' dir='ltr'>&#39;Uvedale</span> <span class='ocrx_word' id='word_1_1032' title='bbox 1743 2133 1846 2171; x_wconf 83' lang='lat' dir='ltr'>Miles,</span> <span class='ocrx_word' id='word_1_1033' title='bbox 1863 2135 1897 2165; x_wconf 74' lang='grc' dir='ltr'>δε</span> <span class='ocrx_word' id='word_1_1034' title='bbox 1934 2136 2093 2173; x_wconf 75' lang='lat' dir='ltr'>uam‘plures</span> <span class='ocrx_word' id='word_1_1035' title='bbox 2106 2137 2167 2176; x_wconf 87' lang='lat' dir='ltr'>alii,</span> 
     </span>
    </p>

    <p class='ocr_par' dir='ltr' id='par_1_44' title="bbox 1263 2168 2331 2402">
     <span class='ocr_line' id='line_1_133' title="bbox 1303 2168 2331 2208; baseline 0.01 -10"><span class='ocrx_word' id='word_1_1036' title='bbox 1303 2168 1322 2186; x_wconf 64' lang='lat'><em>*</em></span> <span class='ocrx_word' id='word_1_1037' title='bbox 1342 2168 1401 2198; x_wconf 88' lang='lat' dir='ltr'>Pro</span> <span class='ocrx_word' id='word_1_1038' title='bbox 1415 2168 1493 2200; x_wconf 88' lang='lat' dir='ltr'>Statu</span> <span class='ocrx_word' id='word_1_1039' title='bbox 1508 2170 1706 2202; x_wconf 87' lang='lat' dir='ltr'>Ecclesiastico</span> <span class='ocrx_word' id='word_1_1040' title='bbox 1722 2173 1755 2203; x_wconf 87' lang='lat'>&amp;</span> <span class='ocrx_word' id='word_1_1041' title='bbox 1769 2171 1900 2203; x_wconf 90' lang='lat' dir='ltr'>Clericali</span> <span class='ocrx_word' id='word_1_1042' title='bbox 1932 2173 2040 2204; x_wconf 66' lang='lat' dir='ltr'>*ivitatis</span> <span class='ocrx_word' id='word_1_1043' title='bbox 2059 2175 2091 2205; x_wconf 90' lang='lat'>&amp;</span> <span class='ocrx_word' id='word_1_1044' title='bbox 2113 2175 2254 2207; x_wconf 79' lang='lat' dir='ltr'>Dioecests</span> <span class='ocrx_word' id='word_1_1045' title='bbox 2274 2175 2331 2208; x_wconf 55' lang='lat' dir='ltr'>Ciss</span> 
     </span>
     <span class='ocr_line' id='line_1_134' title="bbox 1265 2204 2322 2250; baseline 0.011 -15"><span class='ocrx_word' id='word_1_1046' title='bbox 1265 2204 1406 2237; x_wconf 85' lang='lat' dir='ltr'>cestrenfis</span> <span class='ocrx_word' id='word_1_1047' title='bbox 1418 2207 1558 2247; x_wconf 79' lang='lat' dir='ltr'>Epifiopus</span> <span class='ocrx_word' id='word_1_1048' title='bbox 1572 2209 1734 2249; x_wconf 71' lang='lat' dir='ltr'>Cicestrenfis</span> <span class='ocrx_word' id='word_1_1049' title='bbox 1744 2211 1777 2241; x_wconf 65' lang='grc' dir='ltr'>ὃς</span> <span class='ocrx_word' id='word_1_1050' title='bbox 1793 2210 1893 2241; x_wconf 79' lang='lat' dir='ltr'>Abbas</span> <span class='ocrx_word' id='word_1_1051' title='bbox 1913 2211 1946 2241; x_wconf 87' lang='lat' dir='ltr'>de</span> <span class='ocrx_word' id='word_1_1052' title='bbox 1968 2212 2063 2250; x_wconf 68' lang='lat' dir='ltr'>Bello,</span> <span class='ocrx_word' id='word_1_1053' title='bbox 2086 2213 2144 2244; x_wconf 91' lang='lat' dir='ltr'>Pro</span> <span class='ocrx_word' id='word_1_1054' title='bbox 2157 2214 2235 2245; x_wconf 88' lang='lat' dir='ltr'>Statu</span> <span class='ocrx_word' id='word_1_1055' title='bbox 2251 2219 2322 2247; x_wconf 79' lang='lat' dir='ltr'>vero</span> 
     </span>
     <span class='ocr_line' id='line_1_135' title="bbox 1264 2244 2323 2289; baseline 0.01 -15"><span class='ocrx_word' id='word_1_1056' title='bbox 1264 2244 1483 2289; x_wconf 65' lang='lat' dir='ltr'>Temporalium</span> <span class='ocrx_word' id='word_1_1057' title='bbox 1495 2249 1554 2278; x_wconf 76' lang='lat' dir='ltr'>tam</span> <span class='ocrx_word' id='word_1_1058' title='bbox 1573 2248 1732 2279; x_wconf 90' lang='lat' dir='ltr'>Nobilium</span> <span class='ocrx_word' id='word_1_1059' title='bbox 1747 2250 1833 2288; x_wconf 68' lang='lat' dir='ltr'>quam</span> <span class='ocrx_word' id='word_1_1060' title='bbox 1848 2248 2071 2282; x_wconf 88' lang='lat' dir='ltr'>Communitatis</span> <span class='ocrx_word' id='word_1_1061' title='bbox 2086 2254 2250 2284; x_wconf 83' lang='lat' dir='ltr'>earumdem</span> <span class='ocrx_word' id='word_1_1062' title='bbox 2268 2255 2323 2286; x_wconf 91' lang='lat' dir='ltr'>Ci-</span> 
     </span>
     <span class='ocr_line' id='line_1_136' title="bbox 1264 2284 2321 2327; baseline 0.008 -13"><span class='ocrx_word' id='word_1_1063' title='bbox 1264 2292 1358 2314; x_wconf 77' lang='lat' dir='ltr'>Vitatis</span> <span class='ocrx_word' id='word_1_1064' title='bbox 1371 2285 1404 2315; x_wconf 91' lang='lat'>&amp;</span> <span class='ocrx_word' id='word_1_1065' title='bbox 1421 2284 1562 2316; x_wconf 83' lang='lat' dir='ltr'>Dioecefis</span> <span class='ocrx_word' id='word_1_1066' title='bbox 1577 2290 1666 2316; x_wconf 87' lang='lat' dir='ltr'>Comes</span> <span class='ocrx_word' id='word_1_1067' title='bbox 1681 2287 1713 2316; x_wconf 85' lang='lat' dir='ltr'>de</span> <span class='ocrx_word' id='word_1_1068' title='bbox 1727 2287 1886 2318; x_wconf 84' lang='lat' dir='ltr'>Arundella</span> <span class='ocrx_word' id='word_1_1069' title='bbox 1896 2312 1905 2327; x_wconf 92' lang='lat'>,</span> <span class='ocrx_word' id='word_1_1070' title='bbox 1923 2291 2056 2320; x_wconf 80' lang='lat' dir='ltr'>Dominus</span> <span class='ocrx_word' id='word_1_1071' title='bbox 2077 2291 2109 2320; x_wconf 84' lang='lat' dir='ltr'>de</span> <span class='ocrx_word' id='word_1_1072' title='bbox 2128 2294 2220 2321; x_wconf 84' lang='lat' dir='ltr'>Dacre</span> <span class='ocrx_word' id='word_1_1073' title='bbox 2243 2293 2280 2324; x_wconf 89' lang='lat' dir='ltr'>de</span> <span class='ocrx_word' id='word_1_1074' title='bbox 2295 2295 2321 2325; x_wconf 79' lang='lat' dir='ltr'>la</span> 
     </span>
     <span class='ocr_line' id='line_1_137' title="bbox 1265 2321 2323 2393; baseline 0.006 -41"><span class='ocrx_word' id='word_1_1075' title='bbox 1265 2321 1358 2366; x_wconf 84' lang='lat' dir='ltr'>South</span> <span class='ocrx_word' id='word_1_1076' title='bbox 1371 2322 1457 2393; x_wconf 60' lang='grc' dir='ltr'>Βὲἑο,</span> <span class='ocrx_word' id='word_1_1077' title='bbox 1475 2327 1606 2392; x_wconf 68' lang='lat' dir='ltr'>Domlinus</span> <span class='ocrx_word' id='word_1_1078' title='bbox 1621 2325 1730 2393; x_wconf 55' lang='lat' dir='ltr'>Iiffley</span> <span class='ocrx_word' id='word_1_1079' title='bbox 1744 2326 1894 2367; x_wconf 84' lang='lat' dir='ltr'>Armiger,</span> <span class='ocrx_word' id='word_1_1080' title='bbox 1913 2328 1946 2359; x_wconf 90' lang='lat'>&amp;</span> <span class='ocrx_word' id='word_1_1081' title='bbox 1970 2329 2100 2358; x_wconf 85' lang='lat' dir='ltr'>Ricardus</span> <span class='ocrx_word' id='word_1_1082' title='bbox 2115 2329 2244 2370; x_wconf 73' lang='lat' dir='ltr'>Sakfeld,</span> <span class='ocrx_word' id='word_1_1083' title='bbox 2264 2332 2323 2363; x_wconf 79' lang='lat' dir='ltr'>Ar-</span> 
     </span>
     <span class='ocr_line' id='line_1_138' title="bbox 1263 2369 1688 2402; baseline 0.009 -12"><span class='ocrx_word' id='word_1_1084' title='bbox 1263 2369 1369 2400; x_wconf 79' lang='lat' dir='ltr'>miger,</span> <span class='ocrx_word' id='word_1_1085' title='bbox 1436 2372 1541 2401; x_wconf 89' lang='lat' dir='ltr'>quamp</span> <span class='ocrx_word' id='word_1_1086' title='bbox 1553 2374 1612 2394; x_wconf 85' lang='lat' dir='ltr'>ures</span> <span class='ocrx_word' id='word_1_1087' title='bbox 1625 2373 1640 2393; x_wconf 87' lang='lat' dir='ltr'>a</span> <span class='ocrx_word' id='word_1_1088' title='bbox 1651 2374 1688 2402; x_wconf 87' lang='lat'>11,</span> 
     </span>
    </p>

    <p class='ocr_par' dir='ltr' id='par_1_45' title="bbox 1264 2399 2329 2586">
     <span class='ocr_line' id='line_1_139' title="bbox 1301 2399 2329 2441; baseline 0.011 -12"><span class='ocrx_word' id='word_1_1089' title='bbox 1301 2399 1360 2430; x_wconf 92' lang='lat' dir='ltr'>Pro</span> <span class='ocrx_word' id='word_1_1090' title='bbox 1375 2399 1454 2431; x_wconf 84' lang='lat' dir='ltr'>Statu</span> <span class='ocrx_word' id='word_1_1091' title='bbox 1470 2401 1668 2433; x_wconf 78' lang='lat' dir='ltr'>Ecclesiastico</span> <span class='ocrx_word' id='word_1_1092' title='bbox 1682 2403 1715 2434; x_wconf 67' lang='grc' dir='ltr'>ὃς</span> <span class='ocrx_word' id='word_1_1093' title='bbox 1731 2403 1864 2434; x_wconf 85' lang='lat' dir='ltr'>Cleticali</span> <span class='ocrx_word' id='word_1_1094' title='bbox 1880 2404 2010 2435; x_wconf 86' lang='lat' dir='ltr'>Civitatis</span> <span class='ocrx_word' id='word_1_1095' title='bbox 2022 2406 2055 2436; x_wconf 87' lang='lat'>&amp;</span> <span class='ocrx_word' id='word_1_1096' title='bbox 2072 2405 2212 2438; x_wconf 86' lang='lat' dir='ltr'>Dioecefis</span> <span class='ocrx_word' id='word_1_1097' title='bbox 2226 2408 2329 2441; x_wconf 67' lang='lat' dir='ltr'>Here-³</span> 
     </span>
     <span class='ocr_line' id='line_1_140' title="bbox 1264 2438 2323 2484; baseline 0.009 -16"><span class='ocrx_word' id='word_1_1098' title='bbox 1264 2438 1400 2469; x_wconf 72' lang='lat' dir='ltr'>fordensis</span> <span class='ocrx_word' id='word_1_1099' title='bbox 1424 2439 1564 2479; x_wconf 81' lang='lat' dir='ltr'>Epifiopus</span> <span class='ocrx_word' id='word_1_1100' title='bbox 1586 2440 1812 2482; x_wconf 65' lang='lat' dir='ltr'>Herefordenfis,</span> <span class='ocrx_word' id='word_1_1101' title='bbox 1833 2453 1886 2481; x_wconf 92' lang='lat' dir='ltr'>pro</span> <span class='ocrx_word' id='word_1_1102' title='bbox 1909 2444 1989 2474; x_wconf 87' lang='lat' dir='ltr'>Statu</span> <span class='ocrx_word' id='word_1_1103' title='bbox 2010 2446 2081 2474; x_wconf 80' lang='lat' dir='ltr'>vero</span> <span class='ocrx_word' id='word_1_1104' title='bbox 2103 2446 2323 2484; x_wconf 83' lang='lat' dir='ltr'>Temporalium</span> 
     </span>
     <span class='ocr_line' id='line_1_141' title="bbox 1264 2477 2323 2518; baseline 0.009 -11"><span class='ocrx_word' id='word_1_1105' title='bbox 1264 2479 1324 2508; x_wconf 73' lang='lat' dir='ltr'>tam</span> <span class='ocrx_word' id='word_1_1106' title='bbox 1341 2477 1494 2508; x_wconf 90' lang='lat' dir='ltr'>Nobilium</span> <span class='ocrx_word' id='word_1_1107' title='bbox 1514 2480 1599 2517; x_wconf 74' lang='lat' dir='ltr'>quam</span> <span class='ocrx_word' id='word_1_1108' title='bbox 1614 2478 1839 2511; x_wconf 84' lang='lat' dir='ltr'>Communitatis</span> <span class='ocrx_word' id='word_1_1109' title='bbox 1853 2482 2014 2512; x_wconf 85' lang='lat' dir='ltr'>earumdem</span> <span class='ocrx_word' id='word_1_1110' title='bbox 2029 2482 2160 2514; x_wconf 84' lang='lat' dir='ltr'>Civitatis</span> <span class='ocrx_word' id='word_1_1111' title='bbox 2178 2488 2211 2515; x_wconf 85' lang='lat'>&amp;</span> <span class='ocrx_word' id='word_1_1112' title='bbox 2233 2486 2323 2518; x_wconf 89' lang='lat' dir='ltr'>Dioe-</span> 
     </span>
     <span class='ocr_line' id='line_1_142' title="bbox 1264 2516 2321 2586; baseline 0.01 -41"><span class='ocrx_word' id='word_1_1113' title='bbox 1264 2516 1331 2586; x_wconf 61' lang='lat' dir='ltr'>{ecelis</span> <span class='ocrx_word' id='word_1_1114' title='bbox 1345 2520 1434 2586; x_wconf 57' lang='lat' dir='ltr'>Comeis</span> <span class='ocrx_word' id='word_1_1115' title='bbox 1450 2517 1579 2556; x_wconf 74' lang='lat' dir='ltr'>Salopiae‚</span> <span class='ocrx_word' id='word_1_1116' title='bbox 1597 2518 1728 2548; x_wconf 77' lang='lat' dir='ltr'>Ricardns</span> <span class='ocrx_word' id='word_1_1117' title='bbox 1741 2518 1822 2558; x_wconf 89' lang='lat' dir='ltr'>Pole,</span> <span class='ocrx_word' id='word_1_1118' title='bbox 1841 2520 1874 2550; x_wconf 71' lang='grc' dir='ltr'>δε</span> <span class='ocrx_word' id='word_1_1119' title='bbox 1888 2520 2019 2550; x_wconf 82' lang='lat' dir='ltr'>Ricardus</span> <span class='ocrx_word' id='word_1_1120' title='bbox 2040 2521 2072 2551; x_wconf 80' lang='lat' dir='ltr'>de</span> <span class='ocrx_word' id='word_1_1121' title='bbox 2095 2525 2194 2553; x_wconf 60' lang='lat' dir='ltr'>Lae-er</span> <span class='ocrx_word' id='word_1_1122' title='bbox 2215 2524 2321 2565; x_wconf 86' lang='lat' dir='ltr'>Miles,</span> 
     </span>
    </p>

    <p class='ocr_par' dir='ltr' id='par_1_46' title="bbox 1328 2558 1537 2593">
     <span class='ocr_line' id='line_1_143' title="bbox 1328 2558 1537 2593; baseline 0.005 -8"><span class='ocrx_word' id='word_1_1123' title='bbox 1328 2565 1414 2593; x_wconf 90' lang='lat' dir='ltr'>uamp</span> <span class='ocrx_word' id='word_1_1124' title='bbox 1427 2566 1484 2586; x_wconf 86' lang='lat' dir='ltr'>ures</span> <span class='ocrx_word' id='word_1_1125' title='bbox 1494 2558 1537 2586; x_wconf 88' lang='lat' dir='ltr'>alii</span> 
     </span>
    </p>

    <p class='ocr_par' dir='ltr' id='par_1_47' title="bbox 1263 2566 2329 2746">
     <span class='ocr_line' id='line_1_144' title="bbox 1302 2566 2329 2634; baseline 0.009 -10"><span class='ocrx_word' id='word_1_1126' title='bbox 1302 2566 1361 2624; x_wconf 56' lang='lat' dir='ltr'>Plro</span> <span class='ocrx_word' id='word_1_1127' title='bbox 1375 2594 1452 2624; x_wconf 84' lang='lat' dir='ltr'>Statu</span> <span class='ocrx_word' id='word_1_1128' title='bbox 1467 2579 1662 2626; x_wconf 77' lang='lat' dir='ltr'>Eccle&#39;fiastico</span> <span class='ocrx_word' id='word_1_1129' title='bbox 1675 2597 1708 2627; x_wconf 64' lang='grc' dir='ltr'>ὃς</span> <span class='ocrx_word' id='word_1_1130' title='bbox 1723 2594 1855 2626; x_wconf 86' lang='lat' dir='ltr'>Clericali</span> <span class='ocrx_word' id='word_1_1131' title='bbox 1869 2595 2001 2628; x_wconf 82' lang='lat' dir='ltr'>Civitatis</span> <span class='ocrx_word' id='word_1_1132' title='bbox 2014 2598 2048 2628; x_wconf 90' lang='lat'>&amp;</span> <span class='ocrx_word' id='word_1_1133' title='bbox 2064 2597 2206 2630; x_wconf 81' lang='lat' dir='ltr'>Dioecefis</span> <span class='ocrx_word' id='word_1_1134' title='bbox 2226 2601 2329 2634; x_wconf 74' lang='lat' dir='ltr'>Elien-‘</span> 
     </span>
     <span class='ocr_line' id='line_1_145' title="bbox 1267 2632 2321 2673; baseline 0.008 -11"><span class='ocrx_word' id='word_1_1135' title='bbox 1267 2632 1299 2662; x_wconf 87' lang='lat' dir='ltr'>fis</span> <span class='ocrx_word' id='word_1_1136' title='bbox 1313 2632 1453 2671; x_wconf 78' lang='lat' dir='ltr'>Epifiopus</span> <span class='ocrx_word' id='word_1_1137' title='bbox 1463 2633 1592 2673; x_wconf 82' lang='lat' dir='ltr'>Elienfis,·</span> <span class='ocrx_word' id='word_1_1138' title='bbox 1606 2644 1658 2672; x_wconf 90' lang='lat' dir='ltr'>pro</span> <span class='ocrx_word' id='word_1_1139' title='bbox 1671 2634 1750 2665; x_wconf 88' lang='lat' dir='ltr'>Statu</span> <span class='ocrx_word' id='word_1_1140' title='bbox 1767 2637 1838 2665; x_wconf 82' lang='lat' dir='ltr'>vero</span> <span class='ocrx_word' id='word_1_1141' title='bbox 1850 2635 2068 2673; x_wconf 90' lang='lat' dir='ltr'>Temporalium</span> <span class='ocrx_word' id='word_1_1142' title='bbox 2082 2638 2141 2667; x_wconf 71' lang='lat' dir='ltr'>tam</span> <span class='ocrx_word' id='word_1_1143' title='bbox 2161 2639 2321 2671; x_wconf 87' lang='lat' dir='ltr'>Nobilium</span> 
     </span>
     <span class='ocr_line' id='line_1_146' title="bbox 1263 2670 2323 2746; baseline 0.006 -6"><span class='ocrx_word' id='word_1_1144' title='bbox 1263 2672 1360 2740; x_wconf 46' lang='lat' dir='ltr'>seiri</span> <span class='ocrx_word' id='word_1_1145' title='bbox 1373 2670 1938 2742; x_wconf 50' lang='lat' dir='ltr'>&lt;irrisa{st-iissrrsisrffrirf</span> <span class='ocrx_word' id='word_1_1146' title='bbox 1962 2675 1996 2743; x_wconf 57' lang='lat' dir='ltr'>a</span> <span class='ocrx_word' id='word_1_1147' title='bbox 2019 2674 2160 2743; x_wconf 51' lang='lat' dir='ltr'>{ists</span> <span class='ocrx_word' id='word_1_1148' title='bbox 2185 2678 2323 2746; x_wconf 51' lang='lat' dir='ltr'>Gis-erm</span> 
     </span>
    </p>

    <p class='ocr_par' dir='ltr' id='par_1_48' title="bbox 1265 2722 2324 2941">
     <span class='ocr_line' id='line_1_147' title="bbox 1300 2722 2324 2787; baseline 0.008 -9"><span class='ocrx_word' id='word_1_1149' title='bbox 1300 2749 1360 2779; x_wconf 91' lang='lat' dir='ltr'>Pro</span> <span class='ocrx_word' id='word_1_1150' title='bbox 1377 2748 1455 2779; x_wconf 89' lang='lat' dir='ltr'>Statu</span> <span class='ocrx_word' id='word_1_1151' title='bbox 1472 2749 1671 2780; x_wconf 82' lang='lat' dir='ltr'>Ecclefiastico</span> <span class='ocrx_word' id='word_1_1152' title='bbox 1686 2722 1870 2781; x_wconf 70' lang='lat' dir='ltr'>&amp;yCleticali</span> <span class='ocrx_word' id='word_1_1153' title='bbox 1885 2723 2062 2782; x_wconf 38' lang='lat' dir='ltr'>Ci&#39;v’itatisq&amp;</span> <span class='ocrx_word' id='word_1_1154' title='bbox 2078 2724 2324 2787; x_wconf 39' lang='grc' dir='ltr'>Ιὶῗοὲὲῗίῑεεῃῖἒομ</span> 
     </span>
     <span class='ocr_line' id='line_1_148' title="bbox 1265 2786 2323 2830; baseline 0.008 -12"><span class='ocrx_word' id='word_1_1155' title='bbox 1265 2786 1392 2818; x_wconf 84' lang='lat' dir='ltr'>Wicenfis</span> <span class='ocrx_word' id='word_1_1156' title='bbox 1405 2786 1546 2825; x_wconf 76' lang='lat' dir='ltr'>Episcopus</span> <span class='ocrx_word' id='word_1_1157' title='bbox 1558 2787 1756 2827; x_wconf 76' lang='lat' dir='ltr'>Norwicenfis,</span> <span class='ocrx_word' id='word_1_1158' title='bbox 1775 2789 1808 2819; x_wconf 73' lang='grc' dir='ltr'>δε</span> <span class='ocrx_word' id='word_1_1159' title='bbox 1825 2788 1924 2817; x_wconf 74' lang='lat' dir='ltr'>Abbas</span> <span class='ocrx_word' id='word_1_1160' title='bbox 1934 2790 1966 2818; x_wconf 86' lang='lat' dir='ltr'>de</span> <span class='ocrx_word' id='word_1_1161' title='bbox 1982 2792 2077 2830; x_wconf 80' lang='lat' dir='ltr'>Bury,-</span> <span class='ocrx_word' id='word_1_1162' title='bbox 2098 2801 2150 2827; x_wconf 80' lang='lat' dir='ltr'>pro</span> <span class='ocrx_word' id='word_1_1163' title='bbox 2167 2792 2245 2823; x_wconf 79' lang='lat' dir='ltr'>Statu</span> <span class='ocrx_word' id='word_1_1164' title='bbox 2273 2805 2323 2826; x_wconf 91' lang='lat' dir='ltr'>ve-</span> 
     </span>
     <span class='ocr_line' id='line_1_149' title="bbox 1266 2825 2319 2864; baseline 0.006 -9"><span class='ocrx_word' id='word_1_1165' title='bbox 1266 2827 1302 2856; x_wconf 79' lang='lat' dir='ltr'>ro</span> <span class='ocrx_word' id='word_1_1166' title='bbox 1315 2825 1535 2863; x_wconf 79' lang='lat' dir='ltr'>Temporalium</span> <span class='ocrx_word' id='word_1_1167' title='bbox 1549 2826 1607 2856; x_wconf 72' lang='lat' dir='ltr'>tam</span> <span class='ocrx_word' id='word_1_1168' title='bbox 1626 2825 1784 2856; x_wconf 87' lang='lat' dir='ltr'>Nobilium</span> <span class='ocrx_word' id='word_1_1169' title='bbox 1805 2827 1891 2862; x_wconf 69' lang='lat' dir='ltr'>quam</span> <span class='ocrx_word' id='word_1_1170' title='bbox 1908 2826 2131 2858; x_wconf 87' lang='lat' dir='ltr'>Communitatis</span> <span class='ocrx_word' id='word_1_1171' title='bbox 2151 2832 2319 2864; x_wconf 84' lang='lat' dir='ltr'>earumdem</span> 
     </span>
     <span class='ocr_line' id='line_1_150' title="bbox 1267 2862 2318 2909; baseline 0.005 -15"><span class='ocrx_word' id='word_1_1172' title='bbox 1267 2862 1397 2894; x_wconf 87' lang='lat' dir='ltr'>Civitatis</span> <span class='ocrx_word' id='word_1_1173' title='bbox 1421 2864 1454 2894; x_wconf 90' lang='lat'><strong>&amp;</strong></span> <span class='ocrx_word' id='word_1_1174' title='bbox 1477 2864 1619 2895; x_wconf 79' lang='lat' dir='ltr'>Dioecefis</span> <span class='ocrx_word' id='word_1_1175' title='bbox 1644 2868 1734 2894; x_wconf 84' lang='lat' dir='ltr'>Comes</span> <span class='ocrx_word' id='word_1_1176' title='bbox 1752 2864 1897 2903; x_wconf 71' lang='lat' dir='ltr'>Suffizlciae,</span> <span class='ocrx_word' id='word_1_1177' title='bbox 1917 2865 2033 2894; x_wconf 82' lang='lat' dir='ltr'>Thomas</span> <span class='ocrx_word' id='word_1_1178' title='bbox 2049 2866 2155 2895; x_wconf 84' lang='lat' dir='ltr'>Lovell</span> <span class='ocrx_word' id='word_1_1179' title='bbox 2168 2868 2270 2909; x_wconf 81' lang='lat' dir='ltr'>Miles,</span> <span class='ocrx_word' id='word_1_1180' title='bbox 2283 2872 2318 2904; x_wconf 88' lang='lat'>&amp;</span> 
     </span>
     <span class='ocr_line' id='line_1_151' title="bbox 1266 2901 1914 2941; baseline 0.002 -9"><span class='ocrx_word' id='word_1_1181' title='bbox 1266 2901 1479 2932; x_wconf 83' lang='lat' dir='ltr'>RobertusClere</span> <span class='ocrx_word' id='word_1_1182' title='bbox 1495 2902 1595 2939; x_wconf 85' lang='lat' dir='ltr'>Miles,</span> <span class='ocrx_word' id='word_1_1183' title='bbox 1614 2904 1646 2933; x_wconf 65' lang='grc' dir='ltr'>ὃς</span> <span class='ocrx_word' id='word_1_1184' title='bbox 1662 2904 1836 2941; x_wconf 84' lang='lat' dir='ltr'>quamplures</span> <span class='ocrx_word' id='word_1_1185' title='bbox 1853 2904 1914 2939; x_wconf 88' lang='lat' dir='ltr'>alii,</span> 
     </span>
    </p>

    <p class='ocr_par' dir='ltr' id='par_1_49' title="bbox 1266 2940 2323 3249">
     <span class='ocr_line' id='line_1_152' title="bbox 1304 2940 2322 2977; baseline 0.006 -6"><span class='ocrx_word' id='word_1_1186' title='bbox 1304 2941 1363 2972; x_wconf 91' lang='lat' dir='ltr'>Pro</span> <span class='ocrx_word' id='word_1_1187' title='bbox 1381 2941 1460 2972; x_wconf 91' lang='lat' dir='ltr'>Statu</span> <span class='ocrx_word' id='word_1_1188' title='bbox 1473 2941 1669 2971; x_wconf 84' lang='lat' dir='ltr'>Ecclesiastico</span> <span class='ocrx_word' id='word_1_1189' title='bbox 1683 2942 1716 2971; x_wconf 70' lang='grc' dir='ltr'>ὃς</span> <span class='ocrx_word' id='word_1_1190' title='bbox 1731 2940 1860 2971; x_wconf 89' lang='lat' dir='ltr'>Clericali</span> <span class='ocrx_word' id='word_1_1191' title='bbox 1880 2940 2011 2971; x_wconf 88' lang='lat' dir='ltr'>Civitatis</span> <span class='ocrx_word' id='word_1_1192' title='bbox 2031 2942 2064 2972; x_wconf 86' lang='lat'>&amp;</span> <span class='ocrx_word' id='word_1_1193' title='bbox 2089 2942 2232 2975; x_wconf 81' lang='lat' dir='ltr'>Ditecesis</span> <span class='ocrx_word' id='word_1_1194' title='bbox 2253 2946 2322 2977; x_wconf 85' lang='lat' dir='ltr'>Lin-</span> 
     </span>
     <span class='ocr_line' id='line_1_153' title="bbox 1267 2979 2323 3018; baseline 0.004 -8"><span class='ocrx_word' id='word_1_1195' title='bbox 1267 2980 1370 3010; x_wconf 81' lang='lat' dir='ltr'>colniae</span> <span class='ocrx_word' id='word_1_1196' title='bbox 1386 2979 1540 3016; x_wconf 88' lang='lat' dir='ltr'>Episcopus</span> <span class='ocrx_word' id='word_1_1197' title='bbox 1552 2979 1642 3009; x_wconf 89' lang='lat' dir='ltr'>nullus</span> <span class='ocrx_word' id='word_1_1198' title='bbox 1652 3002 1662 3016; x_wconf 86' lang='lat'>,</span> <span class='ocrx_word' id='word_1_1199' title='bbox 1679 2980 1744 3016; x_wconf 82' lang='lat' dir='ltr'>quia</span> <span class='ocrx_word' id='word_1_1200' title='bbox 1759 2979 1842 3009; x_wconf 90' lang='lat' dir='ltr'>Sedes</span> <span class='ocrx_word' id='word_1_1201' title='bbox 1856 2980 1991 3018; x_wconf 88' lang='lat' dir='ltr'>vacabat,</span> <span class='ocrx_word' id='word_1_1202' title='bbox 2009 2979 2110 3010; x_wconf 81' lang='lat' dir='ltr'>Abbas</span> <span class='ocrx_word' id='word_1_1203' title='bbox 2123 2984 2218 3012; x_wconf 71' lang='lat' dir='ltr'>Sanc‘ii</span> <span class='ocrx_word' id='word_1_1204' title='bbox 2227 2984 2323 3014; x_wconf 55' lang='lat' dir='ltr'>Albaa</span> 
     </span>
     <span class='ocr_line' id='line_1_154' title="bbox 1268 3017 2319 3058; baseline 0.006 -12"><span class='ocrx_word' id='word_1_1205' title='bbox 1268 3022 1297 3048; x_wconf 87' lang='lat' dir='ltr'>ni</span> <span class='ocrx_word' id='word_1_1206' title='bbox 1311 3020 1344 3049; x_wconf 87' lang='lat'>&amp;</span> <span class='ocrx_word' id='word_1_1207' title='bbox 1362 3017 1462 3047; x_wconf 84' lang='lat' dir='ltr'>Abbas</span> <span class='ocrx_word' id='word_1_1208' title='bbox 1476 3018 1508 3047; x_wconf 79' lang='lat' dir='ltr'>de</span> <span class='ocrx_word' id='word_1_1209' title='bbox 1522 3020 1613 3055; x_wconf 74' lang='lat' dir='ltr'>Burgo</span> <span class='ocrx_word' id='word_1_1210' title='bbox 1628 3019 1722 3047; x_wconf 61' lang='lat' dir='ltr'>Sam‘ii</span> <span class='ocrx_word' id='word_1_1211' title='bbox 1737 3019 1829 3055; x_wconf 71' lang='lat' dir='ltr'>Petri,</span> <span class='ocrx_word' id='word_1_1212' title='bbox 1849 3027 1900 3054; x_wconf 85' lang='lat' dir='ltr'>pro</span> <span class='ocrx_word' id='word_1_1213' title='bbox 1913 3017 1992 3048; x_wconf 86' lang='lat' dir='ltr'>Statu</span> <span class='ocrx_word' id='word_1_1214' title='bbox 2014 3022 2086 3049; x_wconf 79' lang='lat' dir='ltr'>vero</span> <span class='ocrx_word' id='word_1_1215' title='bbox 2099 3019 2319 3058; x_wconf 79' lang='lat' dir='ltr'>Temporalium</span> 
     </span>
     <span class='ocr_line' id='line_1_155' title="bbox 1266 3055 2319 3092; baseline 0.003 -6"><span class='ocrx_word' id='word_1_1216' title='bbox 1266 3057 1327 3087; x_wconf 67' lang='lat' dir='ltr'>tam</span> <span class='ocrx_word' id='word_1_1217' title='bbox 1342 3056 1499 3087; x_wconf 90' lang='lat' dir='ltr'>Nobilium</span> <span class='ocrx_word' id='word_1_1218' title='bbox 1513 3058 1599 3091; x_wconf 74' lang='lat' dir='ltr'>quam</span> <span class='ocrx_word' id='word_1_1219' title='bbox 1616 3056 1841 3086; x_wconf 79' lang='lat' dir='ltr'>Communitatis</span> <span class='ocrx_word' id='word_1_1220' title='bbox 1857 3055 2021 3086; x_wconf 81' lang='lat' dir='ltr'>earumdem</span> <span class='ocrx_word' id='word_1_1221' title='bbox 2037 3056 2168 3088; x_wconf 66' lang='lat' dir='ltr'>Civitatis</span> <span class='ocrx_word' id='word_1_1222' title='bbox 2181 3060 2214 3090; x_wconf 89' lang='lat'>&amp;</span> <span class='ocrx_word' id='word_1_1223' title='bbox 2232 3060 2319 3092; x_wconf 81' lang='lat' dir='ltr'>Dioe-</span> 
     </span>
     <span class='ocr_line' id='line_1_156' title="bbox 1266 3093 2322 3137; baseline 0.003 -11"><span class='ocrx_word' id='word_1_1224' title='bbox 1266 3096 1334 3126; x_wconf 84' lang='lat' dir='ltr'>cefis</span> <span class='ocrx_word' id='word_1_1225' title='bbox 1357 3094 1481 3124; x_wconf 79' lang='lat' dir='ltr'>Marchio</span> <span class='ocrx_word' id='word_1_1226' title='bbox 1505 3093 1655 3134; x_wconf 62' lang='lat' dir='ltr'>Dorfitiae,</span> <span class='ocrx_word' id='word_1_1227' title='bbox 1672 3098 1760 3124; x_wconf 80' lang='lat' dir='ltr'>Comes</span> <span class='ocrx_word' id='word_1_1228' title='bbox 1784 3097 1915 3133; x_wconf 76' lang='lat' dir='ltr'>Kantiae,</span> <span class='ocrx_word' id='word_1_1229' title='bbox 1932 3097 2023 3124; x_wconf 80' lang='lat' dir='ltr'>Comes</span> <span class='ocrx_word' id='word_1_1230' title='bbox 2044 3095 2196 3137; x_wconf 73' lang='lat' dir='ltr'>lViltefiae,</span> <span class='ocrx_word' id='word_1_1231' title='bbox 2214 3102 2322 3129; x_wconf 84' lang='lat' dir='ltr'>Viceco-</span> 
     </span>
     <span class='ocr_line' id='line_1_157' title="bbox 1266 3131 2320 3175; baseline 0.001 -14"><span class='ocrx_word' id='word_1_1232' title='bbox 1266 3145 1322 3164; x_wconf 80' lang='lat' dir='ltr'>mes</span> <span class='ocrx_word' id='word_1_1233' title='bbox 1335 3133 1367 3163; x_wconf 81' lang='lat' dir='ltr'>de</span> <span class='ocrx_word' id='word_1_1234' title='bbox 1382 3132 1494 3170; x_wconf 74' lang='lat' dir='ltr'>Wlles,</span> <span class='ocrx_word' id='word_1_1235' title='bbox 1513 3136 1645 3162; x_wconf 71' lang='lat' dir='ltr'>Dominus</span> <span class='ocrx_word' id='word_1_1236' title='bbox 1655 3133 1686 3162; x_wconf 90' lang='lat' dir='ltr'>de</span> <span class='ocrx_word' id='word_1_1237' title='bbox 1702 3131 1850 3172; x_wconf 76' lang='lat' dir='ltr'>Hastynges</span> <span class='ocrx_word' id='word_1_1238' title='bbox 1863 3132 1932 3163; x_wconf 87' lang='lat' dir='ltr'>Baro</span> <span class='ocrx_word' id='word_1_1239' title='bbox 1940 3155 1950 3170; x_wconf 85' lang='lat'>,</span> <span class='ocrx_word' id='word_1_1240' title='bbox 1969 3136 2101 3163; x_wconf 80' lang='lat' dir='ltr'>Dominus</span> <span class='ocrx_word' id='word_1_1241' title='bbox 2114 3139 2183 3175; x_wconf 81' lang='lat' dir='ltr'>Grey</span> <span class='ocrx_word' id='word_1_1242' title='bbox 2196 3136 2228 3166; x_wconf 71' lang='lat' dir='ltr'>de</span> <span class='ocrx_word' id='word_1_1243' title='bbox 2241 3138 2320 3167; x_wconf 71' lang='lat' dir='ltr'>lVil.</span> 
     </span>
     <span class='ocr_line' id='line_1_158' title="bbox 1267 3170 2318 3215; baseline 0.003 -13"><span class='ocrx_word' id='word_1_1244' title='bbox 1267 3180 1315 3202; x_wconf 86' lang='lat' dir='ltr'>ton</span> <span class='ocrx_word' id='word_1_1245' title='bbox 1333 3172 1419 3209; x_wconf 86' lang='lat' dir='ltr'>Baro,</span> <span class='ocrx_word' id='word_1_1246' title='bbox 1435 3174 1566 3200; x_wconf 81' lang='lat' dir='ltr'>Dominus</span> <span class='ocrx_word' id='word_1_1247' title='bbox 1581 3174 1651 3209; x_wconf 82' lang='lat' dir='ltr'>Grey</span> <span class='ocrx_word' id='word_1_1248' title='bbox 1663 3171 1695 3200; x_wconf 86' lang='lat' dir='ltr'>de</span> <span class='ocrx_word' id='word_1_1249' title='bbox 1709 3171 1828 3201; x_wconf 82' lang='lat' dir='ltr'>Codnore</span> <span class='ocrx_word' id='word_1_1250' title='bbox 1840 3170 1912 3202; x_wconf 80' lang='lat' dir='ltr'>Baro</span> <span class='ocrx_word' id='word_1_1251' title='bbox 1922 3171 2097 3209; x_wconf 81' lang='lat' dir='ltr'>,Edwardus</span> <span class='ocrx_word' id='word_1_1252' title='bbox 2110 3174 2204 3210; x_wconf 78' lang='lat' dir='ltr'>Burgh</span> <span class='ocrx_word' id='word_1_1253' title='bbox 2217 3174 2318 3215; x_wconf 85' lang='lat' dir='ltr'>Miles,</span> 
     </span>
     <span class='ocr_line' id='line_1_159' title="bbox 1267 3209 2030 3249; baseline -0.001 -8"><span class='ocrx_word' id='word_1_1254' title='bbox 1267 3211 1300 3241; x_wconf 88' lang='lat'>&amp;</span> <span class='ocrx_word' id='word_1_1255' title='bbox 1315 3209 1469 3248; x_wconf 79' lang='lat' dir='ltr'>Radulphus</span> <span class='ocrx_word' id='word_1_1256' title='bbox 1484 3209 1588 3249; x_wconf 82' lang='lat' dir='ltr'>Shirley</span> <span class='ocrx_word' id='word_1_1257' title='bbox 1605 3209 1711 3247; x_wconf 81' lang='lat' dir='ltr'>Miles,</span> <span class='ocrx_word' id='word_1_1258' title='bbox 1730 3211 1762 3241; x_wconf 91' lang='lat'>&amp;</span> <span class='ocrx_word' id='word_1_1259' title='bbox 1779 3210 1955 3248; x_wconf 85' lang='lat' dir='ltr'>quamplures</span> <span class='ocrx_word' id='word_1_1260' title='bbox 1969 3211 2030 3248; x_wconf 83' lang='lat' dir='ltr'>alii,</span> 
     </span>
    </p>

    <p class='ocr_par' dir='ltr' id='par_1_50' title="bbox 1266 3247 2322 3366">
     <span class='ocr_line' id='line_1_160' title="bbox 1303 3247 2322 3282; baseline 0.004 -4"><span class='ocrx_word' id='word_1_1261' title='bbox 1303 3248 1362 3279; x_wconf 92' lang='lat' dir='ltr'>Pro</span> <span class='ocrx_word' id='word_1_1262' title='bbox 1379 3249 1458 3279; x_wconf 90' lang='lat' dir='ltr'>Statu</span> <span class='ocrx_word' id='word_1_1263' title='bbox 1477 3247 1675 3279; x_wconf 83' lang='lat' dir='ltr'>Ecclefiastico</span> <span class='ocrx_word' id='word_1_1264' title='bbox 1696 3250 1730 3279; x_wconf 68' lang='grc' dir='ltr'>ὅ(</span> <span class='ocrx_word' id='word_1_1265' title='bbox 1749 3247 1879 3278; x_wconf 89' lang='lat' dir='ltr'>Clericali</span> <span class='ocrx_word' id='word_1_1266' title='bbox 1893 3248 2022 3278; x_wconf 85' lang='lat' dir='ltr'>Civitatis</span> <span class='ocrx_word' id='word_1_1267' title='bbox 2039 3250 2072 3280; x_wconf 84' lang='lat'>&amp;</span> <span class='ocrx_word' id='word_1_1268' title='bbox 2097 3249 2237 3280; x_wconf 82' lang='lat' dir='ltr'>Dicecefis</span> <span class='ocrx_word' id='word_1_1269' title='bbox 2251 3251 2322 3282; x_wconf 75' lang='lat' dir='ltr'>Wi-</span> 
     </span>
     <span class='ocr_line' id='line_1_161' title="bbox 1266 3286 2319 3366; baseline 0.004 -11"><span class='ocrx_word' id='word_1_1270' title='bbox 1266 3288 1376 3355; x_wconf 51' lang='lat'>&amp;2225</span> <span class='ocrx_word' id='word_1_1271' title='bbox 1388 3286 1742 3364; x_wconf 50' lang='grc' dir='ltr'>ἓῗέἶῖἓᾷῗὲῗέᾛῖᾞοὲῗ</span> <span class='ocrx_word' id='word_1_1272' title='bbox 1750 3287 2057 3363; x_wconf 52' lang='lat' dir='ltr'>aiffjlfsialidefifiiia&#39;?</span> <span class='ocrx_word' id='word_1_1273' title='bbox 2065 3287 2319 3366; x_wconf 48' lang='lat' dir='ltr'>ggssfiffifffflgg</span> 
     </span>
    </p>

    <p class='ocr_par' dir='ltr' id='par_1_51' title="bbox 1264 3347 2320 3518">
     <span class='ocr_line' id='line_1_162' title="bbox 1917 3347 2262 3365; baseline 0.012 -4"><span class='ocrx_word' id='word_1_1274' title='bbox 1917 3347 1926 3361; x_wconf 70' lang='lat'>5</span> <span class='ocrx_word' id='word_1_1275' title='bbox 2254 3353 2262 3365; x_wconf 68' lang='lat'><em>3</em></span> 
     </span>
     <span class='ocr_line' id='line_1_163' title="bbox 1267 3348 2320 3402; baseline -0.003 -8"><span class='ocrx_word' id='word_1_1276' title='bbox 1267 3363 1368 3394; x_wconf 82' lang='lat' dir='ltr'>Abbas</span> <span class='ocrx_word' id='word_1_1277' title='bbox 1379 3364 1410 3394; x_wconf 85' lang='lat' dir='ltr'>de</span> <span class='ocrx_word' id='word_1_1278' title='bbox 1424 3348 1638 3402; x_wconf 62' lang='lat' dir='ltr'>Wynchecimbe,</span> <span class='ocrx_word' id='word_1_1279' title='bbox 1660 3373 1712 3401; x_wconf 88' lang='lat' dir='ltr'>pro</span> <span class='ocrx_word' id='word_1_1280' title='bbox 1727 3363 1805 3394; x_wconf 82' lang='lat' dir='ltr'>Statu</span> <span class='ocrx_word' id='word_1_1281' title='bbox 1821 3365 1892 3393; x_wconf 80' lang='lat' dir='ltr'>vero</span> <span class='ocrx_word' id='word_1_1282' title='bbox 1907 3363 2121 3400; x_wconf 83' lang='lat' dir='ltr'>Temporalium</span> <span class='ocrx_word' id='word_1_1283' title='bbox 2137 3365 2194 3394; x_wconf 77' lang='lat' dir='ltr'>tam</span> <span class='ocrx_word' id='word_1_1284' title='bbox 2217 3366 2320 3398; x_wconf 73' lang='lat' dir='ltr'>Nobi-</span> 
     </span>
     <span class='ocr_line' id='line_1_164' title="bbox 1264 3401 2316 3442; baseline 0.004 -10"><span class='ocrx_word' id='word_1_1285' title='bbox 1264 3403 1334 3433; x_wconf 90' lang='lat' dir='ltr'>lium</span> <span class='ocrx_word' id='word_1_1286' title='bbox 1349 3404 1434 3442; x_wconf 76' lang='lat' dir='ltr'>quam</span> <span class='ocrx_word' id='word_1_1287' title='bbox 1451 3401 1674 3434; x_wconf 86' lang='lat' dir='ltr'>Communitatis</span> <span class='ocrx_word' id='word_1_1288' title='bbox 1698 3402 1859 3432; x_wconf 85' lang='lat' dir='ltr'>earumdem</span> <span class='ocrx_word' id='word_1_1289' title='bbox 1886 3401 2016 3432; x_wconf 88' lang='lat' dir='ltr'>Civitatis</span> <span class='ocrx_word' id='word_1_1290' title='bbox 2036 3402 2070 3432; x_wconf 90' lang='lat'>&amp;</span> <span class='ocrx_word' id='word_1_1291' title='bbox 2091 3402 2231 3434; x_wconf 85' lang='lat' dir='ltr'>Dioecefis</span> <span class='ocrx_word' id='word_1_1292' title='bbox 2246 3408 2316 3436; x_wconf 72' lang='lat' dir='ltr'>Dux·</span> 
     </span>
     <span class='ocr_line' id='line_1_165' title="bbox 1266 3439 2320 3481; baseline -0.002 -10"><span class='ocrx_word' id='word_1_1293' title='bbox 1266 3440 1436 3480; x_wconf 63' lang='lat' dir='ltr'>Beafordiie,</span> <span class='ocrx_word' id='word_1_1294' title='bbox 1454 3444 1585 3471; x_wconf 84' lang='lat' dir='ltr'>Dominus</span> <span class='ocrx_word' id='word_1_1295' title='bbox 1598 3441 1631 3470; x_wconf 85' lang='lat' dir='ltr'>de</span> <span class='ocrx_word' id='word_1_1296' title='bbox 1644 3440 1813 3478; x_wconf 73' lang='lat' dir='ltr'>Beauchamp</span> <span class='ocrx_word' id='word_1_1297' title='bbox 1827 3439 1898 3470; x_wconf 84' lang='lat' dir='ltr'>Baro</span> <span class='ocrx_word' id='word_1_1298' title='bbox 1907 3464 1916 3478; x_wconf 89' lang='lat'>,</span> <span class='ocrx_word' id='word_1_1299' title='bbox 1931 3439 2075 3477; x_wconf 79' lang='lat' dir='ltr'>Johannes</span> <span class='ocrx_word' id='word_1_1300' title='bbox 2090 3441 2239 3481; x_wconf 79' lang='lat' dir='ltr'>Hudleston</span> <span class='ocrx_word' id='word_1_1301' title='bbox 2254 3444 2320 3475; x_wconf 72' lang='lat' dir='ltr'>Mi-</span> 
     </span>
     <span class='ocr_line' id='line_1_166' title="bbox 1267 3479 2137 3518; baseline -0.002 -8"><span class='ocrx_word' id='word_1_1302' title='bbox 1267 3480 1324 3516; x_wconf 90' lang='lat' dir='ltr'>les,</span> <span class='ocrx_word' id='word_1_1303' title='bbox 1342 3481 1375 3511; x_wconf 86' lang='lat'>&amp;</span> <span class='ocrx_word' id='word_1_1304' title='bbox 1391 3479 1536 3518; x_wconf 75' lang='lat' dir='ltr'>Johannes</span> <span class='ocrx_word' id='word_1_1305' title='bbox 1549 3482 1698 3518; x_wconf 73' lang='lat' dir='ltr'>Mortymer</span> <span class='ocrx_word' id='word_1_1306' title='bbox 1714 3479 1816 3517; x_wconf 70' lang='lat' dir='ltr'>Miles,</span> <span class='ocrx_word' id='word_1_1307' title='bbox 1834 3479 1866 3509; x_wconf 92' lang='lat'>&amp;</span> <span class='ocrx_word' id='word_1_1308' title='bbox 1883 3479 2059 3517; x_wconf 85' lang='lat' dir='ltr'>quamplures</span> <span class='ocrx_word' id='word_1_1309' title='bbox 2075 3480 2118 3508; x_wconf 81' lang='lat' dir='ltr'>alii</span> <span class='ocrx_word' id='word_1_1310' title='bbox 2129 3502 2137 3516; x_wconf 94' lang='lat'>,</span> 
     </span>
    </p>

    <p class='ocr_par' dir='ltr' id='par_1_52' title="bbox 1266 3516 2341 3740">
     <span class='ocr_line' id='line_1_167' title="bbox 1303 3516 2341 3552; baseline -0.001 -3"><span class='ocrx_word' id='word_1_1311' title='bbox 1303 3518 1362 3549; x_wconf 86' lang='lat' dir='ltr'>Pro</span> <span class='ocrx_word' id='word_1_1312' title='bbox 1383 3521 1462 3549; x_wconf 79' lang='lat' dir='ltr'>Statu</span> <span class='ocrx_word' id='word_1_1313' title='bbox 1487 3518 1683 3549; x_wconf 81' lang='lat' dir='ltr'>Ecclefiastico</span> <span class='ocrx_word' id='word_1_1314' title='bbox 1705 3519 1739 3550; x_wconf 89' lang='lat'>&amp;</span> <span class='ocrx_word' id='word_1_1315' title='bbox 1760 3516 1891 3548; x_wconf 87' lang='lat' dir='ltr'>Clericali</span> <span class='ocrx_word' id='word_1_1316' title='bbox 1907 3516 2037 3547; x_wconf 87' lang='lat' dir='ltr'>Civitatis</span> <span class='ocrx_word' id='word_1_1317' title='bbox 2056 3517 2090 3548; x_wconf 90' lang='lat'>&amp;</span> <span class='ocrx_word' id='word_1_1318' title='bbox 2110 3517 2254 3551; x_wconf 80' lang='lat' dir='ltr'>Dioecefis</span> <span class='ocrx_word' id='word_1_1319' title='bbox 2267 3521 2320 3552; x_wconf 79' lang='lat' dir='ltr'>Ba-</span> <span class='ocrx_word' id='word_1_1320' title='bbox 2339 3546 2341 3548; x_wconf 85' lang='lat'>.</span> 
     </span>
     <span class='ocr_line' id='line_1_168' title="bbox 1267 3555 2318 3596; baseline 0.003 -9"><span class='ocrx_word' id='word_1_1321' title='bbox 1267 3558 1348 3588; x_wconf 84' lang='lat' dir='ltr'>thoti.</span> <span class='ocrx_word' id='word_1_1322' title='bbox 1366 3557 1400 3588; x_wconf 92' lang='lat'>&amp;</span> <span class='ocrx_word' id='word_1_1323' title='bbox 1420 3557 1547 3587; x_wconf 74' lang='lat' dir='ltr'>VVellen.</span> <span class='ocrx_word' id='word_1_1324' title='bbox 1566 3556 1722 3595; x_wconf 87' lang='lat' dir='ltr'>Episcopus</span> <span class='ocrx_word' id='word_1_1325' title='bbox 1746 3555 1835 3586; x_wconf 89' lang='lat' dir='ltr'>nullus</span> <span class='ocrx_word' id='word_1_1326' title='bbox 1857 3555 1920 3593; x_wconf 88' lang='lat' dir='ltr'>quia</span> <span class='ocrx_word' id='word_1_1327' title='bbox 1939 3555 2024 3586; x_wconf 89' lang='lat' dir='ltr'>Sedes</span> <span class='ocrx_word' id='word_1_1328' title='bbox 2047 3557 2166 3588; x_wconf 83' lang='lat' dir='ltr'>vacabat</span> <span class='ocrx_word' id='word_1_1329' title='bbox 2183 3582 2193 3596; x_wconf 93' lang='lat'>,</span> <span class='ocrx_word' id='word_1_1330' title='bbox 2219 3560 2318 3590; x_wconf 79' lang='lat' dir='ltr'>Abbas</span> 
     </span>
     <span class='ocr_line' id='line_1_169' title="bbox 1267 3593 2318 3637; baseline 0.003 -12"><span class='ocrx_word' id='word_1_1331' title='bbox 1267 3595 1456 3635; x_wconf 73' lang='lat' dir='ltr'>Glaston3pro</span> <span class='ocrx_word' id='word_1_1332' title='bbox 1468 3595 1545 3626; x_wconf 85' lang='lat' dir='ltr'>Statu</span> <span class='ocrx_word' id='word_1_1333' title='bbox 1560 3598 1629 3626; x_wconf 82' lang='lat' dir='ltr'>vero</span> <span class='ocrx_word' id='word_1_1334' title='bbox 1645 3593 1863 3637; x_wconf 84' lang='lat' dir='ltr'>Temporalium</span> <span class='ocrx_word' id='word_1_1335' title='bbox 1875 3594 1934 3624; x_wconf 79' lang='lat' dir='ltr'>tam</span> <span class='ocrx_word' id='word_1_1336' title='bbox 1951 3593 2107 3624; x_wconf 87' lang='lat' dir='ltr'>Nobilium</span> <span class='ocrx_word' id='word_1_1337' title='bbox 2122 3598 2206 3634; x_wconf 75' lang='lat' dir='ltr'>quam</span> <span class='ocrx_word' id='word_1_1338' title='bbox 2222 3597 2318 3628; x_wconf 88' lang='lat' dir='ltr'>Corn-</span> 
     </span>
     <span class='ocr_line' id='line_1_170' title="bbox 1268 3631 2317 3676; baseline 0.001 -12"><span class='ocrx_word' id='word_1_1339' title='bbox 1268 3636 1410 3665; x_wconf 86' lang='lat' dir='ltr'>munitatis</span> <span class='ocrx_word' id='word_1_1340' title='bbox 1429 3635 1592 3664; x_wconf 87' lang='lat' dir='ltr'>earumdem</span> <span class='ocrx_word' id='word_1_1341' title='bbox 1614 3632 1744 3664; x_wconf 88' lang='lat' dir='ltr'>Civitatis</span> <span class='ocrx_word' id='word_1_1342' title='bbox 1766 3633 1799 3663; x_wconf 68' lang='grc' dir='ltr'>ὃς</span> <span class='ocrx_word' id='word_1_1343' title='bbox 1824 3631 1965 3663; x_wconf 84' lang='lat' dir='ltr'>Dioecefis</span> <span class='ocrx_word' id='word_1_1344' title='bbox 1986 3635 2118 3662; x_wconf 84' lang='lat' dir='ltr'>Dominus</span> <span class='ocrx_word' id='word_1_1345' title='bbox 2135 3635 2167 3663; x_wconf 83' lang='lat' dir='ltr'>de</span> <span class='ocrx_word' id='word_1_1346' title='bbox 2185 3636 2317 3676; x_wconf 71' lang='lat' dir='ltr'>Daubney</span> 
     </span>
     <span class='ocr_line' id='line_1_171' title="bbox 1266 3670 2085 3740; baseline -0.002 -38"><span class='ocrx_word' id='word_1_1347' title='bbox 1266 3672 1356 3710; x_wconf 85' lang='lat' dir='ltr'>Baro,</span> <span class='ocrx_word' id='word_1_1348' title='bbox 1374 3674 1407 3704; x_wconf 89' lang='lat'>&amp;</span> <span class='ocrx_word' id='word_1_1349' title='bbox 1424 3671 1544 3740; x_wconf 53' lang='grc' dir='ltr'>Ληιὲβισ</span> <span class='ocrx_word' id='word_1_1350' title='bbox 1555 3671 1653 3701; x_wconf 80' lang='lat' dir='ltr'>Paulet</span> <span class='ocrx_word' id='word_1_1351' title='bbox 1670 3671 1774 3709; x_wconf 87' lang='lat' dir='ltr'>Miles,</span> <span class='ocrx_word' id='word_1_1352' title='bbox 1789 3671 1823 3701; x_wconf 89' lang='lat'>&amp;</span> <span class='ocrx_word' id='word_1_1353' title='bbox 1835 3670 2012 3708; x_wconf 67' lang='lat' dir='ltr'>quamplures</span> <span class='ocrx_word' id='word_1_1354' title='bbox 2023 3670 2085 3709; x_wconf 88' lang='lat' dir='ltr'>alii,</span> 
     </span>
    </p>

    <p class='ocr_par' dir='ltr' id='par_1_53' title="bbox 1265 3708 2319 3869">
     <span class='ocr_line' id='line_1_172' title="bbox 1304 3708 2319 3744; baseline 0.002 -4"><span class='ocrx_word' id='word_1_1355' title='bbox 1304 3710 1362 3741; x_wconf 92' lang='lat' dir='ltr'>Pro</span> <span class='ocrx_word' id='word_1_1356' title='bbox 1385 3711 1462 3742; x_wconf 89' lang='lat' dir='ltr'>Statu</span> <span class='ocrx_word' id='word_1_1357' title='bbox 1499 3709 1677 3740; x_wconf 77' lang='lat' dir='ltr'>&#39;celeliastico</span> <span class='ocrx_word' id='word_1_1358' title='bbox 1697 3710 1729 3740; x_wconf 68' lang='grc' dir='ltr'>ὃς</span> <span class='ocrx_word' id='word_1_1359' title='bbox 1751 3709 1882 3739; x_wconf 82' lang='lat' dir='ltr'>Clericali</span> <span class='ocrx_word' id='word_1_1360' title='bbox 1897 3708 2030 3740; x_wconf 88' lang='lat' dir='ltr'>Civitatis</span> <span class='ocrx_word' id='word_1_1361' title='bbox 2043 3710 2076 3740; x_wconf 89' lang='lat'>&amp;</span> <span class='ocrx_word' id='word_1_1362' title='bbox 2095 3709 2235 3741; x_wconf 80' lang='lat' dir='ltr'>Dioecefis</span> <span class='ocrx_word' id='word_1_1363' title='bbox 2250 3712 2319 3744; x_wconf 74' lang='lat' dir='ltr'>Du-‘</span> 
     </span>
     <span class='ocr_line' id='line_1_173' title="bbox 1265 3746 2315 3788; baseline 0.002 -9"><span class='ocrx_word' id='word_1_1364' title='bbox 1265 3749 1416 3779; x_wconf 78' lang='lat' dir='ltr'>nolmenfis</span> <span class='ocrx_word' id='word_1_1365' title='bbox 1436 3748 1575 3788; x_wconf 74' lang='lat' dir='ltr'>Episcopus</span> <span class='ocrx_word' id='word_1_1366' title='bbox 1596 3746 1805 3787; x_wconf 69' lang='lat' dir='ltr'>Dunolmenfis,</span> <span class='ocrx_word' id='word_1_1367' title='bbox 1825 3757 1878 3785; x_wconf 87' lang='lat' dir='ltr'>pto</span> <span class='ocrx_word' id='word_1_1368' title='bbox 1898 3746 1976 3777; x_wconf 89' lang='lat' dir='ltr'>Statu</span> <span class='ocrx_word' id='word_1_1369' title='bbox 1999 3750 2072 3778; x_wconf 80' lang='lat' dir='ltr'>vero</span> <span class='ocrx_word' id='word_1_1370' title='bbox 2094 3749 2315 3786; x_wconf 82' lang='lat' dir='ltr'>Temporalium</span> 
     </span>
     <span class='ocr_line' id='line_1_174' title="bbox 1265 3785 2317 3823; baseline 0.001 -5"><span class='ocrx_word' id='word_1_1371' title='bbox 1265 3787 1324 3818; x_wconf 70' lang='lat' dir='ltr'>tam</span> <span class='ocrx_word' id='word_1_1372' title='bbox 1347 3787 1502 3818; x_wconf 89' lang='lat' dir='ltr'>Nobilium</span> <span class='ocrx_word' id='word_1_1373' title='bbox 1527 3786 1613 3823; x_wconf 70' lang='lat' dir='ltr'>quam</span> <span class='ocrx_word' id='word_1_1374' title='bbox 1635 3785 1860 3816; x_wconf 86' lang='lat' dir='ltr'>Communitatis</span> <span class='ocrx_word' id='word_1_1375' title='bbox 1880 3785 2000 3823; x_wconf 84' lang='lat' dir='ltr'>ejusdem</span> <span class='ocrx_word' id='word_1_1376' title='bbox 2028 3785 2170 3816; x_wconf 85' lang='lat' dir='ltr'>Dioecesis</span> <span class='ocrx_word' id='word_1_1377' title='bbox 2201 3788 2317 3819; x_wconf 74' lang='lat' dir='ltr'>Thomas</span> 
     </span>
     <span class='ocr_line' id='line_1_175' title="bbox 1266 3823 2272 3869; baseline 0.001 -13"><span class='ocrx_word' id='word_1_1378' title='bbox 1266 3825 1380 3865; x_wconf 82' lang='lat' dir='ltr'>Lumley</span> <span class='ocrx_word' id='word_1_1379' title='bbox 1394 3826 1524 3869; x_wconf 74' lang='lat' dir='ltr'>Armiger</span> <span class='ocrx_word' id='word_1_1380' title='bbox 1539 3825 1570 3854; x_wconf 70' lang='grc' dir='ltr'>ὅτ.</span> <span class='ocrx_word' id='word_1_1381' title='bbox 1586 3826 1712 3861; x_wconf 80' lang='lat' dir='ltr'>Georgius</span> <span class='ocrx_word' id='word_1_1382' title='bbox 1724 3827 1837 3853; x_wconf 76' lang='lat' dir='ltr'>Maners</span> <span class='ocrx_word' id='word_1_1383' title='bbox 1854 3823 1953 3862; x_wconf 80' lang='lat' dir='ltr'>Miles,</span> <span class='ocrx_word' id='word_1_1384' title='bbox 1972 3825 2005 3856; x_wconf 88' lang='lat'>&amp;</span> <span class='ocrx_word' id='word_1_1385' title='bbox 2021 3825 2195 3862; x_wconf 85' lang='lat' dir='ltr'>quamplures</span> <span class='ocrx_word' id='word_1_1386' title='bbox 2210 3827 2272 3865; x_wconf 85' lang='lat' dir='ltr'>alii,</span> 
     </span>
    </p>

    <p class='ocr_par' dir='ltr' id='par_1_54' title="bbox 1266 3861 2320 4093">
     <span class='ocr_line' id='line_1_176' title="bbox 1304 3861 2317 3896; baseline 0 -3"><span class='ocrx_word' id='word_1_1387' title='bbox 1304 3863 1364 3894; x_wconf 91' lang='lat' dir='ltr'>Pro</span> <span class='ocrx_word' id='word_1_1388' title='bbox 1386 3865 1463 3895; x_wconf 89' lang='lat' dir='ltr'>Statu</span> <span class='ocrx_word' id='word_1_1389' title='bbox 1484 3861 1680 3893; x_wconf 60' lang='lat' dir='ltr'>ecclesiastico</span> <span class='ocrx_word' id='word_1_1390' title='bbox 1699 3862 1732 3892; x_wconf 88' lang='lat'>&amp;</span> <span class='ocrx_word' id='word_1_1391' title='bbox 1753 3861 1886 3893; x_wconf 87' lang='lat' dir='ltr'>Clericali</span> <span class='ocrx_word' id='word_1_1392' title='bbox 1902 3861 2031 3894; x_wconf 87' lang='lat' dir='ltr'>Civitatis</span> <span class='ocrx_word' id='word_1_1393' title='bbox 2052 3862 2084 3891; x_wconf 69' lang='grc' dir='ltr'>ὃ(</span> <span class='ocrx_word' id='word_1_1394' title='bbox 2101 3863 2240 3893; x_wconf 82' lang='lat' dir='ltr'>Dicecefis</span> <span class='ocrx_word' id='word_1_1395' title='bbox 2253 3865 2317 3896; x_wconf 90' lang='lat' dir='ltr'>Co-</span> 
     </span>
     <span class='ocr_line' id='line_1_177' title="bbox 1268 3899 2317 3943; baseline -0.005 -10"><span class='ocrx_word' id='word_1_1396' title='bbox 1268 3903 1387 3933; x_wconf 81' lang='lat' dir='ltr'>ventriae</span> <span class='ocrx_word' id='word_1_1397' title='bbox 1401 3904 1433 3934; x_wconf 92' lang='lat'>&amp;</span> <span class='ocrx_word' id='word_1_1398' title='bbox 1451 3900 1615 3931; x_wconf 83' lang='lat' dir='ltr'>Licbfcldiae</span> <span class='ocrx_word' id='word_1_1399' title='bbox 1631 3899 1772 3939; x_wconf 80' lang='lat' dir='ltr'>Epifiopus</span> <span class='ocrx_word' id='word_1_1400' title='bbox 1784 3901 1969 3941; x_wconf 79' lang='lat' dir='ltr'>coventrensis</span> <span class='ocrx_word' id='word_1_1401' title='bbox 1981 3899 2019 3934; x_wconf 83' lang='lat'><em>&amp;</em></span> <span class='ocrx_word' id='word_1_1402' title='bbox 2033 3899 2225 3943; x_wconf 83' lang='lat' dir='ltr'>Lichfeldenfis</span> <span class='ocrx_word' id='word_1_1403' title='bbox 2234 3926 2243 3940; x_wconf 90' lang='lat'>,</span> <span class='ocrx_word' id='word_1_1404' title='bbox 2251 3904 2317 3934; x_wconf 80' lang='lat' dir='ltr'>Ab-</span> 
     </span>
     <span class='ocr_line' id='line_1_178' title="bbox 1267 3938 2317 3980; baseline -0.001 -10"><span class='ocrx_word' id='word_1_1405' title='bbox 1267 3941 1316 3971; x_wconf 87' lang='lat' dir='ltr'>bas</span> <span class='ocrx_word' id='word_1_1406' title='bbox 1327 3940 1453 3979; x_wconf 78' lang='lat' dir='ltr'>Salopiae,</span> <span class='ocrx_word' id='word_1_1407' title='bbox 1472 3941 1504 3971; x_wconf 69' lang='grc' dir='ltr'>ὃς</span> <span class='ocrx_word' id='word_1_1408' title='bbox 1520 3941 1597 3968; x_wconf 88' lang='lat' dir='ltr'>Prior</span> <span class='ocrx_word' id='word_1_1409' title='bbox 1610 3938 1643 3968; x_wconf 84' lang='lat' dir='ltr'>de</span> <span class='ocrx_word' id='word_1_1410' title='bbox 1658 3942 1827 3975; x_wconf 81' lang='lat' dir='ltr'>Coventria;</span> <span class='ocrx_word' id='word_1_1411' title='bbox 1846 3949 1898 3977; x_wconf 86' lang='lat' dir='ltr'>pro</span> <span class='ocrx_word' id='word_1_1412' title='bbox 1911 3940 1986 3969; x_wconf 83' lang='lat' dir='ltr'>Statu</span> <span class='ocrx_word' id='word_1_1413' title='bbox 2008 3947 2078 3980; x_wconf 72' lang='lat' dir='ltr'>vero</span> <span class='ocrx_word' id='word_1_1414' title='bbox 2095 3939 2317 3977; x_wconf 79' lang='lat' dir='ltr'>Temporalium</span> 
     </span>
     <span class='ocr_line' id='line_1_179' title="bbox 1266 3976 2318 4018; baseline 0 -8"><span class='ocrx_word' id='word_1_1415' title='bbox 1266 3979 1300 4010; x_wconf 90' lang='lat'>&amp;</span> <span class='ocrx_word' id='word_1_1416' title='bbox 1318 3978 1542 4010; x_wconf 85' lang='lat' dir='ltr'>Communitatis</span> <span class='ocrx_word' id='word_1_1417' title='bbox 1554 3977 1718 4007; x_wconf 84' lang='lat' dir='ltr'>earumdem</span> <span class='ocrx_word' id='word_1_1418' title='bbox 1735 3977 1866 4008; x_wconf 89' lang='lat' dir='ltr'>Civitatis</span> <span class='ocrx_word' id='word_1_1419' title='bbox 1879 3977 1912 4007; x_wconf 74' lang='grc' dir='ltr'>δε</span> <span class='ocrx_word' id='word_1_1420' title='bbox 1927 3976 2066 4018; x_wconf 81' lang='lat' dir='ltr'>Dioecelis</span> <span class='ocrx_word' id='word_1_1421' title='bbox 2086 3981 2176 4007; x_wconf 74' lang='lat' dir='ltr'>Comes</span> <span class='ocrx_word' id='word_1_1422' title='bbox 2191 3980 2318 4018; x_wconf 69' lang='lat' dir='ltr'>Derbice,</span> 
     </span>
     <span class='ocr_line' id='line_1_180' title="bbox 1267 4013 2320 4053; baseline 0.001 -5"><span class='ocrx_word' id='word_1_1423' title='bbox 1267 4021 1399 4047; x_wconf 85' lang='lat' dir='ltr'>Dominus</span> <span class='ocrx_word' id='word_1_1424' title='bbox 1421 4015 1446 4045; x_wconf 83' lang='lat' dir='ltr'>le</span> <span class='ocrx_word' id='word_1_1425' title='bbox 1469 4019 1600 4052; x_wconf 80' lang='lat' dir='ltr'>straunge</span> <span class='ocrx_word' id='word_1_1426' title='bbox 1621 4015 1712 4053; x_wconf 86' lang='lat' dir='ltr'>Bato,</span> <span class='ocrx_word' id='word_1_1427' title='bbox 1732 4019 1861 4045; x_wconf 77' lang='lat' dir='ltr'>Dominus</span> <span class='ocrx_word' id='word_1_1428' title='bbox 1875 4015 1906 4044; x_wconf 88' lang='lat' dir='ltr'>de</span> <span class='ocrx_word' id='word_1_1429' title='bbox 1920 4014 2026 4053; x_wconf 81' lang='lat' dir='ltr'>Dudley</span> <span class='ocrx_word' id='word_1_1430' title='bbox 2043 4013 2132 4053; x_wconf 81' lang='lat' dir='ltr'>Bato,</span> <span class='ocrx_word' id='word_1_1431' title='bbox 2152 4019 2249 4047; x_wconf 70' lang='lat' dir='ltr'>Petrus</span> <span class='ocrx_word' id='word_1_1432' title='bbox 2262 4021 2320 4049; x_wconf 84' lang='lat' dir='ltr'>Lee</span> 
     </span>
     <span class='ocr_line' id='line_1_181' title="bbox 1267 4052 2160 4093; baseline -0.002 -7"><span class='ocrx_word' id='word_1_1433' title='bbox 1267 4056 1369 4093; x_wconf 88' lang='lat' dir='ltr'>Miles,</span> <span class='ocrx_word' id='word_1_1434' title='bbox 1387 4056 1419 4086; x_wconf 75' lang='grc' dir='ltr'>δε</span> <span class='ocrx_word' id='word_1_1435' title='bbox 1433 4052 1593 4091; x_wconf 72' lang='lat' dir='ltr'>Ham-fridus</span> <span class='ocrx_word' id='word_1_1436' title='bbox 1603 4052 1714 4092; x_wconf 84' lang='lat' dir='ltr'>Stanley</span> <span class='ocrx_word' id='word_1_1437' title='bbox 1730 4053 1832 4090; x_wconf 85' lang='lat' dir='ltr'>Miles,</span> <span class='ocrx_word' id='word_1_1438' title='bbox 1850 4054 1883 4083; x_wconf 67' lang='grc' dir='ltr'>ὅ(</span> <span class='ocrx_word' id='word_1_1439' title='bbox 1896 4055 2075 4089; x_wconf 86' lang='lat' dir='ltr'>quamplures</span> <span class='ocrx_word' id='word_1_1440' title='bbox 2092 4054 2133 4084; x_wconf 78' lang='lat' dir='ltr'>alii</span> <span class='ocrx_word' id='word_1_1441' title='bbox 2151 4078 2160 4093; x_wconf 88' lang='lat'>,</span> 
     </span>
    </p>

    <p class='ocr_par' dir='ltr' id='par_1_55' title="bbox 1266 4090 2321 4178">
     <span class='ocr_line' id='line_1_182' title="bbox 1304 4090 2321 4125; baseline 0.001 -1"><span class='ocrx_word' id='word_1_1442' title='bbox 1304 4093 1364 4124; x_wconf 88' lang='lat' dir='ltr'>Pro</span> <span class='ocrx_word' id='word_1_1443' title='bbox 1378 4093 1454 4123; x_wconf 82' lang='lat' dir='ltr'>Statu</span> <span class='ocrx_word' id='word_1_1444' title='bbox 1471 4092 1667 4123; x_wconf 83' lang='lat' dir='ltr'>Ecclesiastico</span> <span class='ocrx_word' id='word_1_1445' title='bbox 1683 4093 1717 4123; x_wconf 89' lang='lat'>&amp;</span> <span class='ocrx_word' id='word_1_1446' title='bbox 1731 4091 1862 4122; x_wconf 88' lang='lat' dir='ltr'>Clericali</span> <span class='ocrx_word' id='word_1_1447' title='bbox 1879 4090 2010 4122; x_wconf 86' lang='lat' dir='ltr'>Civitatis</span> <span class='ocrx_word' id='word_1_1448' title='bbox 2023 4091 2057 4122; x_wconf 93' lang='lat'>&amp;</span> <span class='ocrx_word' id='word_1_1449' title='bbox 2080 4091 2222 4124; x_wconf 84' lang='lat' dir='ltr'>Dioecefis</span> <span class='ocrx_word' id='word_1_1450' title='bbox 2242 4095 2321 4125; x_wconf 48' lang='lat' dir='ltr'>Ero}</span> 
     </span>
     <span class='ocr_line' id='line_1_183' title="bbox 1266 4129 2321 4178; baseline 0.004 -18"><span class='ocrx_word' id='word_1_1451' title='bbox 1266 4133 1323 4164; x_wconf 83' lang='lat' dir='ltr'>niae</span> <span class='ocrx_word' id='word_1_1452' title='bbox 1336 4131 1475 4171; x_wconf 72' lang='lat' dir='ltr'>Eptfiopus</span> <span class='ocrx_word' id='word_1_1453' title='bbox 1492 4130 1666 4170; x_wconf 70' lang='lat' dir='ltr'>Exontenfis5</span> <span class='ocrx_word' id='word_1_1454' title='bbox 1686 4140 1739 4169; x_wconf 88' lang='lat' dir='ltr'>pto</span> <span class='ocrx_word' id='word_1_1455' title='bbox 1751 4130 1830 4161; x_wconf 87' lang='lat' dir='ltr'>Statu</span> <span class='ocrx_word' id='word_1_1456' title='bbox 1843 4131 1916 4161; x_wconf 75' lang='lat' dir='ltr'>vero</span> <span class='ocrx_word' id='word_1_1457' title='bbox 1935 4129 2151 4170; x_wconf 76' lang='lat' dir='ltr'>Temporalium</span> <span class='ocrx_word' id='word_1_1458' title='bbox 2172 4135 2230 4178; x_wconf 72' lang='lat' dir='ltr'>tam</span> <span class='ocrx_word' id='word_1_1459' title='bbox 2252 4134 2321 4175; x_wconf 55' lang='lat' dir='ltr'>Ne»</span> 
     </span>
    </p>

    <p class='ocr_par' dir='ltr' id='par_1_56' title="bbox 2224 4180 2321 4201">
     <span class='ocr_line' id='line_1_184' title="bbox 2224 4180 2321 4201; baseline 0.031 -5"><span class='ocrx_word' id='word_1_1460' title='bbox 2224 4180 2321 4201; x_wconf 53' lang='lat' dir='ltr'>tulitin]</span> 
     </span>
    </p>
   </div>
   <div class='ocr_carea' id='block_1_22' title="bbox 2339 2172 2443 2249">
    <p class='ocr_par' dir='ltr' id='par_1_57' title="bbox 2339 2172 2443 2249">
     <span class='ocr_line' id='line_1_185' title="bbox 2339 2172 2443 2202; baseline 0.01 -1"><span class='ocrx_word' id='word_1_1461' title='bbox 2339 2172 2359 2192; x_wconf 70' lang='lat'>⁸</span> <span class='ocrx_word' id='word_1_1462' title='bbox 2378 2174 2443 2202; x_wconf 32' lang='lat' dir='ltr'>xit,</span> 
     </span>
     <span class='ocr_line' id='line_1_186' title="bbox 2342 2221 2407 2249; baseline 0 -9"><span class='ocrx_word' id='word_1_1463' title='bbox 2342 2221 2407 2249; x_wconf 84' lang='lat'><strong>7¹1·</strong></span> 
     </span>
    </p>
   </div>
  </div>
 </body>
</html>
