2555 4266
0 1961 14 1978 “
38 1962 91 1991 xl.

0 2007 63 2037 703-

700 168 811 211 ET
894 173 1165 215 ACTA

0 251 64 284 ann.
80 250 120 283 D⁴
140 258 193 289 pro
215 258 346 288 tempore
368 249 564 290 existentium,
590 252 624 284 ad
646 253 803 288 Terminos
819 258 968 296 praedictos
983 285 993 298 ,
1019 271 1068 299 per
1089 260 1208 299 aequales

0 301 96 366 25³5.

141 290 198 320 Por
204 291 292 320 tiones
300 312 309 327 ‚

178 328 213 358 Et
227 330 335 365 Viginti
349 327 451 358 Libras
466 339 514 367 per
531 329 665 368 Annum,
686 332 879 366 Habendas&
895 336 1090 376 percipiendas
1104 346 1208 366 annua-

141 366 214 404 tim,
237 377 253 397 a
274 366 354 396 dieto
375 366 462 397 Festo
486 368 583 399 saneti
608 370 759 403 Michaelis
783 374 887 405 ultimo
909 376 1073 413 praererito,
1090 375 1208 412 praefato

141 409 214 435 Duci
229 405 394 443 clamem,
409 415 462 442 pro
476 407 620 440 Termino
630 411 702 441 Virae
718 414 773 441 sua:
786 413 946 451 praediilae,
963 413 999 442 de
1015 413 1108 443 Firma
1124 415 1152 442 V
1153 412 1208 441 illae

139 442 274 482 Dorfi‘tiae
291 453 363 473 cum
376 444 572 484 Pertinenriis‚
592 458 643 485 per
662 449 767 480 Manus
790 450 971 488 Burgenfium
987 451 1109 487 ejusdem
1123 450 1209 494 Villae

139 482 300 519 Dorsetiae,
319 481 481 514 Haeredum
499 486 532 515 ὅς
549 486 752 517 Succefforum
767 488 900 525 suorum,
918 491 963 518 vel
972 488 1134 532 perManus
1142 488 1208 519 Vic.

141 520 347 551 Comitatuum
361 522 543 554 Somersetiae
565 525 599 555 ὃ(
615 525 770 561 Βοτίὲῑίτε,
788 535 842 564 pro
858 535 988 566 tempore
1006 527 1208 566 existentium,

136 558 171 588 ad
187 557 346 589 Terminos
360 562 530 602 praedietos,
552 572 602 600 per
618 564 736 601 aequales
749 564 911 601 Portiones,

176 595 213 626 Et
228 600 372 628 Duodecim
388 600 492 630 Libras
509 611 556 638 per
575 601 712 638 Annum,
738 611 804 638 quas
825 602 978 642 Abbatrffa
997 604 1029 632 &
1053 607 1210 634 Conventus

140 635 171 664 de
185 635 380 677 shaftesbrcry,
396 639 429 669 &
443 638 621 670 Succeffores
634 639 672 668 sui
688 639 794 671 solvere
808 640 912 671 debent
928 653 980 680 pro
998 641 1137 674 Custodia
1147 643 1173 672 V
1177 645 1210 673 il-

140 673 177 703 lae
196 674 232 704 de
249 676 449 715 §haftesburffi
466 677 623 708 Habendas
643 678 676 707 &
695 677 892 716 Percipiendas
911 683 1072 719 annuatim,
1091 693 1106 713 a
1127 682 1210 713 dieto

141 712 227 742 Festo
245 714 340 746 SanCti
355 715 504 745 Michaelis
521 716 623 745 ultimo
639 717 784 752 praeterito
806 719 925 755 praefato
948 722 1020 749 Duci
1045 720 1210 758 clare-mie,

142 761 195 790 pro
211 752 354 783 Termino
369 753 445 784 Vitae
459 753 513 783 suae
528 753 690 791 praedictae,
709 765 756 791 per
772 755 880 787 Manus
903 757 989 788 dietae
1007 760 1164 797 Abbattssae
1178 761 1212 790 ὃς

144 793 320 828 Conventus,
338 792 371 821 δε
394 791 598 822 Successorum
612 793 744 834 suorum,
763 795 808 824 vel
825 804 873 833 per
895 795 1001 828 Manus
1022 798 1088 828 Vic.
1111 798 1214 828 Corni-

141 836 251 859 tatuum
264 829 442 860 Somersen'ae
464 830 497 860 &
512 829 653 860 Dorsetiae
672 842 723 869 pro
736 843 866 871 tempore
887 835 1066 866 existentium
1087 837 1124 867 ad
1137 837 1215 867 Ter-

143 869 238 898 minos
262 868 429 905 praedistos,
446 877 495 904 per
516 869 637 906 aequaies
652 869 820 911 Portiones,

181 905 219 936 Et
234 909 331 935 Decem
347 904 386 939 ὠ
401 908 469 936 Οέῖο
482 907 585 936 Libras
602 919 633 937 ac
648 920 731 938 unum
760 913 816 940 Par
833 910 986 942 Calcarium
1009 916 1213 943 Deauratorum

145 953 195 981 per
212 944 348 982 Annum,
368 954 421 980 pro
436 945 531 976 Firma
549 950 672 977 Manerii
692 949 722 977 de
742 950 897 990 Penrestoke
923 961 991 981 curn
1014 952 1211 990 Pertinentiis,

143 984 174 1012 in
190 980 339 1013 Comitatu
355 982 511 1022 Dorsetiae,
532 996 595 1024 quae
609 986 757 1025 Johannes
777 988 944 1028 Wssoxlmle,
965 992 997 1022 &
1016 990 1154 1021 Haeredes
1171 991 1211 1021 sui

144 1021 250 1051 solvere
264 1020 389 1059 debent,
407 1022 563 1054 Habendas
584 1026 617 1056 ὃς
634 1026 831 1063 Percipiendas
849 1031 1011 1067 annuatim,
1029 1041 1045 1060 a
1064 1029 1144 1060 dieto
1158 1029 1212 1060 Fe-

144 1059 189 1089 sto
206 1058 304 1089 Sanffi
324 1060 477 1092 Michaelis
492 1062 597 1094 ultimo
621 1066 763 1101 praeterito
780 1089 788 1104 ,
813 1067 932 1105 praefato
955 1070 1025 1097 Duci
1047 1067 1212 1106 Clarenciae,

143 1107 196 1135 pro
213 1096 358 1129 Termino
386 1099 462 1130 Vitae
480 1102 535 1131 suae
557 1103 717 1141 praedic‘tae,
736 1114 784 1142 per
810 1105 915 1135 Manus
936 1106 1131 1145 Tenentium,
1149 1106 1211 1136 Fir-

143 1136 318 1174 mariorum,
339 1137 527 1178 Ballivorum,
550 1141 593 1171 vel
615 1142 834 1180 Occupatorum
856 1144 980 1181 ejusdem
1006 1145 1143 1183 Manerii,
1166 1145 1212 1189 yel

143 1184 195 1211 per
213 1174 320 1206 Manus
336 1176 401 1207 Vic.
422 1179 589 1210 eorumdem
604 1179 805 1212 Comitatuum
819 1182 994 1213 SomersetiJe
1011 1184 1044 1214 &
1061 1184 1212 1222 Dorsettae,

144 1223 198 1256 pro
214 1222 342 1252 tempore
356 1216 537 1249 existentium
553 1218 588 1249 ad
596 1218 753 1250 Terminos
767 1220 919 1258 praedietos
938 1232 986 1260 per
1003 1224 1124 1261 aequales
1141 1222 1213 1253 Por-

146 1260 238 1283 tiones

182 1290 221 1320 Et
240 1275 365 1329 1'312ginta
388 1291 425 1328 &-
442 1294 573 1335 Quinque
600 1295 703 1326 Libras
726 1306 774 1337 per
799 1297 918 1329 Annum
937 1321 946 1335 ,
974 1309 1041 1336 quas
1067 1299 1214 1338 Burgenst’s

148 1332 264 1359 Oxoniae
280 1331 385 1361 solvere
398 1333 503 1363 debent
518 1344 571 1371 pro
590 1334 685 1365 Firma
700 1335 787 1365 dietae
811 1339 839 1365 V
840 1336 896 1367 illae
914 1341 1045 1375 Oxoniae,
1060 1337 1215 1369 Habendas

145 1369 180 1398 ὃς
201 1367 398 1407 Percipiendas
411 1374 574 1409 annuatim,
593 1383 608 1402 a
621 1373 703 1403 dicto
718 1373 801 1404 Festo
817 1375 917 1407 Sancti
941 1375 1093 1407 Michaelis
1111 1379 1214 1409 ultimo

146 1409 311 1446 praeteriro,
329 1409 446 1445 praefato
467 1413 538 1440 Duri
556 1409 720 1450 Clarenciae,
739 1423 794 1450 pro
815 1413 962 1444 Termino
978 1415 1052 1445 Vitae
1073 1416 1128 1446 suae
1144 1426 1217 1455 prae-

146 1445 249 1484 dietae,
268 1456 316 1483 per
331 1446 438 1478 Manus
453 1448 626 1488 Burgenfium
641 1448 756 1489 ejusdem
774 1451 854 1481 Villae
874 1453 908 1483 &
921 1452 1078 1484 Haeredum
1094 1457 1127 1487 &
1143 1456 1216 1485 Suc-

146 1483 293 1515 cessorum
305 1485 439 1525 suorum,
458 1488 503 1517 vel
521 1498 571 1526 per
586 1487 692 1519 Manus
708 1489 896 1521 Vicecomitis
914 1491 1117 1523 Comitatuum
1131 1492 1216 1523 Oxo—

149 1524 205 1552 nia:
223 1525 257 1554 ὃς
273 1523 359 1554 Berks
373 1535 426 1562 pro
447 1533 576 1565 tempore
597 1527 754 1566 existentis,
773 1528 807 1558 ad
825 1529 981 1561 Terminos
998 1531 1150 1570 praedijs
1166 1542 1214 1572 per

145 1562 265 1599 aequales
282 1561 448 1600 Portiones,

185 1599 223 1629 Et
239 1600 385 1638 Tresdecim
404 1601 509 1631 Libras
524 1605 669 1634 annuatim
681 1627 690 1642 ,
710 1615 777 1643 quas
796 1605 942 1645 Johannes
960 1609 1064 1638 Norres
1082 1608 1216 1649 Armiger

144 1639 180 1669 &
195 1637 362 1668 Willielmus
374 1639 458 1669 filius
471 1640 528 1678 ejus
542 1641 649 1673 solvere
672 1644 777 1674 debent
800 1655 853 1684 pro
873 1644 1012 1677 Custodia
1028 1647 1151 1679 Manerii
1180 1648 1215 1680 de

143 1675 291 1714 Benham‚
311 1677 374 1708 alias
387 1678 496 1709 dietum
511 1679 639 1711 Benham
654 1681 778 1720 Lovell,
795 1693 866 1714 cum
888 1684 1083 1724 pertinentiis,
1100 1688 1130 1716 in
1151 1685 1216 1717 Co-

149 1715 249 1745 miratu
271 1715 374 1754 Berks,
399 1717 433 1748 &
452 1717 577 1749 duorum
604 1720 837 1760 Mesuagiorum,
860 1722 990 1753 Duarum
1011 1724 1215 1756 Carucararum

145 1752 258 1792 Terrae,
273 1754 389 1792 Qadra
410 1756 467 1786 inta
481 1756 620 1788 Acrarum
628 1757 702 1789 Prati
718 1760 751 1790 &
767 1759 876 1800 Viginti
892 1762 1029 1793 Act-arum
1048 1763 1130 1794 Bosci
1145 1774 1213 1794 cum

147 1790 327 1824 Pertinentiis
342 1794 372 1824 in
423 1795 573 1826 elbenham
587 1798 620 1828 δε
629 1797 805 1830 Westbroke
820 1800 849 1829 in
865 1800 966 1831 eodem
975 1800 1141 1841 Comitatu,
1150 1813 1215 1841 quae

147 1831 279 1861 Ricardus
295 1830 432 1900 Heriem
445 1832 610 1866 Defundms
629 1838 737 1876 tenuit,
756 1847 810 1875 pro
830 1837 974 1870 Termino
996 1839 1073 1871 Vitae
1093 1842 1163 1879 suae,
1181 1851 1216 1873 ex

147 1868 343 1900 Conceffione
391 1873 448 1910 egis
471 1873 584 1903 Ricardi
605 1876 734 1913 Secundi,
753 1877 786 1906 &
801 1876 837 1907 de
859 1876 1000 1909 Custodia
1015 1879 1215 1911 Ducenrarum

147 1908 290 1938 Acratum
306 1909 387 1940 Bosci
402 1920 471 1941 cum
484 1911 662 1944 Pertinentiis
677 1915 707 1944 in
722 1914 813 1945 Hurst
825 1916 855 1945 in
873 1915 1022 1949 Comitatu
1036 1918 1171 1950 Wiltesiae
1181 1921 1214 1950 &

146 1945 299 1978 Hundredi
314 1948 349 1978 de
365 1948 532 1989 Assherigge
548 1961 617 1981 curn
632 1954 821 1991 pertinentiis,
841 1958 856 1970 '‘
874 1966 939 1993 quae
954 1958 1085 1987 Ricardus
1101 1961 1217 1988 Monta-

140 1995 177 2021 gu
193 1985 277 2017 Miles
290 1988 320 2017 in
338 1986 405 2018 Vita
418 1987 464 2018 sua
485 1990 576 2020 tenuit
596 1990 633 2021 de
651 1991 733 2031 Rege
755 1993 784 2022 in
800 1991 922 2032 Capite,
943 1994 1001 2025 Die
1022 2006 1082 2034 quo
1095 1997 1168 2028 obiit
1183 1999 1214 2028 in

145 2023 310 2055 Dominico
323 2025 373 2056 suo
389 2034 420 2056 ut
434 2026 468 2055 de
491 2027 591 2058 Feodo
609 2030 754 2067 Talliato‚
773 2032 918 2063 commiff.
941 2034 1063 2072 praefatis
1084 2035 1216 2073 Johanm·

144 2063 249 2092 Norres
276 2064 309 2094 δε
333 2063 488 2094 willielmo
511 2065 578 2096 Filio
594 2067 647 2107 fico
667 2079 724 2106 pro
743 2070 887 2101 Termino
909 2070 1019 2111 Viginti
1042 2073 1215 2113 Annorum,

145 2101 291 2132 Termino
306 2103 458 2140 incipiente
473 2103 508 2134 ad
525 2105 644 2136 Festum
660 2107 757 2138 Sancti
774 2107 926 2141 Michaelis
945 2113 1034 2142 Anno
1051 2112 1148 2152 Regni
1159 2124 1213 2144 no-

145 2139 195 2171 stri
210 2141 373 2172 Tricefirno
385 2150 503 2180 quarm,
521 2143 676 2176 Habendas
690 2147 723 2177 ὃς
740 2147 938 2187 percipiendas
955 2152 1120 2189 annuatim,
1138 2162 1153 2181 a
1170 2152 1214 2183 di-

147 2179 199 2209 cto
213 2178 297 2209 Festo
312 2179 409 2210 Samsti
423 2179 572 2212 Michaelis
588 2184 692 2215 ultimo
709 2187 866 2226 praeterito,
885 2189 1003 2225 praefato
1017 2192 1088 2219 Duci
1100 2189 1214 2220 claren-

148 2221 211 2254 ciae,
228 2227 281 2254 pro
294 2218 437 2248 Termino
452 2219 529 2250 Vitae
546 2221 602 2252 suae
613 2223 779 2261 praedictae,
797 2234 846 2262 per
857 2227 964 2258 Manus
977 2229 1147 2259 eorumdem
1155 2229 1212 2268 Jo-

148 2255 294 2288 hannis&
309 2256 469 2295 PVillielmi,
488 2259 534 2289 vel
556 2270 605 2300 per
629 2261 735 2293 Manus
751 2262 818 2294 Vic.
840 2264 986 2296 (licitorum
1008 2266 1211 2299 Comitatuum

146 2294 273 2325 oxoniae
281 2295 313 2325 &
320 2294 404 2325 Berks
414 2306 468 2333 pro
475 2304 603 2336 tempore
611 2300 833 2339 existentium,ad
840 2303 997 2335 Terminos
1005 2305 1155 2343 praediCtos
1163 2317 1214 2345 per

145 2333 266 2371 aequales
280 2334 451 2373 Portiones,
469 2336 501 2366 ὃς
517 2337 616 2368 eadem
637 2342 812 2379 Manerium,
830 2345 928 2372 Terras
939 2366 949 2382 ,
968 2345 1001 2375 ὃ(
1025 2343 1124 2384 Bofios
1140 2356 1212 2377 cum

144 2371 344 2408 Pertinentiis,
362 2374 417 2404 una
433 2383 502 2405 cum
518 2375 622 2407 Feodis
639 2376 786 2417 Militum,
803 2382 838 2412 &
853 2381 1100 2414 Advocationibus
1107 2385 1214 2416 eisdem

145 2410 370 2450 Pertinentibus,
388 2412 453 2449 post
467 2413 569 2444 Finem
583 2415 654 2446 dieti
667 2417 802 2448 Termini
817 2419 925 2458 Viginti
937 2421 1109 2463 Annorum,

194 2447 232 2481 Et
258 2452 365 2488 Viginti
382 2451 487 2482 Libras
510 2462 558 2492 per
583 2455 719 2494 Annum,
738 2466 806 2494 quas
831 2458 932 2488 Abbas
954 2461 987 2492 ὅ(
1010 2464 1168 2492 conventus
1183 2463 1216 2493 de

147 2487 352 2528 Malmesbury,
371 2491 406 2521 &
423 2490 604 2523 soccessores
615 2494 656 2524 sui
669 2494 775 2526 solvere
790 2495 895 2528 debent
916 2498 952 2528 de
971 2498 1066 2530 Firma
1082 2501 1166 2531 Villae
1179 2502 1215 2533 de

146 2525 358 2567 Malrnesbury,
376 2537 445 2559 cum
461 2529 568 2561 Tribus
585 2532 749 2564 Hundredis
772 2535 867 2566 eidem
891 2536 975 2567 Villae
994 2539 1215 2579 pertinentibus,

144 2563 300 2597 Habendas
313 2567 345 2597 &
359 2566 558 2606 Percipiendas
573 2574 736 2610 annuatim,
752 2581 767 2602 a
783 2573 864 2605 die'to
877 2574 961 2606 Festo
970 2575 1066 2607 saneti
1081 2577 1216 2609 Michae-

146 2602 180 2633 lis
192 2604 296 2636 ultimo
307 2606 450 2643 praeterito
467 2608 586 2644 praefato
593 2613 664 2640 Duci
679 2610 843 2650 clarenciae,
861 2623 914 2651 pro
923 2614 1066 2646 Termino
1076 2616 1102 2647 V
1105 2618 1150 2647 izae
1158 2617 1215 2648 suae

147 2641 308 2681 praedictae,
326 2654 375 2682 per
390 2643 496 2676 Manus
508 2646 654 2678 dictorum
667 2648 793 2680 Abbatis
807 2653 841 2684 &
856 2654 1032 2692 Conventus,
1048 2655 1083 2685 δε
1098 2655 1216 2687 Succes-

146 2679 244 2710 sorum
260 2681 393 2720 suorum,
408 2683 453 2714 vel
476 2694 523 2722 per
539 2684 647 2718 Manus
661 2686 846 2721 Vicecomitis
860 2690 1000 2723 Wiltesiae
1013 2702 1066 2732 pro
1084 2702 1215 2733 ternpore

145 2718 307 2757 existentis,
325 2721 360 2751 ad
374 2721 533 2754 Terminos
547 2726 700 2764 praedictos
716 2737 765 2765 per
778 2729 897 2767 aequales
916 2729 1079 2770 Portiones,

184 2756 222 2787 Et
233 2757 397 2797 §Quindecim
411 2760 513 2791 Libras
526 2772 575 2800 per
591 2763 710 2796 Annum
721 2789 730 2804 ,
748 2777 816 2805 quas
833 2768 996 2800 Willielmus
1010 2770 1039 2801 la
1055 2772 1164 2802 Zouche
1178 2773 1214 2804 de

148 2794 280 2835 Totneys
298 2796 402 2836 Miles,
421 2799 454 2830 &
469 2800 606 2833 Haeredes
621 2803 659 2834 sui
673 2804 778 2836 solvere
798 2806 904 2838 debent
927 2818 981 2846 pro
997 2809 1161 2842 Hundredo
1180 2811 1215 2843 de

148 2833 257 2874 Calne,
275 2836 308 2866 &
324 2838 447 2874 quodam
464 2837 638 2871 Molendino
652 2842 796 2880 Aquatico
810 2855 879 2876 cum
901 2846 1080 2879 Pertinentiis
1097 2850 1126 2880 in
1146 2849 1216 2881 Cal-

148 2883 200 2910 ne,
218 2874 248 2903 in
275 2873 366 2905 Com.
390 2874 547 2915 Wiltefiae,
571 2879 724 2911 Habendas
743 2883 776 2913 &
798 2883 996 2922 percipiendas
1016 2889 1180 2925 annuatim,
1201 2900 1217 2921 a

147 2911 230 2942 dieto
241 2912 327 2943 Festo
342 2913 439 2944 saneti
455 2914 604 2948 Michaelis
618 2919 724 2949 ultimo
739 2923 901 2961 praeterito,
919 2925 1039 2963 praefato
1061 2930 1133 2957 Duci
1150 2927 1216 2957 Cla-

148 2953 262 2988 renciae,
279 2961 333 2990 pro
358 2952 501 2983 Termino
516 2954 592 2985 Vitae
612 2956 668 2986 suae
683 2958 844 2997 praedicstae,
859 2971 908 3000 per
932 2962 1038 2994 Manus
1058 2965 1125 2995 dicZi
1142 2966 1217 2996 {Vil-

145 2987 228 3018 lielmi
245 2989 275 3019 la
287 2989 394 3020 Zouche
410 2992 444 3022 &
465 2991 624 3025 Haeredum
637 2996 768 3035 suorum,
783 2999 828 3028 vel
839 3008 887 3038 per
903 2999 1010 3032 Manus
1023 3001 1216 3044 Tenentium,

147 3026 367 3067 Firmariorum,
374 3028 562 3071 Ballivorum,
581 3034 614 3064 &
623 3034 740 3065 aliorum
750 3035 971 3075 Occupatorum
978 3040 1120 3071 dictorum
1129 3042 1216 3072 Hun-

146 3064 226 3096 dredi
243 3068 276 3098 δε
291 3067 474 3107 Molendini,
489 3071 532 3102 vel
555 3082 604 3109 per
624 3072 731 3104 Manus
755 3074 943 3107 Vicecomitis
962 3077 1033 3109 dieti
1051 3079 1218 3112 Comitatus

146 3102 286 3173 Psillgefiae
301 3116 354 3144 pro
369 3115 500 3147 tempore
515 3110 672 3150 existentis,
689 3112 887 3145 adTerminos
901 3117 1053 3153 praedictos
1065 3129 1116 3157 per
1123 3130 1220 3158 aequa-

161 3151 188 3172 es
228 3152 369 3182 omoneS,

186 3179 224 3211 Et
237 3183 383 3214 Duodecim
391 3185 494 3216 Libras
504 3197 551 3225 per
570 3189 691 3220 Annum
707 3190 743 3221 de
760 3191 853 3222 Firma
875 3193 911 3223 de
925 3192 1084 3234 Kvngton,
1103 3197 1135 3227 &
1149 3200 1219 3226 Cen-

150 3225 209 3248 tum
223 3220 324 3251 Solidos
339 3232 388 3262 per
406 3224 524 3255 Annum
540 3226 576 3257 de
592 3228 683 3258 Firma
699 3230 903 3269 Wapentachii
924 3229 963 3263 de'
979 3234 1124 3273 Goscote,
1147 3245 1218 3274 quos

152 3256 300 3300 Nicholaus
315 3264 435 3299 Segrave
451 3263 557 3294 solvere
573 3266 658 3297 debet
668 3289 677 3305 ,
695 3267 848 3299 Habendas
863 3272 897 3302 ὅ(
907 3269 1099 3312 percipiendas
1113 3284 1219 3305 annua-

152 3303 205 3324 tim
214 3317 223 3332 ,
239 3306 256 3327 a
269 3297 350 3329 dicto
364 3299 449 3330 Festo
465 3301 562 3332 saneti
577 3304 729 3337 Michaelis
740 3308 842 3338 ultimo
852 3311 994 3346 praeterito
1004 3335 1013 3350 ,
1027 3312 1147 3348 praefato
1157 3316 1219 3342 Du-

151 3336 176 3362 ci
193 3333 352 3377 Clqreuciae,
371 3348 423 3375 pro
439 3339 584 3372 Termino
608 3342 684 3373 Vitae
703 3345 760 3375 suae
777 3347 940 3385 praedietae,
957 3358 1004 3388 per
1031 3349 1137 3381 Manus
1157 3352 1220 3381 Te-

153 3381 301 3412 uentium,
324 3375 545 3418 Firmanorum,
571 3380 766 3423 Ballivorum,
792 3385 836 3416 vel
855 3386 974 3416 aliorum
999 3388 1222 3429 Occupatorum

153 3411 344 3453 eorumdem,
358 3416 404 3445 vel
420 3427 469 3454 per
486 3417 595 3449 Manus
611 3419 676 3451 Vic.
691 3421 898 3455 Comitatunm
906 3424 1092 3458 Warrewicae
1103 3428 1135 3458 &
1146 3428 1222 3468 Ley-

154 3447 266 3517 {estgge
279 3460 332 3517 Ξτο
350 3461 480 3494 tempore
493 3457 611 3488 existen.
634 3459 669 3490 ad
687 3460 844 3493 Terminos
858 3463 1011 3501 praedictos
1036 3476 1086 3504 per
1101 3468 1222 3506 aequales

182 3497 214 3516 or
259 3497 277 3516 n
296 3499 322 3526 s,

192 3524 233 3570 ‘Et
248 3529 363 3556 Centum
379 3528 417 3564 ὁ·
433 3533 569 3576 Seacdecim
585 3534 688 3567 solidos
700 3548 750 3577 per
767 3538 889 3571 Annum
903 3540 940 3572 de
959 3542 1054 3574 Firma
1062 3545 1224 3576 Medietatis

157 3563 242 3593 Vallae
256 3563 289 3593 de
301 3567 465 3612 Tamworfh
481 3581 510 3602 in
523 3572 675 3607 Comitatu
688 3577 874 3610 Warrewicae
895 3580 928 3611 &
949 3580 1138 3614 Incremento
1152 3585 1225 3622 ejus-

157 3602 227 3633 dem
236 3626 252 3646 ,ι
261 3612 332 3641 quos
346 3603 491 3650 Homines
505 3610 539 3640 &
552 3611 701 3644 Tenent&
719 3615 811 3653 Regis
835 3618 864 3648 in
882 3618 1058 3651 Tamworth
1073 3622 1102 3651 in
1117 3624 1223 3653 eodem

159 3640 314 3685 Comitatu
330 3641 515 3686 W'arrewrcae
529 3647 637 3681 solvere
652 3651 777 3691 debent,
794 3654 951 3688 Habendos
969 3660 1003 3690 &
1021 3659 1225 3698 Percipiendos

160 3689 327 3726 annuatim,
344 3690 360 3710 a
373 3680 455 3727 didio
470 3683 555 3716 Festo
569 3687 667 3719 Sand’ci
687 3690 838 3723 Michaelis
856 3694 962 3725 ultimo
978 3701 1136 3737 praeterito,
1151 3710 1225 3738 prae-

160 3719 223 3749 fato
237 3721 308 3763 Ducz
325 3720 469 3750 Clareuaae
502 3731 555 3759 pro
569 3724 716 3759 Termino
733 3729 811 3761 Vitae
831 3731 888 3761 suae
908 3735 1052 3771 praedietae
1090 3746 1139 3774 per
1156 3738 1226 3769 Ma-

162 3767 216 3787 nus
231 3757 403 3801 Balhvor-um
424 3759 457 3789 ὃ(
475 3744 658 3806 burgensium
679 3767 802 3805 ejusdem
826 3768 1008 3811 Medietatis,
1024 3759 1072 3806 vel
1087 3785 1135 3812 per
1157 3777 1225 3807 Ma-

162 3805 218 3826 nus
238 3795 303 3826 Vic.
326 3796 474 3840 diciorum
497 3798 697 3844 Conuratuum
718 3806 906 3839 Warrewicae
927 3811 961 3841 &
983 3811 1152 3849 Leycestriae
1173 3826 1226 3856 pro

162 3834 648 3907 ‘eff‘issio‘ss‘zeffissfinifflrffeb‘ffffi
657 3843 1009 3917 ffiiffizffiffqalff
1024 3850 1189 3919 ff⁰ss⁰¹¹⁶⁵²

161 3908 200 3944 ὠ
222 3912 310 3940 Unum
328 3912 461 3951 obolum,
489 3899 537 3958 pe'r
568 3918 707 3960 ᾼητιυω,
729 3919 766 3963 de
780 3920 871 3952 Feodi
893 3899 1228 3961 'Fi'r’Fnanqi-liindiz‘dimde

161 3948 325 3980 Praunlond
338 3961 407 3982 cum
422 3951 601 3985 Pertinentns
616 3965 645 3985 in
662 3956 811 3989 Comitatu
823 3960 1010 4003 Leycestriae,
1026 3975 1098 4005 quos
1111 3971 1229 4007 Rogerus

165 3986 258 4016 Beller
271 3987 375 4019 solvere
388 3991 491 4030 debet,
507 3991 666 4025 Habendos
680 3996 713 4027 ὃς
729 3995 929 4037 percipiendos
938 4006 1082 4035 annuatim
1091 4027 1101 4042 ,
1119 4016 1135 4037 a
1149 4008 1229 4038 dicio

166 4025 252 4094 Feth‘o
266 4025 529 4098 Salnffipllllifhaelis
546 4031 647 4064 ultimo
661 4036 804 4072 praeterito
814 4059 823 4074 ‚
843 4039 960 4074 praefato
975 4044 1046 4074 Daci
1060 4043 1229 4085 clarentiae,

244 4075 279 4094 m.
322 4088 331 4097 0
383 4090 390 4096 -
443 4091 450 4098 .

1250 174 1753 226 PU·ssLICA.·
2241 211 2317 252 193

1253 268 1307 299 pro
1322 259 1466 292 Termino
1489 262 1565 295 Vitae
1583 266 1637 297 suae
1658 269 1818 309 praedie‘tae,
1836 281 1884 309 per
1906 273 2012 307 Manus
2033 277 2223 320 Tenentium,
2243 282 2305 313 Fir-
2329 281 2404 313 Ann-
2418 281 2462 321 D,

1712 308 1831 351 aliorum
1853 311 2072 350 Occupatorum
2087 319 2210 354 eiusdem
2228 320 2315 352 Hun-
2357 329 2443 359 147¹·

1704 346 1848 377 dictorum
1870 348 2047 384 Comitatum
2069 357 2257 388 VVarrewicae
2278 362 2312 391 ὃς
2331 365 2394 389 Han.
2415 368 2443 394 ’,Ἃ

1251 300 1422 337 ruariorum,
1442 300 1632 342 Ballivorum,
1652 308 1696 336 vel

1249 337 1347 375 dredi,
1363 338 1408 367 vel
1424 347 1472 376 per
1494 340 1599 373 Manus
1623 345 1684 374 Vic.

1250 374 1422 413 Leycestriae
1433 399 1441 413 ,
1450 387 1500 413 pro
1509 389 1636 420 ternpore
1651 383 1839 424 existentium,
1848 386 1882 417 ad
1890 387 1919 418 T

1250 413 1345 451 quales
1360 414 1509 445 Portiones
1519 439 1529 454 ,

1289 450 1327 481 Et
1348 455 1475 489 Triginta
1499 455 1602 485 Libras

1251 489 1343 521 Feodi
1362 490 1461 522 Firma
1475 492 1558 522 thlae
1573 495 1604 523 de
1614 495 1809 537 Slsroveslmry,
1828 501 1862 530 δε
1882 505 1981 532 Decem
2003 509 2115 538 JlIarcas
2134 511 2170 541 de
2193 515 2312 553 antiquo

1250 528 1451 567 Incremento,
1469 531 1502 560 &
1520 532 1650 572 t{Quinque
1665 539 1777 566 Marcus
1792 539 1828 567 de
1842 549 1921 570 novo
1945 541 2124 576 Incremento
2162 560 2226 587 quas
2244 552 2313 583 Ho-

1253 568 1343 597 mines
1358 569 1393 611 de
1416 569 1609 613 Shrovesoury
1626 572 1733 615 solvere
1756 576 1876 615 debent,
1895 578 2043 611 Habendas
2064 583 2098 613 &
2119 570 2314 626 I3ercipicndas

1252 615 1418 645 annuatim,
1435 618 1451 638 a
1465 608 1546 638 dieto
1561 609 1648 640 Festo
1661 610 1756 642 Sancti
1776 613 1924 646 Michaelis
1941 619 2045 650 ultimo
2066 628 2223 663 praeterito,
2239 638 2312 666 prae-

1252 645 1311 675 fato
1325 648 1398 675 Duci
1411 646 1574 676 Clarencjae.
1594 659 1647 685 pro
1663 649 1804 681 Termino
1822 651 1900 683 Vitae
1921 655 1976 686 suae
1996 660 2158 699 praedic'tae,
2177 672 2224 700 per
2249 667 2317 698 Ma-

1252 694 1305 713 nus
1328 684 1498 715 Hominum
1513 707 1523 723 ,
1552 685 1742 725 Ballivorum,
1760 690 1793 720 ὃς
1820 689 2004 728 Burgenfiurn
2030 697 2156 734 ejusdem
2182 702 2262 733 Villae
2280 706 2317 736 de

1251 722 1462 763 Slirovesbury,
1481 726 1526 755 vel
1541 735 1589 761 per
1606 725 1712 756 Manus
1728 726 1918 760 Vicecomitis
1931 732 2002 763 dieti
2017 734 2181 767 Comitatus
2195 740 2316 779 Salopiae

1252 771 1304 798 pto
1318 770 1448 800 tempore
1462 763 1620 803 existentis,
1638 765 1672 795 ad
1686 765 1847 797 Terminos
1871 770 2022 806 praedic‘tos
2044 783 2094 810 per
2116 777 2232 814 aequales
2247 779 2319 812 Por-

1253 808 1344 830 tiones

1293 838 1332 869 Et
1348 822 1495 869 Duodecim
1508 840 1608 870 Libras
1624 851 1674 879 per
1682 841 1818 881 Annum,
1836 855 1903 883 quas
1918 846 2066 878 Nicholaus
2078 850 2112 879 de
2120 852 2242 893 Audeley
2256 856 2320 888 Fra-

1251 886 1292 908 ter
1309 878 1342 908 &
1355 876 1456 908 Haeres
1469 877 1577 908 Thomae
1595 880 1659 910 Filii
1679 880 1717 915 όν
1739 884 1864 913 Haeredis
1879 884 1982 923 Jacobi
2003 887 2036 916 de
2061 890 2187 930 Audeley
2207 893 2315 925 solvere

1250 915 1354 953 debet,
1373 925 1426 956 pro
1440 916 1534 947 Firma
1550 917 1675 949 Manerii
1689 920 1725 951 de
1738 921 1814 952 Ford
1823 946 1834 961 ,
1846 922 2000 955 Habendas
2015 927 2048 957 &
2059 926 2256 966 percipiendas
2270 943 2320 963 an-

1251 956 1379 992 nuatim,
1396 965 1411 985 a
1424 955 1506 986 dieto
1520 955 1605 987 Festo
1620 958 1718 990 Sansti
1731 959 1884 992 Michaelis
1904 964 2008 994 ultimo
2024 969 2184 1006 praeterito,
2202 971 2324 1007 praefato

1252 996 1325 1022 Daci
1345 993 1512 1033 Clarenciae,
1539 1005 1592 1035 pro
1613 996 1758 1029 Termino
1782 998 1859 1030 Vitae
1880 1001 1936 1032 suae
1957 1004 2120 1043 praedictae,
2144 1017 2194 1044 per
2216 1007 2324 1040 Manus

1255 1031 1450 1071 Tenentium,
1477 1033 1695 1074 Firmariorum,
1717 1037 1905 1078 Ballivorum,
1931 1040 1987 1071 five
2006 1043 2126 1074 aliorum
2152 1045 2324 1085 Occupato-

1256 1079 1320 1099 rum
1341 1071 1411 1101 dicsti
1426 1071 1567 1111 Manerii,
1586 1074 1632 1104 vel
1652 1084 1700 1111 per
1723 1076 1828 1107 Manus
1850 1077 2041 1111 Vicecomitis
2063 1082 2134 1112 dieti
2156 1083 2324 1116 Comitatus

1253 1107 1442 1177 falsffoepso
1457 1119 1587 1149 ternpore
1600 1113 1758 1154 existentis,
1773 1115 1807 1145 ad
1822 1116 1981 1148 Terminos
1998 1120 2151 1158 praedictos
2167 1132 2216 1162 per
2223 1134 2319 1163 aequa-

1264 1157 1293 1177 es
1333 1158 1475 1187 ortiones,

1292 1186 1311 1204 ³*
1321 1185 1358 1216 Et
1371 1189 1470 1216 Decem
1483 1187 1598 1226 Libras,
1616 1193 1670 1219 Sex
1684 1191 1801 1230 Solidos,

1921 393 2045 423 erminos
2056 396 2207 431 praedie‘tos
2214 406 2264 434 per
2271 408 2312 429 ae-

1280 1272 1354 1293 rrrna
1376 1263 1501 1293 Manerii
1523 1265 1558 1295 de
1574 1266 1714 1305 Roweley
1737 1279 1808 1300 cum
1831 1270 2010 1303 Pertinentiis
2029 1275 2058 1304 in
2080 1274 2228 1308 Comitatu
2249 1279 2320 1309 Stas-

1254 1301 1373 1339 fordiae,
1392 1301 1549 1333 Habendos
1565 1306 1597 1336 ὃς
1616 1305 1818 1343 percipiendos
1831 1312 1993 1349 annuatim,
2011 1323 2027 1342 a
2046 1313 2126 1344 dicio
2148 1315 2233 1347 Festo
2254 1317 2325 1348 San-

1256 1340 1296 1370 cti
1316 1340 1466 1382 Michaelis
1480 1342 1584 1373 ultimo
1605 1346 1763 1383 praeterito,
1780 1348 1899 1384 praefato
1913 1352 1984 1379 Duci
1999 1350 2162 1391 clarenciae,
2180 1365 2234 1395 pro
2249 1356 2325 1387 Ter-

1258 1379 1340 1408 mino
1354 1378 1429 1409 Vitae
1444 1383 1498 1409 lune
1513 1382 1673 1420 praedictae,
1695 1394 1743 1421 per
1760 1385 1864 1417 Manus
1885 1387 2031 1419 diestorum
2056 1391 2182 1423 Abbatis
2200 1394 2233 1424 ὃς
2249 1398 2321 1424 Con-

1257 1417 1374 1455 ventus,
1393 1419 1426 1448 &
1441 1418 1644 1451 Successorum
1661 1422 1795 1460 suorum,
1815 1424 1858 1455 vel
1875 1435 1923 1464 per
1937 1426 2044 1459 Manus
2060 1429 2317 1464 VicecomitisCo-

1258 1455 1371 1486 miratus
1383 1456 1547 1488 Staffordiae
1565 1468 1617 1496 pro
1630 1469 1760 1499 tempore
1774 1463 1928 1503 existentis,
1946 1466 1979 1496 ad
1994 1467 2151 1500 Terminos
2163 1471 2318 1509 praeditstos

1257 1504 1306 1532 per
1320 1495 1440 1532 aequales
1457 1494 1620 1536 Portiones,

1293 1532 1332 1564 Et
1348 1535 1460 1563 Novem
1472 1536 1574 1565 Libras
1586 1547 1635 1577 per
1651 1538 1789 1577 Annum,
1807 1549 1873 1579 quas
1888 1544 1967 1579 Hugo
1980 1544 2086 1584 Tyrell,
2104 1546 2323 1580 Frater&Hae-

1259 1581 1300 1601 res
1321 1572 1463 1610 Johannis
1477 1574 1584 1613 Tficll,
1608 1577 1641 1607 &
1663 1576 1799 1608 Haeredes
1819 1580 1857 1609 lui
1879 1579 1984 1611 solvere
2003 1583 2107 1615 debent
2127 1586 2162 1615 de
2186 1587 2327 1618 Custodia

1258 1610 1456 1642 Maneriorurn
1475 1613 1512 1642 de
1534 1612 1675 1645 Kenefare
1699 1617 1732 1646 &
1757 1615 1873 1647 Storron
1887 1641 1897 1656 ,
1923 1620 1956 1650 δε
1980 1620 2103 1652 Forestae
2125 1624 2162 1654 de
2183 1624 2326 1657 Kenefare

1257 1659 1325 1679 cum
1342 1649 1521 1681 Pertinentiis
1535 1653 1564 1681 in
1581 1653 1685 1684 eodem
1700 1653 1848 1686 Comitatu
1858 1656 2035 1697 Staffordiae,
2052 1660 2246 1695 Habendas&
2256 1664 2326 1695 Per-

1255 1689 1398 1728 cipiendas
1414 1691 1579 1728 annuatim,
1599 1702 1615 1722 a
1631 1693 1712 1723 dieto
1727 1693 1811 1724 Pesto
1834 1695 1932 1726 SanSti
1947 1696 2098 1729 Michaelis
2121 1701 2226 1731 ultimo
2251 1712 2325 1739 prae-

1256 1728 1359 1765 terito,
1376 1729 1493 1765 praefato
1508 1732 1580 1759 Duci
1594 1729 1757 1770 Clarenciae,
1772 1743 1825 1772 pro
1839 1734 1987 1765 Termino
1999 1736 2075 1767 Vitae
2093 1738 2150 1769 suae
2167 1740 2324 1780 praedictae,

1255 1775 1306 1805 per
1328 1766 1433 1797 Manus
1456 1768 1651 1807 Tenentium,
1671 1770 1873 1803 Firmariorum
1889 1798 1899 1811 ,
1926 1773 2099 1805 Ballivorum
2116 1800 2126 1815 ,
2151 1776 2326 1817 Praepofito-

1256 1814 1342 1842 rum,
1376 1807 1409 1836 ὃς
1435 1806 1555 1836 aliorum
1581 1807 1800 1840 Officiariorum
1816 1833 1826 1848 ,
1850 1812 1883 1842 &
1905 1811 2127 1850 Occupatorurn
2150 1818 2327 1849 eorumdem

1256 1842 1460 1874 Maneriorum
1477 1847 1510 1877 ὃς
1527 1844 1667 1885 Forestae,
1686 1848 1732 1878 vel
1746 1858 1796 1888 per
1813 1849 1917 1880 Manus
1934 1851 2124 1883 Vicecomitis
2135 1855 2204 1885 dieii
2217 1855 2326 1886 Comi-

1258 1880 1332 1912 tatus
1354 1881 1589 1926 staffordiae—pro
1609 1893 1739 1924 tempore
1760 1888 1918 1928 existentis,
1937 1891 1970 1920 ad
1992 1891 2011 1920 ‘1
2021 1894 2147 1923 erminos
2170 1895 2328 1931 praedi&os

1254 1929 1304 1960 per
1318 1921 1436 1959 aequales
1449 1921 1611 1960 Portiones,

1294 1958 1328 1989 In
1345 1959 1460 1991 Partem
1472 1960 1757 2000 Recompensationis
1777 1963 1813 1995 de
1825 1966 1859 1996 δε
1875 1975 1926 2001 pro
1940 1966 2024 1997 diffls
2043 1967 2196 2008 Maneriis,
2214 1971 2325 2002 Domi-

1256 1999 1324 2035 niis,
1349 1998 1468 2037 Terris,
1491 1999 1700 2039 Tenementis,
1724 2003 1757 2033 &
1785 2003 1842 2033 aliis
1863 2003 2086 2037 Poisessionibus
2110 2010 2143 2040 &
2165 2009 2326 2042 Haeredita-

1260 2037 1363 2067 mentis
1373 2059 1383 2075 ,
1404 2037 1440 2067 de
1453 2039 1554 2076 quibus
1568 2040 1700 2076 praefatus
1712 2043 1782 2070 Dux
1796 2041 1942 2073 Clarenciae
1949 2046 2107 2084 Aggreatus
2123 2048 2214 2078 existit
2229 2049 2255 2080 se
2263 2050 2327 2080 Ab-

1258 2074 1359 2106 stinere
1372 2077 1406 2107 &
1421 2075 1575 2108 Dimittere
1597 2086 1627 2108 ut
1652 2079 1820 2116 praediclum
1837 2081 1897 2118 est,
1915 2083 1960 2112 vel
1978 2085 2122 2123 quousque
2140 2087 2234 2117 eidem
2257 2091 2330 2118 Duce·

1257 2113 1406 2144 Clarenciae
1426 2115 1525 2153 aliter,
1551 2125 1601 2154 per
1627 2116 1854 2149 Concessionem
1880 2121 2024 2160 nostram,
2041 2124 2075 2155 &
2094 2123 2256 2156 Haereoum
2273 2137 2329 2157 no-

1259 2153 1402 2190 strorum,
1427 2153 1464 2183 de
1484 2154 1541 2184 aliis
1562 2154 1727 2194 Dominiis,
1750 2156 1905 2196 Maneriis,
1930 2159 2044 2198 Terris,
2070 2162 2275 2202 Tenementis,
2292 2168 2327 2197 ὃς

1256 2191 1347 2222 Feodi
1362 2191 1465 2230 firmis,
1483 2193 1519 2222 de
1533 2203 1629 2223 annuo
1644 2194 1747 2225 Valore
1758 2198 1888 2226 omnium
1897 2197 2131 2239 Praemifforum,
2149 2210 2181 2232 ut
2195 2205 2324 2239 praemit-

1252 2231 1337 2267 titur,
1356 2230 1474 2269 praefato
1488 2233 1560 2260 Dua*
1582 2232 1727 2262 Clarenciae
1744 2232 1959 2266 Concessorum
1971 2260 1980 2275 ,
1999 2238 2140 2269 Habenda
2160 2241 2231 2271 ultra
2253 2252 2321 2272 om-

1252 2270 1298 2339 Eia
1312 2269 1462 2337 Onfera'&
1471 2270 1617 2310 Reprisas,
1635 2271 1820 2311 sufficienter,
1833 2274 1929 2305 debite
1938 2276 2110 2316 &legitime
2126 2278 2319 2319 Recompen—

1264 2323 1267 2326 ·
1280 2317 1341 2339 tum
1369 2317 1452 2346 uerit,

1291 2345 1329 2377 Et
1343 2347 1470 2385 insuper,
1489 2347 1524 2378 de
1540 2347 1713 2379 habundanti
1725 2348 1824 2380 Gratia
1839 2352 1949 2390 nostra,
1966 2363 2000 2384 ac
2015 2363 2049 2384 ex
2069 2364 2143 2386 certa
2156 2356 2268 2387 scientia
2284 2357 2321 2389 δε

1255 2395 1338 2416 mero
1353 2395 1435 2416 motu
1449 2386 1552 2417 nostris
1564 2387 1721 2426 praedietis,
1739 2389 1870 2419 Dedimus
1883 2392 1916 2421 &
1929 2391 2114 2432 concessimus,
2132 2404 2166 2425 ac
2180 2404 2230 2433 per
2241 2395 2321 2426 Prae-

1254 2424 1343 2455 sentes
1365 2428 1472 2455 Damus
1492 2426 1526 2455 &
1551 2426 1736 2464 comedimus,
1752 2429 1871 2465 praefato
1886 2433 1958 2460 Duci
1978 2431 2123 2462 clarenciae
2141 2437 2324 2473 comitatum,

1255 2465 1407 2501 Honorem,
1426 2465 1459 2495 &
1476 2467 1631 2494 Dominium
1644 2465 1856 2505 Riclxmondiae,
1874 2469 1942 2499 cum
1963 2471 2099 2501 omnibus
2112 2470 2234 2510 Castris,
2254 2472 2324 2504 Vil-

1254 2502 1304 2540 lis,
1330 2501 1477 2532 Dominiis
1492 2525 1502 2541 ,
1530 2502 1684 2543 Maneriis,
1707 2505 1825 2545 Terris,
1849 2506 2053 2548 Tenementis,
2075 2509 2317 2550 Poffeffionibus,

1256 2540 1419 2578 Membris,
1436 2541 1676 2582 Reversionibus,
1702 2542 1821 2582 Firmis,
1839 2544 2025 2587 Redditibus,
2043 2548 2188 2587 Servitiis,
2205 2549 2320 2588 Sociis,

1255 2578 1406 2619 Balliagiis,
1423 2581 1457 2610 ὃ(
1474 2579 1568 2610 Curiis
1587 2581 1667 2611 dicito
1683 2580 1862 2623 Comitatui,
1881 2584 2017 2624 Honori,
2034 2588 2068 2618 &
2092 2587 2256 2627 Dominio,
2274 2588 2322 2619 vel

1255 2619 1338 2649 alicui
1355 2618 1428 2648 Parti
1443 2619 1611 2650 eorumdem
1629 2620 1725 2658 aliquo
1750 2622 1844 2653 modo
1868 2623 2058 2662 spectantibus
2082 2627 2139 2656 five
2159 2628 2325 2666 pertinenti-

1256 2654 1308 2688 bus
1322 2658 1352 2687 in
1368 2656 1564 2688 Comitatibus
1578 2658 1756 2698 Lincolniae,
1774 2660 1924 2701 Eborum,
1939 2662 2209 2705 Westmerlandiae,
2226 2666 2324 2697 Glou-

1255 2695 1383 2733 cestriae,
1410 2696 1641 2736 Bukinghamiae,
1669 2697 1860 2739 Cantebrigiae
1870 2724 1880 2739 ,
1906 2701 2045 2742 hffexiae,
2068 2702 2200 2743 Kantiae,
2219 2703 2326 2735 Dorse-

1256 2736 1303 2766 tiae
1313 2758 1322 2772 ,
1341 2735 1373 2765 N
1379 2734 1539 2774 orffolciae,
1558 2737 1591 2766 ὃς
1607 2738 1635 2766 in
1651 2736 1800 2768 Londonia
1811 2762 1820 2775 ,
1833 2741 1866 2771 ὃς
1882 2740 1964 2779 alibi,

1293 2773 1332 2804 Et
1348 2777 1506 2804 stlanerium
1522 2778 1556 2805 &
1576 2778 1734 2806 Dominium
1751 2777 1783 2806 de
1796 2778 1961 2819 Chcsthunt,
1978 2789 2049 2811 cum
2057 2779 2202 2812 Membris
2214 2780 2326 2814 &Per-

1258 2813 1404 2851 tinentiis,
1421 2814 1452 2843 in
1471 2814 1619 2845 Comitatu
1634 2814 1831 2855 Hertfordiae,

1295 2851 1438 2891 Castrum,
1457 2855 1634 2892 Domim'um,
1660 2855 1693 2885 ὃς
1712 2858 1870 2886 Manermm
1893 2857 1925 2886 de
1950 2858 2089 2888 Somerton
2117 2859 2147 2888 in
2172 2857 2325 2890 Comitatu

1258 2890 1421 2920 Lincolnize

1295 2914 1472 2959 Maneria⁷de
1486 2929 1579 2970 Bouby
1597 2931 1630 2962 δε
1644 2930 1785 2970 Helwell,
1805 2933 1838 2964 δε
1853 2937 1933 2963 Duas
1948 2936 2048 2965 Partes
2062 2937 2185 2966 Dominii
2205 2936 2238 2966 &
2256 2938 2324 2965 Ma-

1257 2971 1327 2998 nerii
1339 2968 1372 2997 de
1385 2968 1526 3006 Burwell,
1546 2979 1615 2999 curn
1634 2968 1829 3010 Pertinentiis,
1851 2973 1879 3001 in
1894 2972 1998 3003 eodem
2015 2972 2183 3012 Comitatu,

1297 3005 1335 3037 Et
1349 3009 1506 3036 Dominium
1527 3008 1559 3037 ὃς
1583 3010 1741 3038 Manerium
1763 3010 1797 3039 de
1820 3010 2007 3051 LudgarJale,
2032 3021 2102 3043 curn
2128 3012 2272 3044 MembriS
2293 3013 2328 3044 &

1258 3042 1436 3075 Pertinentiis
1452 3045 1481 3074 in
1497 3044 1647 3076 Comitatu
1662 3047 1813 3085 Wiltefiae,

1297 3082 1370 3113 Una
1395 3092 1465 3113 cum
1486 3083 1590 3113 Feodis
1610 3084 1760 3124 Militum,
1787 3086 2053 3126 Advocationibus,
2074 3090 2108 3120 δε
2129 3089 2328 3133 Patronaribus

1262 3120 1471 3158 Abbatiarum‚
1498 3121 1718 3162 Decanatuum,
1742 3125 1940 3164 Prioraruum,
1966 3127 2173 3166 Ecclesiarum,
2190 3128 2326 3166 Hospita-

1260 3159 1350 3199 lium,
1368 3160 1563 3197 Capellarum,
1583 3161 1799 3202 Cantariarum,
1816 3166 1849 3196 &
1865 3166 1983 3195 aliorum
1999 3165 2206 3197 Beneficiorum
2223 3167 2327 3197 Eccle*

1260 3197 1433 3229 siasticorum
1448 3202 1765 3241 qttorumcumque,XV
1768 3202 1856 3242 ardis,
1878 3203 2047 3242 Maritagiis,
2062 3203 2204 3242 Releviis,
2224 3204 2329 3248 Escae-

1259 3237 1311 3275 tis,
1330 3236 1397 3267 Visu
1418 3236 1627 3276 Franciplegii,
1655 3238 1752 3271 Curiis
1779 3241 1873 3281 Letis,
1900 3242 2077 3279 Hundredis,
2095 3243 2328 3287 Wapentachiis‚

1260 3275 1342 3305 dictis
1356 3275 1534 3315 Comitatui,
1553 3276 1676 3316 Castris,
1695 3279 1861 3318 Dominiis,
1878 3281 1912 3311 ὃς
1927 3282 2076 3318 Maneriis,
2092 3282 2127 3312 &
2141 3290 2242 3311 eorum
2262 3292 2327 3312 cui-

1260 3315 1329 3344 libet
1344 3315 1568 3354 pertinentibus,
1584 3318 1616 3347 &
1630 3315 1765 3348 Returnis
1774 3318 1905 3349 Brevium
1915 3342 1924 3356 ‚
1943 3320 2178 3362 Praeceptorqm,
2195 3321 2228 3364 ὃς
2239 3320 2328 3364 Man-

1261 3352 1393 3382 datorum
1407 3353 1590 3392 nostrorum,
1609 3356 1642 3385 &
1668 3356 1828 3387 Haeredum
1852 3357 2031 3394 nostrorum,
2051 3358 2084 3388 δε
2105 3357 2329 3403 hxecuuontbus

1261 3391 1428 3422 eorumdem
1438 3415 1448 3430 ,
1465 3393 1536 3423 infra
1550 3393 1662 3423 dietum
1677 3395 1858 3426 Comitatum
1874 3398 1906 3427 ὃς
1921 3395 2091 3433 Honorem,
2108 3405 2176 3426 cum
2188 3399 2328 3428 omnibus

1261 3430 1320 3460 aliis
1334 3430 1524 3461 Libertaribus
1540 3433 1573 3462 &
1587 3431 1784 3473 Franciplegiis
1798 3434 1901 3464 eisdem
1921 3433 2124 3472 spexitantibffi,
2142 3435 2172 3465 in
2189 3436 2250 3466 tam
2265 3446 2328 3466 am-

1261 3469 1305 3506 pla
1315 3470 1348 3500 δε
1363 3469 1434 3508 larga
1444 3470 1548 3500 Forma
1563 3480 1647 3509 prout
1662 3473 1759 3511 aliquis
1773 3477 1862 3502 Comes
1878 3471 2072 3501 Richemondiae
2088 3473 2187 3504 habuit
2201 3475 2246 3505 vel
2263 3475 2326 3508 usus

1259 3508 1314 3539 fuit
1327 3509 1356 3537 in
1372 3509 1475 3538 eisdem

1298 3546 1439 3577 Habenda
1459 3532 1493 3577 δὲ
1515 3548 1656 3579 Tenenda
1675 3549 1772 3579 eadem
1795 3548 1993 3585 Comitatum,
2016 3547 2188 3588 Honorem,
2206 3550 2323 3595 Castra,

1263 3585 1417 3622 Dominia,
1436 3586 1470 3616 &
1484 3585 1611 3616 Maneria
1623 3609 1632 3625 ,
1650 3597 1683 3617 ac
1704 3596 1802 3617 caetera
1817 3585 1978 3624 Praemissa,
1995 3596 2012 3616 a
2030 3587 2112 3618 dicto
2131 3589 2214 3620 Festo
2227 3590 2324 3632 Sandln

1262 3623 1411 3654 Michaelis
1428 3624 1533 3653 ultimo
1571 3626 1714 3663 maerim,
1751 3625 1847 3655 raesato
1870 3627 1943 3654 Deci
1957 3625 2104 3656 Clarenciae
2138 3637 2190 3664 pro
2205 3628 2323 3673 Terrui-

1263 3672 1303 3692 no
1319 3663 1394 3692 Vitae
1408 3661 1463 3691 suae
1482 3671 1539 3700 prae
1561 3663 1640 3699 ictae,
1658 3663 1693 3694 de
1746 3664 1807 3693 obis
1821 3664 1854 3693 ὅ(
1872 3662 2045 3696 Haeredibus
2058 3675 2098 3696 no
2126 3667 2177 3705 ris,
2193 3676 2240 3704 per
2258 3668 2324 3696 ber-

1262 3702 1364 3732 vitium
1380 3701 1458 3730 unius
1472 3700 1572 3738 integri
1587 3700 1675 3729 Feodi
1691 3700 1810 3739 Militis,
2143 3743 2149 3747 -

1303 3740 1381 3778 Qiae
1397 3738 1511 3777 quidem
1528 3737 1704 3775 Honorem,
1724 3738 1842 3778 Castra,
1862 3739 2020 3780 Dominia,
2039 3741 2184 3784 Manena,
2201 3742 2321 3786 Terras,

1264 3778 1299 3809 &
1310 3778 1488 3808 Tenementa
1501 3775 1570 3805 idem
1584 3779 1654 3806 Dux
1672 3777 1769 3809 habuit
1781 3780 1814 3809 &
1841 3779 1907 3810 inde
1930 3779 2147 3811 Poffeffionarus
2169 3786 2224 3811 tuit
2242 3780 2326 3812 dieto

1264 3825 1396 3853 tempore
1412 3815 1549 3845 Receisus
1560 3815 1595 3844 ab
1609 3815 1730 3854 Anglia,

1304 3854 1350 3885 Ac
1371 3857 1498 3891 Triginta
1517 3853 1554 3887 ὠ
1572 3857 1662 3883 Unam
1684 3855 1805 3894 Libras,
1823 3857 1857 3887 &
1882 3860 1981 3887 Decem
1999 3856 2099 3886 solidas
2121 3866 2170 3894 per
2187 3857 2329 3902 Annum,

1266 3892 1420 3923 Habendas
1435 3894 1467 3922 ὃ(
1481 3891 1675 3930 Percipicndas
1694 3896 1856 3933 annuatim,
1874 3897 1910 3926 ab
1927 3896 2032 3926 eodem
2051 3894 2135 3925 Festo
2154 3895 2251 3927 Sanzffh
2264 3897 2330 3941 Mi-

1267 3932 1371 3962 chaelis
1388 3931 1492 3960 ultimo
1508 3932 1669 3970 praeterito,
1686 3932 1780 3964 eidem
1794 3936 1865 3963 Duci
1876 3933 2038 3971 Clarenciae,
2057 3943 2109 3969 pro
2122 3934 2266 3966 Termino
2275 3935 2329 3965 Vt·

1267 3979 1305 4001 tae
1320 3970 1375 4000 suae
1392 3968 1552 4006 praedictae,
1568 3969 1604 3999 de
1620 3969 1708 4000 Feodi
1723 3971 1804 4003 firma
1817 3973 1849 4002 de
1863 3972 2019 4002 Wexcmbe
2034 3972 2068 4001 ὃς
2081 3973 2207 4014 Bedwyn
2220 3975 2251 4005 in
2265 3972 2332 4004 Co-

1269 4009 1368 4039 mitatu
1391 4007 1544 4044 Wiltefiae,
1562 4016 1611 4044 per
1635 4007 1741 4040 Manus
1758 4011 1979 4047 Firmanorum,
1997 4009 2190 4051 Tenentium,
2216 4012 2333 4051 Recep·

1269 4055 1385 4084 torum,
1410 4044 1601 4085 Ballivorurn,
1624 4048 1670 4079 vel
1691 4046 1755 4079 Prae
1779 4049 1931 4116 blitorum,
1954 4057 2003 4080 aut
2023 4049 2183 4089 aliquorum
2210 4052 2334 4119 aligrum

2274 4098 2340 4120 acu-

1820 1190 1858 1227 &
1871 1195 1939 1223 0230
1955 1197 2089 1226 Denarioc
2112 1208 2160 1238 per
2176 1200 2317 1240 Annum,
2337 1206 2357 1225 ὓ
2377 1207 2430 1236 XI,

1253 1233 1325 1293 {uos
1340 1225 1439 1254 Abbas
1455 1226 1488 1256 &
1502 1230 1654 1258 Conventus
1667 1231 1699 1258 de
1720 1230 1887 1270 Halesowen
1902 1232 2008 1264 solvere
2030 1237 2153 1275 debent,
2165 1239 2213 1280 ⁴de}
2230 1240 2320 1271 Feodi
2338 1252 2410 1284 704>t
