<?xml version="1.0" encoding="UTF-8"?>
<!DOCTYPE html PUBLIC "-//W3C//DTD XHTML 1.0 Transitional//EN"
    "http://www.w3.org/TR/xhtml1/DTD/xhtml1-transitional.dtd">
<html xmlns="http://www.w3.org/1999/xhtml" xml:lang="en" lang="en">
 <head>
  <title>
</title>
<meta http-equiv="Content-Type" content="text/html;charset=utf-8" />
  <meta name='ocr-system' content='tesseract 3.04.00' />
  <meta name='ocr-capabilities' content='ocr_page ocr_carea ocr_par ocr_line ocrx_word'/>
</head>
<body>
  <div class='ocr_page' id='page_1' title='image "./fderaconventione05ryme_0531.png"; bbox 0 0 2555 4266; ppageno 0'>
   <div class='ocr_carea' id='block_1_1' title="bbox 674 185 1694 252">
    <p class='ocr_par' dir='ltr' id='par_1_1' title="bbox 674 185 1694 252">
     <span class='ocr_line' id='line_1_1' title="bbox 674 185 1694 252; baseline 0.006 -6"><span class='ocrx_word' id='word_1_1' title='bbox 674 200 786 246; x_wconf 78' lang='lat' dir='ltr'>ET</span> <span class='ocrx_word' id='word_1_2' title='bbox 869 204 1132 247; x_wconf 84' lang='lat' dir='ltr'>ACTA</span> <span class='ocrx_word' id='word_1_3' title='bbox 1215 185 1694 252; x_wconf 49' lang='lat' dir='ltr'>Pontica</span> 
     </span>
    </p>
   </div>
   <div class='ocr_carea' id='block_1_2' title="bbox 6 368 99 402">
    <p class='ocr_par' dir='ltr' id='par_1_2' title="bbox 6 368 99 402">
     <span class='ocr_line' id='line_1_2' title="bbox 6 368 99 402; baseline -0.011 -7"><span class='ocrx_word' id='word_1_4' title='bbox 6 368 56 395; x_wconf 74' lang='lat' dir='ltr'>7dv.</span> <span class='ocrx_word' id='word_1_5' title='bbox 70 376 99 402; x_wconf 92' lang='lat'>4.</span> 
     </span>
    </p>
   </div>
   <div class='ocr_carea' id='block_1_3' title="bbox 2 846 97 875">
    <p class='ocr_par' dir='ltr' id='par_1_3' title="bbox 2 846 97 875">
     <span class='ocr_line' id='line_1_3' title="bbox 2 846 97 875; baseline 0.011 -1"><span class='ocrx_word' id='word_1_6' title='bbox 2 852 7 860; x_wconf 85' lang='lat'>¹</span> <span class='ocrx_word' id='word_1_7' title='bbox 27 846 97 875; x_wconf 82' lang='lat' dir='ltr'>xn.</span> 
     </span>
    </p>
   </div>
   <div class='ocr_carea' id='block_1_4' title="bbox 1 970 120 1047">
    <p class='ocr_par' dir='ltr' id='par_1_4' title="bbox 1 970 120 1047">
     <span class='ocr_line' id='line_1_4' title="bbox 1 970 120 1001; baseline -0.008 0"><span class='ocrx_word' id='word_1_8' title='bbox 1 970 70 1001; x_wconf 54' lang='grc' dir='ltr'>ΞΧηῃ.</span> <span class='ocrx_word' id='word_1_9' title='bbox 82 970 120 1000; x_wconf 91' lang='lat' dir='ltr'>D.</span> 
     </span>
     <span class='ocr_line' id='line_1_5' title="bbox 10 1010 98 1047; baseline 0.011 -9"><span class='ocrx_word' id='word_1_10' title='bbox 10 1010 98 1047; x_wconf 86' lang='lat'>1481.</span> 
     </span>
    </p>
   </div>
   <div class='ocr_carea' id='block_1_5' title="bbox 2 1052 104 1076">
    <p class='ocr_par' dir='ltr' id='par_1_5' title="bbox 2 1052 104 1076">
     <span class='ocr_line' id='line_1_6' title="bbox 2 1052 104 1076; baseline 0.01 -2"><span class='ocrx_word' id='word_1_11' title='bbox 2 1052 41 1075; x_wconf 72' lang='lat'>171.</span> <span class='ocrx_word' id='word_1_12' title='bbox 60 1058 104 1076; x_wconf 83' lang='lat'>21.</span> 
     </span>
    </p>
   </div>
   <div class='ocr_carea' id='block_1_6' title="bbox 0 1127 103 1198">
    <p class='ocr_par' dir='ltr' id='par_1_6' title="bbox 0 1127 103 1198">
     <span class='ocr_line' id='line_1_7' title="bbox 43 1127 103 1151; baseline 0 -5"><span class='ocrx_word' id='word_1_13' title='bbox 43 1127 71 1151; x_wconf 82' lang='lat' dir='ltr'><em>A</em></span> <span class='ocrx_word' id='word_1_14' title='bbox 91 1140 103 1146; x_wconf 91' lang='lat'><em>-</em></span> 
     </span>
     <span class='ocr_line' id='line_1_8' title="bbox 0 1171 50 1198; baseline 0 -9"><span class='ocrx_word' id='word_1_15' title='bbox 0 1171 50 1198; x_wconf 73' lang='lat' dir='ltr'>igr.</span> 
     </span>
    </p>
   </div>
   <div class='ocr_carea' id='block_1_7' title="bbox 0 3781 95 3817">
    <p class='ocr_par' dir='ltr' id='par_1_7' title="bbox 0 3781 95 3817">
     <span class='ocr_line' id='line_1_9' title="bbox 0 3781 95 3817; baseline 0.011 -5"><span class='ocrx_word' id='word_1_16' title='bbox 0 3781 6 3800; x_wconf 71' lang='lat'>²</span> <span class='ocrx_word' id='word_1_17' title='bbox 25 3781 95 3817; x_wconf 70' lang='grc' dir='ltr'>ΧΠ.</span> 
     </span>
    </p>
   </div>
   <div class='ocr_carea' id='block_1_8' title="bbox 6 232 2451 381">
    <p class='ocr_par' dir='ltr' id='par_1_8' title="bbox 6 232 2451 381">
     <span class='ocr_line' id='line_1_10' title="bbox 2238 232 2319 272; baseline 0 -12"><span class='ocrx_word' id='word_1_18' title='bbox 2238 233 2255 260; x_wconf 87' lang='lat'>1</span> <span class='ocrx_word' id='word_1_19' title='bbox 2268 232 2283 260; x_wconf 81' lang='lat' dir='ltr'>J</span> <span class='ocrx_word' id='word_1_20' title='bbox 2296 233 2319 272; x_wconf 67' lang='grc' dir='ltr'><strong><em>ς</em></strong></span> 
     </span>
     <span class='ocr_line' id='line_1_11' title="bbox 6 287 2451 339; baseline 0.005 -19"><span class='ocrx_word' id='word_1_21' title='bbox 6 297 65 320; x_wconf 83' lang='lat' dir='ltr'>mn.</span> <span class='ocrx_word' id='word_1_22' title='bbox 76 287 119 319; x_wconf 89' lang='lat' dir='ltr'>D.</span> <span class='ocrx_word' id='word_1_23' title='bbox 139 301 223 331; x_wconf 82' lang='lat' dir='ltr'>penes</span> <span class='ocrx_word' id='word_1_24' title='bbox 241 291 269 321; x_wconf 92' lang='lat' dir='ltr'>se</span> <span class='ocrx_word' id='word_1_25' title='bbox 283 288 439 329; x_wconf 77' lang='lat' dir='ltr'>singillatim</span> <span class='ocrx_word' id='word_1_26' title='bbox 453 287 625 333; x_wconf 72' lang='lat' dir='ltr'>Retineant,</span> <span class='ocrx_word' id='word_1_27' title='bbox 644 291 676 322; x_wconf 90' lang='lat'>&amp;</span> <span class='ocrx_word' id='word_1_28' title='bbox 689 301 722 322; x_wconf 88' lang='lat' dir='ltr'>ea</span> <span class='ocrx_word' id='word_1_29' title='bbox 739 291 772 323; x_wconf 86' lang='lat' dir='ltr'>ad</span> <span class='ocrx_word' id='word_1_30' title='bbox 787 291 933 332; x_wconf 66' lang='lat' dir='ltr'>praedictas</span> <span class='ocrx_word' id='word_1_31' title='bbox 956 291 1084 322; x_wconf 69' lang='lat' dir='ltr'>O&amp;abas</span> <span class='ocrx_word' id='word_1_32' title='bbox 1101 291 1198 322; x_wconf 60' lang='lat' dir='ltr'>Sancti</span> <span class='ocrx_word' id='word_1_33' title='bbox 1251 321 1254 323; x_wconf 19' lang='grc' dir='ltr'><strong>Α</strong></span> <span class='ocrx_word' id='word_1_34' title='bbox 1282 288 1390 327; x_wconf 76' lang='lat' dir='ltr'>ITEM,</span> <span class='ocrx_word' id='word_1_35' title='bbox 1410 292 1599 325; x_wconf 88' lang='lat' dir='ltr'>Conventum</span> <span class='ocrx_word' id='word_1_36' title='bbox 1614 297 1647 327; x_wconf 91' lang='lat'>&amp;</span> <span class='ocrx_word' id='word_1_37' title='bbox 1661 296 1882 330; x_wconf 74' lang='lat' dir='ltr'>concordatum</span> <span class='ocrx_word' id='word_1_38' title='bbox 1899 299 1940 330; x_wconf 87' lang='lat' dir='ltr'>est</span> <span class='ocrx_word' id='word_1_39' title='bbox 1961 301 2031 332; x_wconf 86' lang='lat' dir='ltr'>inter</span> <span class='ocrx_word' id='word_1_40' title='bbox 2053 301 2146 333; x_wconf 56' lang='lat' dir='ltr'>&lt;iiiios</span> <span class='ocrx_word' id='word_1_41' title='bbox 2164 303 2258 339; x_wconf 69' lang='lat' dir='ltr'>Rrgsm</span> <span class='ocrx_word' id='word_1_42' title='bbox 2273 306 2305 335; x_wconf 66' lang='grc' dir='ltr'>ἃ</span> <span class='ocrx_word' id='word_1_43' title='bbox 2324 302 2398 334; x_wconf 77' lang='lat' dir='ltr'>Anii.</span> <span class='ocrx_word' id='word_1_44' title='bbox 2409 295 2451 335; x_wconf 56' lang='lat' dir='ltr'>fl,</span> 
     </span>
     <span class='ocr_line' id='line_1_12' title="bbox 10 327 2428 381; baseline 0.007 -26"><span class='ocrx_word' id='word_1_45' title='bbox 10 328 98 367; x_wconf 87' lang='lat'>1481.</span> <span class='ocrx_word' id='word_1_46' title='bbox 142 330 291 363; x_wconf 82' lang='lat' dir='ltr'>M1chaelis</span> <span class='ocrx_word' id='word_1_47' title='bbox 306 338 406 358; x_wconf 85' lang='lat' dir='ltr'>coram</span> <span class='ocrx_word' id='word_1_48' title='bbox 422 327 520 357; x_wconf 87' lang='lat' dir='ltr'>Nobis</span> <span class='ocrx_word' id='word_1_49' title='bbox 538 329 715 368; x_wconf 86' lang='lat' dir='ltr'>Retornent,</span> <span class='ocrx_word' id='word_1_50' title='bbox 1246 331 1364 365; x_wconf 75' lang='lat' dir='ltr'>Ducem,</span> <span class='ocrx_word' id='word_1_51' title='bbox 1383 332 1462 366; x_wconf 70' lang='lat' dir='ltr'>quod</span> <span class='ocrx_word' id='word_1_52' title='bbox 1482 333 1658 364; x_wconf 52' lang='lat' dir='ltr'>Auctoris-ite</span> <span class='ocrx_word' id='word_1_53' title='bbox 1671 335 1704 365; x_wconf 91' lang='lat'>&amp;</span> <span class='ocrx_word' id='word_1_54' title='bbox 1720 334 1865 367; x_wconf 82' lang='lat' dir='ltr'>Consensu</span> <span class='ocrx_word' id='word_1_55' title='bbox 1880 340 2011 369; x_wconf 90' lang='lat' dir='ltr'>omnium</span> <span class='ocrx_word' id='word_1_56' title='bbox 2027 351 2153 378; x_wconf 82' lang='lat' dir='ltr'>qnorum</span> <span class='ocrx_word' id='word_1_57' title='bbox 2176 341 2304 379; x_wconf 53' lang='lat' dir='ltr'>intetes&#39;c,</span> <span class='ocrx_word' id='word_1_58' title='bbox 2341 342 2428 381; x_wconf 56' lang='lat'>148}-</span> 
     </span>
    </p>
   </div>
   <div class='ocr_carea' id='block_1_9' title="bbox 136 366 1198 638">
    <p class='ocr_par' dir='ltr' id='par_1_9' title="bbox 136 366 1198 638">
     <span class='ocr_line' id='line_1_13' title="bbox 178 366 1198 411; baseline -0.003 -11"><span class='ocrx_word' id='word_1_59' title='bbox 178 369 217 400; x_wconf 89' lang='lat' dir='ltr'>Et</span> <span class='ocrx_word' id='word_1_60' title='bbox 239 367 317 405; x_wconf 77' lang='lat' dir='ltr'>quod</span> <span class='ocrx_word' id='word_1_61' title='bbox 339 377 408 404; x_wconf 85' lang='lat' dir='ltr'>vos,</span> <span class='ocrx_word' id='word_1_62' title='bbox 426 366 459 395; x_wconf 82' lang='lat' dir='ltr'>ad</span> <span class='ocrx_word' id='word_1_63' title='bbox 478 366 587 397; x_wconf 88' lang='lat' dir='ltr'>easdem</span> <span class='ocrx_word' id='word_1_64' title='bbox 605 368 730 399; x_wconf 71' lang='lat' dir='ltr'>Oistabas</span> <span class='ocrx_word' id='word_1_65' title='bbox 749 368 844 399; x_wconf 57' lang='lat' dir='ltr'>Sancti</span> <span class='ocrx_word' id='word_1_66' title='bbox 868 368 1034 403; x_wconf 78' lang='lat' dir='ltr'>Michaelis,</span> <span class='ocrx_word' id='word_1_67' title='bbox 1053 368 1133 411; x_wconf 81' lang='lat' dir='ltr'>super</span> <span class='ocrx_word' id='word_1_68' title='bbox 1146 367 1198 398; x_wconf 85' lang='lat' dir='ltr'>eis-</span> 
     </span>
     <span class='ocr_line' id='line_1_14' title="bbox 138 404 1197 447; baseline -0.002 -9"><span class='ocrx_word' id='word_1_69' title='bbox 138 408 208 438; x_wconf 89' lang='lat' dir='ltr'>dem</span> <span class='ocrx_word' id='word_1_70' title='bbox 225 406 357 436; x_wconf 85' lang='lat' dir='ltr'>Brevibus</span> <span class='ocrx_word' id='word_1_71' title='bbox 371 406 404 435; x_wconf 71' lang='grc' dir='ltr'>ὃ(</span> <span class='ocrx_word' id='word_1_72' title='bbox 419 405 587 444; x_wconf 65' lang='lat' dir='ltr'>Praeceptis,</span> <span class='ocrx_word' id='word_1_73' title='bbox 606 416 639 437; x_wconf 82' lang='lat' dir='ltr'>ac</span> <span class='ocrx_word' id='word_1_74' title='bbox 662 408 692 436; x_wconf 90' lang='lat' dir='ltr'>in</span> <span class='ocrx_word' id='word_1_75' title='bbox 709 408 768 437; x_wconf 85' lang='lat' dir='ltr'>aliis</span> <span class='ocrx_word' id='word_1_76' title='bbox 793 406 959 442; x_wconf 83' lang='lat' dir='ltr'>Praemiffis,</span> <span class='ocrx_word' id='word_1_77' title='bbox 978 404 1197 447; x_wconf 25' lang='lat' dir='ltr'>Procedatisl&amp;</span> 
     </span>
     <span class='ocr_line' id='line_1_15' title="bbox 137 442 1197 487; baseline -0.004 -11"><span class='ocrx_word' id='word_1_78' title='bbox 137 443 287 476; x_wconf 77' lang='lat' dir='ltr'>Proceffus</span> <span class='ocrx_word' id='word_1_79' title='bbox 312 444 434 480; x_wconf 87' lang='lat' dir='ltr'>faciatis,</span> <span class='ocrx_word' id='word_1_80' title='bbox 451 454 483 473; x_wconf 85' lang='lat' dir='ltr'>ac</span> <span class='ocrx_word' id='word_1_81' title='bbox 505 444 525 474; x_wconf 86' lang='lat' dir='ltr'>si</span> <span class='ocrx_word' id='word_1_82' title='bbox 548 444 642 475; x_wconf 80' lang='lat' dir='ltr'>Brevia</span> <span class='ocrx_word' id='word_1_83' title='bbox 656 445 689 475; x_wconf 89' lang='lat'>&amp;</span> <span class='ocrx_word' id='word_1_84' title='bbox 705 446 849 483; x_wconf 65' lang='lat' dir='ltr'>Praecepta</span> <span class='ocrx_word' id='word_1_85' title='bbox 863 445 908 473; x_wconf 86' lang='lat' dir='ltr'>ilia</span> <span class='ocrx_word' id='word_1_86' title='bbox 925 445 953 472; x_wconf 91' lang='lat' dir='ltr'>in</span> <span class='ocrx_word' id='word_1_87' title='bbox 968 443 1050 486; x_wconf 61' lang='lat' dir='ltr'>dietis</span> <span class='ocrx_word' id='word_1_88' title='bbox 1064 442 1197 487; x_wconf 62' lang='lat' dir='ltr'>Crastmo</span> 
     </span>
     <span class='ocr_line' id='line_1_16' title="bbox 137 480 1197 524; baseline -0.003 -12"><span class='ocrx_word' id='word_1_89' title='bbox 137 483 232 514; x_wconf 62' lang='lat' dir='ltr'>Sancti</span> <span class='ocrx_word' id='word_1_90' title='bbox 244 482 399 520; x_wconf 65' lang='lat' dir='ltr'>johannis,</span> <span class='ocrx_word' id='word_1_91' title='bbox 416 482 461 512; x_wconf 88' lang='lat' dir='ltr'>vel</span> <span class='ocrx_word' id='word_1_92' title='bbox 476 482 631 520; x_wconf 83' lang='lat' dir='ltr'>Qindena</span> <span class='ocrx_word' id='word_1_93' title='bbox 646 483 758 514; x_wconf 59' lang='lat' dir='ltr'>Sancta:</span> <span class='ocrx_word' id='word_1_94' title='bbox 771 482 934 518; x_wconf 83' lang='lat' dir='ltr'>Trinitatis,</span> <span class='ocrx_word' id='word_1_95' title='bbox 950 489 1002 524; x_wconf 71' lang='lat' dir='ltr'>aut¹</span> <span class='ocrx_word' id='word_1_96' title='bbox 1013 491 1042 511; x_wconf 81' lang='lat' dir='ltr'>in</span> <span class='ocrx_word' id='word_1_97' title='bbox 1056 480 1197 524; x_wconf 48' lang='lat' dir='ltr'>diffiso-</span> 
     </span>
     <span class='ocr_line' id='line_1_17' title="bbox 137 518 1198 559; baseline -0.004 -8"><span class='ocrx_word' id='word_1_98' title='bbox 137 522 225 552; x_wconf 70' lang='lat' dir='ltr'>&amp;abis</span> <span class='ocrx_word' id='word_1_99' title='bbox 240 523 287 551; x_wconf 93' lang='lat' dir='ltr'>seu</span> <span class='ocrx_word' id='word_1_100' title='bbox 297 521 449 558; x_wconf 85' lang='lat' dir='ltr'>Quindena</span> <span class='ocrx_word' id='word_1_101' title='bbox 458 521 554 551; x_wconf 67' lang='lat' dir='ltr'>Sancti</span> <span class='ocrx_word' id='word_1_102' title='bbox 564 521 718 559; x_wconf 80' lang='lat' dir='ltr'>Johannis,</span> <span class='ocrx_word' id='word_1_103' title='bbox 726 529 772 550; x_wconf 92' lang='lat' dir='ltr'>aut</span> <span class='ocrx_word' id='word_1_104' title='bbox 785 520 898 549; x_wconf 88' lang='lat' dir='ltr'>interim</span> <span class='ocrx_word' id='word_1_105' title='bbox 908 542 917 555; x_wconf 88' lang='lat'>,</span> <span class='ocrx_word' id='word_1_106' title='bbox 925 519 959 548; x_wconf 85' lang='lat' dir='ltr'>ad</span> <span class='ocrx_word' id='word_1_107' title='bbox 969 519 1094 556; x_wconf 89' lang='lat' dir='ltr'>aliquem</span> <span class='ocrx_word' id='word_1_108' title='bbox 1106 518 1198 548; x_wconf 87' lang='lat' dir='ltr'>Diem</span> 
     </span>
     <span class='ocr_line' id='line_1_18' title="bbox 136 557 1198 594; baseline -0.003 -4"><span class='ocrx_word' id='word_1_109' title='bbox 136 561 173 590; x_wconf 90' lang='lat' dir='ltr'>ab</span> <span class='ocrx_word' id='word_1_110' title='bbox 193 559 295 590; x_wconf 89' lang='lat' dir='ltr'>eisdem</span> <span class='ocrx_word' id='word_1_111' title='bbox 322 559 442 589; x_wconf 67' lang='lat' dir='ltr'>octabis</span> <span class='ocrx_word' id='word_1_112' title='bbox 466 559 575 589; x_wconf 65' lang='lat' dir='ltr'>Sanetae</span> <span class='ocrx_word' id='word_1_113' title='bbox 596 560 743 589; x_wconf 77' lang='lat' dir='ltr'>Trinitatis</span> <span class='ocrx_word' id='word_1_114' title='bbox 767 558 940 594; x_wconf 87' lang='lat' dir='ltr'>Retornata,</span> <span class='ocrx_word' id='word_1_115' title='bbox 959 566 993 587; x_wconf 90' lang='lat' dir='ltr'>ac</span> <span class='ocrx_word' id='word_1_116' title='bbox 1007 565 1107 588; x_wconf 85' lang='lat' dir='ltr'>caetera</span> <span class='ocrx_word' id='word_1_117' title='bbox 1120 557 1198 587; x_wconf 82' lang='lat' dir='ltr'>Prae-</span> 
     </span>
     <span class='ocr_line' id='line_1_19' title="bbox 137 597 693 638; baseline -0.007 -8"><span class='ocrx_word' id='word_1_118' title='bbox 137 598 220 630; x_wconf 82' lang='lat' dir='ltr'>miffa</span> <span class='ocrx_word' id='word_1_119' title='bbox 235 599 336 638; x_wconf 82' lang='lat' dir='ltr'>absque</span> <span class='ocrx_word' id='word_1_120' title='bbox 354 598 557 635; x_wconf 75' lang='lat' dir='ltr'>Adjornatione</span> <span class='ocrx_word' id='word_1_121' title='bbox 573 597 693 627; x_wconf 72' lang='lat' dir='ltr'>fuissent.</span> 
     </span>
    </p>
   </div>
   <div class='ocr_carea' id='block_1_10' title="bbox 135 671 1198 753">
    <p class='ocr_par' dir='ltr' id='par_1_10' title="bbox 135 671 1198 753">
     <span class='ocr_line' id='line_1_20' title="bbox 135 671 1198 753; baseline -0.005 -46"><span class='ocrx_word' id='word_1_122' title='bbox 135 713 154 753; x_wconf 78' lang='lat' dir='ltr'>J</span> <span class='ocrx_word' id='word_1_123' title='bbox 175 675 264 720; x_wconf 71' lang='lat' dir='ltr'>Teste</span> <span class='ocrx_word' id='word_1_124' title='bbox 293 675 380 714; x_wconf 85' lang='lat' dir='ltr'><strong>Rege</strong></span> <span class='ocrx_word' id='word_1_125' title='bbox 400 674 475 714; x_wconf 89' lang='lat' dir='ltr'>apud</span> <span class='ocrx_word' id='word_1_126' title='bbox 499 671 757 712; x_wconf 76' lang='lat' dir='ltr'>Wstmouasterium</span> <span class='ocrx_word' id='word_1_127' title='bbox 773 696 784 711; x_wconf 86' lang='lat'>,</span> <span class='ocrx_word' id='word_1_128' title='bbox 816 671 957 705; x_wconf 83' lang='lat' dir='ltr'>vicesimo</span> <span class='ocrx_word' id='word_1_129' title='bbox 986 671 1110 704; x_wconf 85' lang='lat' dir='ltr'>secundo</span> <span class='ocrx_word' id='word_1_130' title='bbox 1140 671 1198 703; x_wconf 85' lang='lat' dir='ltr'>Die</span> 
     </span>
     <span class='ocr_line' id='line_1_21' title="bbox 158 724 225 745; baseline -0.015 0"><span class='ocrx_word' id='word_1_131' title='bbox 158 724 225 745; x_wconf 90' lang='lat' dir='ltr'>unii.</span> 
     </span>
    </p>
   </div>
   <div class='ocr_carea' id='block_1_11' title="bbox 142 843 1199 939">
    <p class='ocr_par' dir='ltr' id='par_1_11' title="bbox 142 843 1199 939">
     <span class='ocr_line' id='line_1_22' title="bbox 142 843 1199 883; baseline -0.004 -3"><span class='ocrx_word' id='word_1_132' title='bbox 142 845 169 872; x_wconf 37' lang='grc' dir='ltr'>ᾖ</span> <span class='ocrx_word' id='word_1_133' title='bbox 197 850 255 880; x_wconf 87' lang='lat' dir='ltr'>Pro</span> <span class='ocrx_word' id='word_1_134' title='bbox 275 845 354 878; x_wconf 75' lang='lat' dir='ltr'>Filia</span> <span class='ocrx_word' id='word_1_135' title='bbox 376 846 472 876; x_wconf 85' lang='lat' dir='ltr'>Ducis</span> <span class='ocrx_word' id='word_1_136' title='bbox 490 844 668 883; x_wconf 68' lang='lat' dir='ltr'>Britannia,</span> <span class='ocrx_word' id='word_1_137' title='bbox 693 843 730 876; x_wconf 84' lang='lat' dir='ltr'>de</span> <span class='ocrx_word' id='word_1_138' title='bbox 753 847 960 878; x_wconf 78' lang='lat' dir='ltr'>Matrimonia</span> <span class='ocrx_word' id='word_1_139' title='bbox 988 856 1057 877; x_wconf 85' lang='lat' dir='ltr'>cum</span> <span class='ocrx_word' id='word_1_140' title='bbox 1078 847 1199 878; x_wconf 72' lang='lat' dir='ltr'>Primo-</span> 
     </span>
     <span class='ocr_line' id='line_1_23' title="bbox 557 894 778 939; baseline 0.009 -15"><span class='ocrx_word' id='word_1_141' title='bbox 557 894 659 939; x_wconf 85' lang='lat' dir='ltr'>genito</span> <span class='ocrx_word' id='word_1_142' title='bbox 677 895 778 939; x_wconf 77' lang='lat' dir='ltr'>Regis.</span> 
     </span>
    </p>
   </div>
   <div class='ocr_carea' id='block_1_12' title="bbox 137 976 1204 2020">
    <p class='ocr_par' dir='ltr' id='par_1_12' title="bbox 138 976 1202 1126">
     <span class='ocr_line' id='line_1_24' title="bbox 140 976 1201 1042; baseline -0.001 -33"><span class='ocrx_word' id='word_1_143' title='bbox 140 976 332 1042; x_wconf 72' lang='lat' dir='ltr'>FRancifiux</span> <span class='ocrx_word' id='word_1_144' title='bbox 347 1001 357 1017; x_wconf 86' lang='lat'>,</span> <span class='ocrx_word' id='word_1_145' title='bbox 373 976 431 1008; x_wconf 84' lang='lat' dir='ltr'>Dei</span> <span class='ocrx_word' id='word_1_146' title='bbox 455 978 542 1017; x_wconf 66' lang='lat' dir='ltr'>gratia</span> <span class='ocrx_word' id='word_1_147' title='bbox 557 1001 567 1015; x_wconf 87' lang='lat'>,</span> <span class='ocrx_word' id='word_1_148' title='bbox 585 980 742 1008; x_wconf 64' lang='lat' dir='ltr'>Britanniae</span> <span class='ocrx_word' id='word_1_149' title='bbox 763 978 832 1009; x_wconf 91' lang='lat' dir='ltr'>Dux</span> <span class='ocrx_word' id='word_1_150' title='bbox 848 1003 857 1018; x_wconf 94' lang='lat'>,</span> <span class='ocrx_word' id='word_1_151' title='bbox 876 978 1063 1018; x_wconf 79' lang='lat' dir='ltr'>Montirfhrtis</span> <span class='ocrx_word' id='word_1_152' title='bbox 1079 1004 1088 1017; x_wconf 90' lang='lat'>,</span> <span class='ocrx_word' id='word_1_153' title='bbox 1105 978 1201 1009; x_wconf 86' lang='lat' dir='ltr'>Riche-</span> 
     </span>
     <span class='ocr_line' id='line_1_25' title="bbox 210 1016 1200 1057; baseline 0.002 -11"><span class='ocrx_word' id='word_1_154' title='bbox 210 1016 322 1047; x_wconf 80' lang='lat' dir='ltr'>mondiae</span> <span class='ocrx_word' id='word_1_155' title='bbox 338 1039 348 1055; x_wconf 86' lang='lat'>,</span> <span class='ocrx_word' id='word_1_156' title='bbox 372 1016 562 1055; x_wconf 73' lang='lat' dir='ltr'>Ellamparum</span> <span class='ocrx_word' id='word_1_157' title='bbox 578 1039 587 1053; x_wconf 94' lang='lat'>,</span> <span class='ocrx_word' id='word_1_158' title='bbox 605 1017 638 1047; x_wconf 62' lang='grc' dir='ltr'>ὃς</span> <span class='ocrx_word' id='word_1_159' title='bbox 659 1020 688 1047; x_wconf 94' lang='lat' dir='ltr'><em>V</em></span> <span class='ocrx_word' id='word_1_160' title='bbox 688 1017 838 1057; x_wconf 64' lang='lat' dir='ltr'>irtufiorum</span> <span class='ocrx_word' id='word_1_161' title='bbox 860 1017 971 1049; x_wconf 89' lang='lat' dir='ltr'>Comes</span> <span class='ocrx_word' id='word_1_162' title='bbox 989 1041 999 1055; x_wconf 87' lang='lat'>,</span> <span class='ocrx_word' id='word_1_163' title='bbox 1017 1018 1148 1048; x_wconf 84' lang='lat' dir='ltr'>universis</span> <span class='ocrx_word' id='word_1_164' title='bbox 1166 1018 1200 1048; x_wconf 89' lang='lat'>&amp;</span> 
     </span>
     <span class='ocr_line' id='line_1_26' title="bbox 141 1055 1202 1095; baseline -0.001 -8"><span class='ocrx_word' id='word_1_165' title='bbox 141 1056 265 1095; x_wconf 79' lang='lat' dir='ltr'>fingulis,</span> <span class='ocrx_word' id='word_1_166' title='bbox 283 1055 318 1086; x_wconf 86' lang='lat' dir='ltr'>ad</span> <span class='ocrx_word' id='word_1_167' title='bbox 337 1065 460 1094; x_wconf 89' lang='lat' dir='ltr'>quorum</span> <span class='ocrx_word' id='word_1_168' title='bbox 479 1055 628 1086; x_wconf 86' lang='lat' dir='ltr'>Notitiam</span> <span class='ocrx_word' id='word_1_169' title='bbox 646 1056 794 1093; x_wconf 75' lang='lat' dir='ltr'>praesent-:s</span> <span class='ocrx_word' id='word_1_170' title='bbox 814 1057 919 1088; x_wconf 90' lang='lat' dir='ltr'>Literae</span> <span class='ocrx_word' id='word_1_171' title='bbox 938 1057 1134 1095; x_wconf 82' lang='lat' dir='ltr'>pervenerint,</span> <span class='ocrx_word' id='word_1_172' title='bbox 1151 1055 1202 1086; x_wconf 87' lang='lat' dir='ltr'>Sa-</span> 
     </span>
     <span class='ocr_line' id='line_1_27' title="bbox 138 1095 239 1126; baseline -0.04 0"><span class='ocrx_word' id='word_1_173' title='bbox 138 1095 239 1126; x_wconf 89' lang='lat' dir='ltr'>lutem.</span> 
     </span>
    </p>

    <p class='ocr_par' dir='ltr' id='par_1_13' title="bbox 138 1132 1202 1253">
     <span class='ocr_line' id='line_1_28' title="bbox 178 1132 1202 1171; baseline -0.001 -7"><span class='ocrx_word' id='word_1_174' title='bbox 178 1133 260 1164; x_wconf 77' lang='lat' dir='ltr'>Cum</span> <span class='ocrx_word' id='word_1_175' title='bbox 278 1143 421 1170; x_wconf 87' lang='lat' dir='ltr'>quemque</span> <span class='ocrx_word' id='word_1_176' title='bbox 439 1132 606 1170; x_wconf 76' lang='lat' dir='ltr'>Principem</span> <span class='ocrx_word' id='word_1_177' title='bbox 621 1132 657 1163; x_wconf 90' lang='lat' dir='ltr'>de</span> <span class='ocrx_word' id='word_1_178' title='bbox 671 1133 727 1170; x_wconf 88' lang='lat' dir='ltr'>ejus</span> <span class='ocrx_word' id='word_1_179' title='bbox 745 1132 935 1163; x_wconf 87' lang='lat' dir='ltr'>Subditorum</span> <span class='ocrx_word' id='word_1_180' title='bbox 952 1133 1060 1171; x_wconf 79' lang='lat' dir='ltr'>Qiere</span> <span class='ocrx_word' id='word_1_181' title='bbox 1082 1132 1202 1164; x_wconf 78' lang='lat' dir='ltr'>Utilita-</span> 
     </span>
     <span class='ocr_line' id='line_1_29' title="bbox 138 1170 1202 1211; baseline 0 -9"><span class='ocrx_word' id='word_1_182' title='bbox 138 1180 223 1210; x_wconf 89' lang='lat' dir='ltr'>teque</span> <span class='ocrx_word' id='word_1_183' title='bbox 237 1174 466 1211; x_wconf 84' lang='lat' dir='ltr'>cogitare,atque</span> <span class='ocrx_word' id='word_1_184' title='bbox 480 1171 534 1201; x_wconf 61' lang='lat' dir='ltr'>suae</span> <span class='ocrx_word' id='word_1_185' title='bbox 550 1171 586 1202; x_wconf 85' lang='lat' dir='ltr'>sic</span> <span class='ocrx_word' id='word_1_186' title='bbox 603 1171 762 1201; x_wconf 87' lang='lat' dir='ltr'>Posteritati</span> <span class='ocrx_word' id='word_1_187' title='bbox 775 1171 920 1201; x_wconf 83' lang='lat' dir='ltr'>consulere</span> <span class='ocrx_word' id='word_1_188' title='bbox 935 1170 1015 1209; x_wconf 81' lang='lat' dir='ltr'>quod</span> <span class='ocrx_word' id='word_1_189' title='bbox 1030 1171 1112 1209; x_wconf 80' lang='lat' dir='ltr'>ipsius</span> <span class='ocrx_word' id='word_1_190' title='bbox 1119 1172 1202 1202; x_wconf 85' lang='lat' dir='ltr'>Prin-</span> 
     </span>
     <span class='ocr_line' id='line_1_30' title="bbox 139 1209 1035 1253; baseline -0.001 -12"><span class='ocrx_word' id='word_1_191' title='bbox 139 1212 247 1248; x_wconf 83' lang='lat' dir='ltr'>cipatus</span> <span class='ocrx_word' id='word_1_192' title='bbox 261 1210 337 1241; x_wconf 69' lang='lat' dir='ltr'>nulla</span> <span class='ocrx_word' id='word_1_193' title='bbox 351 1219 432 1240; x_wconf 64' lang='lat' dir='ltr'>aetate</span> <span class='ocrx_word' id='word_1_194' title='bbox 449 1210 593 1247; x_wconf 77' lang='lat' dir='ltr'>depereat,</span> <span class='ocrx_word' id='word_1_195' title='bbox 613 1211 738 1239; x_wconf 76' lang='lat' dir='ltr'>maxime</span> <span class='ocrx_word' id='word_1_196' title='bbox 752 1209 865 1248; x_wconf 89' lang='lat' dir='ltr'>deceat,</span> <span class='ocrx_word' id='word_1_197' title='bbox 1022 1247 1035 1253; x_wconf 80' lang='lat'>-</span> 
     </span>
    </p>

    <p class='ocr_par' dir='ltr' id='par_1_14' title="bbox 137 1247 1201 1396">
     <span class='ocr_line' id='line_1_31' title="bbox 178 1247 1201 1288; baseline 0 -9"><span class='ocrx_word' id='word_1_198' title='bbox 178 1250 259 1287; x_wconf 81' lang='lat' dir='ltr'>Qas</span> <span class='ocrx_word' id='word_1_199' title='bbox 274 1249 309 1279; x_wconf 87' lang='lat' dir='ltr'>ad</span> <span class='ocrx_word' id='word_1_200' title='bbox 325 1248 384 1278; x_wconf 81' lang='lat' dir='ltr'>Res</span> <span class='ocrx_word' id='word_1_201' title='bbox 401 1248 591 1279; x_wconf 85' lang='lat' dir='ltr'>conficiendas</span> <span class='ocrx_word' id='word_1_202' title='bbox 606 1247 710 1285; x_wconf 89' lang='lat' dir='ltr'>aliquid</span> <span class='ocrx_word' id='word_1_203' title='bbox 725 1250 814 1287; x_wconf 83' lang='lat' dir='ltr'>magis</span> <span class='ocrx_word' id='word_1_204' title='bbox 826 1250 1002 1279; x_wconf 86' lang='lat' dir='ltr'>conveniens</span> <span class='ocrx_word' id='word_1_205' title='bbox 1019 1249 1079 1278; x_wconf 86' lang='lat' dir='ltr'>neri</span> <span class='ocrx_word' id='word_1_206' title='bbox 1095 1258 1201 1288; x_wconf 86' lang='lat' dir='ltr'>neque-</span> 
     </span>
     <span class='ocr_line' id='line_1_32' title="bbox 138 1286 1200 1325; baseline -0.001 -7"><span class='ocrx_word' id='word_1_207' title='bbox 138 1297 183 1324; x_wconf 75' lang='lat' dir='ltr'>at,</span> <span class='ocrx_word' id='word_1_208' title='bbox 201 1289 290 1325; x_wconf 67' lang='lat' dir='ltr'>quam</span> <span class='ocrx_word' id='word_1_209' title='bbox 304 1287 423 1318; x_wconf 85' lang='lat' dir='ltr'>Foedera</span> <span class='ocrx_word' id='word_1_210' title='bbox 438 1297 506 1317; x_wconf 89' lang='lat' dir='ltr'>cum</span> <span class='ocrx_word' id='word_1_211' title='bbox 525 1287 576 1317; x_wconf 89' lang='lat' dir='ltr'>illis</span> <span class='ocrx_word' id='word_1_212' title='bbox 592 1287 773 1323; x_wconf 73' lang='lat' dir='ltr'>Principibus</span> <span class='ocrx_word' id='word_1_213' title='bbox 788 1295 932 1324; x_wconf 85' lang='lat' dir='ltr'>percutere</span> <span class='ocrx_word' id='word_1_214' title='bbox 948 1289 981 1317; x_wconf 90' lang='lat'>&amp;</span> <span class='ocrx_word' id='word_1_215' title='bbox 995 1286 1113 1316; x_wconf 85' lang='lat' dir='ltr'>stabilire</span> <span class='ocrx_word' id='word_1_216' title='bbox 1123 1310 1132 1324; x_wconf 91' lang='lat'>,</span> <span class='ocrx_word' id='word_1_217' title='bbox 1151 1288 1200 1324; x_wconf 91' lang='lat' dir='ltr'>qui</span> 
     </span>
     <span class='ocr_line' id='line_1_33' title="bbox 137 1325 1201 1363; baseline -0.001 -6"><span class='ocrx_word' id='word_1_218' title='bbox 137 1328 191 1358; x_wconf 84' lang='lat' dir='ltr'>suis</span> <span class='ocrx_word' id='word_1_219' title='bbox 208 1326 418 1357; x_wconf 83' lang='lat' dir='ltr'>Confoederatis</span> <span class='ocrx_word' id='word_1_220' title='bbox 432 1327 567 1363; x_wconf 76' lang='lat' dir='ltr'>perpetue</span> <span class='ocrx_word' id='word_1_221' title='bbox 583 1325 671 1356; x_wconf 87' lang='lat' dir='ltr'>velint</span> <span class='ocrx_word' id='word_1_222' title='bbox 684 1325 717 1355; x_wconf 86' lang='lat'>&amp;</span> <span class='ocrx_word' id='word_1_223' title='bbox 731 1325 813 1356; x_wconf 90' lang='lat' dir='ltr'>facile</span> <span class='ocrx_word' id='word_1_224' title='bbox 829 1325 933 1363; x_wconf 79' lang='lat' dir='ltr'>possint</span> <span class='ocrx_word' id='word_1_225' title='bbox 949 1325 1042 1357; x_wconf 87' lang='lat' dir='ltr'>favere</span> <span class='ocrx_word' id='word_1_226' title='bbox 1055 1334 1139 1363; x_wconf 88' lang='lat' dir='ltr'>atque</span> <span class='ocrx_word' id='word_1_227' title='bbox 1153 1336 1201 1356; x_wconf 78' lang='lat' dir='ltr'>au-</span> 
     </span>
     <span class='ocr_line' id='line_1_34' title="bbox 138 1366 226 1396; baseline -0.011 0"><span class='ocrx_word' id='word_1_228' title='bbox 138 1366 226 1396; x_wconf 78' lang='lat' dir='ltr'>xiliari</span> 
     </span>
    </p>

    <p class='ocr_par' dir='ltr' id='par_1_15' title="bbox 137 1389 1204 1674">
     <span class='ocr_line' id='line_1_35' title="bbox 177 1389 1200 1441; baseline -0.002 -7"><span class='ocrx_word' id='word_1_229' title='bbox 177 1389 261 1434; x_wconf 71' lang='lat' dir='ltr'>Tur’n</span> <span class='ocrx_word' id='word_1_230' title='bbox 282 1403 363 1433; x_wconf 83' lang='lat' dir='ltr'>etiarn</span> <span class='ocrx_word' id='word_1_231' title='bbox 385 1402 641 1432; x_wconf 82' lang='lat' dir='ltr'>animadvertamus</span> <span class='ocrx_word' id='word_1_232' title='bbox 661 1411 725 1439; x_wconf 87' lang='lat' dir='ltr'>quae</span> <span class='ocrx_word' id='word_1_233' title='bbox 746 1401 846 1441; x_wconf 82' lang='lat' dir='ltr'>Regna</span> <span class='ocrx_word' id='word_1_234' title='bbox 863 1425 873 1440; x_wconf 88' lang='lat'>‚</span> <span class='ocrx_word' id='word_1_235' title='bbox 894 1402 996 1433; x_wconf 76' lang='lat' dir='ltr'>Terras</span> <span class='ocrx_word' id='word_1_236' title='bbox 1008 1425 1017 1440; x_wconf 93' lang='lat'>,</span> <span class='ocrx_word' id='word_1_237' title='bbox 1036 1410 1118 1440; x_wconf 85' lang='lat' dir='ltr'>atque</span> <span class='ocrx_word' id='word_1_238' title='bbox 1133 1402 1200 1432; x_wconf 90' lang='lat' dir='ltr'>Do-</span> 
     </span>
     <span class='ocr_line' id='line_1_36' title="bbox 138 1437 1200 1483; baseline -0.002 -10"><span class='ocrx_word' id='word_1_239' title='bbox 138 1443 227 1474; x_wconf 80' lang='lat' dir='ltr'>minia</span> <span class='ocrx_word' id='word_1_240' title='bbox 241 1437 407 1478; x_wconf 71' lang='lat' dir='ltr'>amplissima</span> <span class='ocrx_word' id='word_1_241' title='bbox 425 1440 527 1471; x_wconf 85' lang='lat' dir='ltr'>nostris</span> <span class='ocrx_word' id='word_1_242' title='bbox 539 1441 692 1470; x_wconf 84' lang='lat' dir='ltr'>convicina</span> <span class='ocrx_word' id='word_1_243' title='bbox 712 1441 829 1478; x_wconf 81' lang='lat' dir='ltr'>habeat,</span> <span class='ocrx_word' id='word_1_244' title='bbox 848 1450 1008 1479; x_wconf 81' lang='lat' dir='ltr'>quantaque</span> <span class='ocrx_word' id='word_1_245' title='bbox 1031 1439 1200 1483; x_wconf 64' lang='lat' dir='ltr'>Constantia</span> 
     </span>
     <span class='ocr_line' id='line_1_37' title="bbox 139 1478 1200 1518; baseline -0.004 -6"><span class='ocrx_word' id='word_1_246' title='bbox 139 1481 305 1518; x_wconf 85' lang='lat' dir='ltr'>Integritate</span> <span class='ocrx_word' id='word_1_247' title='bbox 320 1480 352 1508; x_wconf 64' lang='grc' dir='ltr'>δε</span> <span class='ocrx_word' id='word_1_248' title='bbox 371 1479 439 1509; x_wconf 88' lang='lat' dir='ltr'>Fide</span> <span class='ocrx_word' id='word_1_249' title='bbox 453 1479 596 1516; x_wconf 83' lang='lat' dir='ltr'>splendeat</span> <span class='ocrx_word' id='word_1_250' title='bbox 611 1478 806 1509; x_wconf 80' lang='lat' dir='ltr'>Sereniffimus</span> <span class='ocrx_word' id='word_1_251' title='bbox 823 1479 957 1516; x_wconf 76' lang='lat' dir='ltr'>Princeps</span> <span class='ocrx_word' id='word_1_252' title='bbox 965 1479 1200 1515; x_wconf 77' lang='lat' dir='ltr'>Coniaiiguineus</span> 
     </span>
     <span class='ocr_line' id='line_1_38' title="bbox 137 1517 1200 1556; baseline 0 -8"><span class='ocrx_word' id='word_1_253' title='bbox 137 1519 236 1551; x_wconf 88' lang='lat' dir='ltr'>noster</span> <span class='ocrx_word' id='word_1_254' title='bbox 251 1518 403 1548; x_wconf 84' lang='lat' dir='ltr'>cariffimus</span> <span class='ocrx_word' id='word_1_255' title='bbox 416 1517 600 1553; x_wconf 83' lang='lat' dir='ltr'>Edovardus,</span> <span class='ocrx_word' id='word_1_256' title='bbox 618 1517 716 1546; x_wconf 83' lang='lat' dir='ltr'>eadem</span> <span class='ocrx_word' id='word_1_257' title='bbox 729 1517 832 1554; x_wconf 60' lang='lat' dir='ltr'>gratia,</span> <span class='ocrx_word' id='word_1_258' title='bbox 852 1517 964 1555; x_wconf 80' lang='lat' dir='ltr'>Angliae</span> <span class='ocrx_word' id='word_1_259' title='bbox 979 1521 1057 1553; x_wconf 78' lang='lat' dir='ltr'>Rex,</span> <span class='ocrx_word' id='word_1_260' title='bbox 1076 1518 1122 1548; x_wconf 92' lang='lat' dir='ltr'>cui</span> <span class='ocrx_word' id='word_1_261' title='bbox 1148 1526 1200 1556; x_wconf 81' lang='lat' dir='ltr'>pro</span> 
     </span>
     <span class='ocr_line' id='line_1_39' title="bbox 138 1555 1201 1594; baseline -0.001 -6"><span class='ocrx_word' id='word_1_262' title='bbox 138 1557 266 1590; x_wconf 88' lang='lat' dir='ltr'>Foederis</span> <span class='ocrx_word' id='word_1_263' title='bbox 281 1556 425 1594; x_wconf 84' lang='lat' dir='ltr'>Sanguinis</span> <span class='ocrx_word' id='word_1_264' title='bbox 440 1557 473 1586; x_wconf 91' lang='lat'>&amp;</span> <span class='ocrx_word' id='word_1_265' title='bbox 486 1555 656 1585; x_wconf 85' lang='lat' dir='ltr'>Immortalis</span> <span class='ocrx_word' id='word_1_266' title='bbox 669 1555 723 1584; x_wconf 84' lang='lat' dir='ltr'>suae</span> <span class='ocrx_word' id='word_1_267' title='bbox 738 1555 942 1586; x_wconf 55' lang='lat' dir='ltr'>Benivolentite</span> <span class='ocrx_word' id='word_1_268' title='bbox 952 1557 1015 1594; x_wconf 84' lang='lat' dir='ltr'>jure</span> <span class='ocrx_word' id='word_1_269' title='bbox 1026 1556 1111 1594; x_wconf 89' lang='lat' dir='ltr'>usque</span> <span class='ocrx_word' id='word_1_270' title='bbox 1127 1558 1201 1587; x_wconf 78' lang='lat' dir='ltr'>adeo</span> 
     </span>
     <span class='ocr_line' id='line_1_40' title="bbox 139 1593 1204 1632; baseline -0.001 -5"><span class='ocrx_word' id='word_1_271' title='bbox 139 1596 337 1632; x_wconf 81' lang='lat' dir='ltr'>devincimur,</span> <span class='ocrx_word' id='word_1_272' title='bbox 354 1602 383 1624; x_wconf 93' lang='lat' dir='ltr'>ut</span> <span class='ocrx_word' id='word_1_273' title='bbox 391 1593 492 1624; x_wconf 88' lang='lat' dir='ltr'>nullius</span> <span class='ocrx_word' id='word_1_274' title='bbox 502 1593 641 1630; x_wconf 86' lang='lat' dir='ltr'>Principis</span> <span class='ocrx_word' id='word_1_275' title='bbox 660 1593 845 1632; x_wconf 75' lang='lat' dir='ltr'>Amicitiam,</span> <span class='ocrx_word' id='word_1_276' title='bbox 864 1594 1059 1632; x_wconf 82' lang='lat' dir='ltr'>Affinitatem,</span> <span class='ocrx_word' id='word_1_277' title='bbox 1077 1594 1204 1626; x_wconf 87' lang='lat' dir='ltr'>&amp;Con-</span> 
     </span>
     <span class='ocr_line' id='line_1_41' title="bbox 137 1633 732 1674; baseline -0.007 -10"><span class='ocrx_word' id='word_1_278' title='bbox 137 1633 358 1666; x_wconf 79' lang='lat' dir='ltr'>foederationem</span> <span class='ocrx_word' id='word_1_279' title='bbox 368 1633 456 1671; x_wconf 81' lang='lat' dir='ltr'>magis</span> <span class='ocrx_word' id='word_1_280' title='bbox 469 1640 650 1669; x_wconf 78' lang='lat' dir='ltr'>appetamuS,</span> <span class='ocrx_word' id='word_1_281' title='bbox 727 1670 732 1674; x_wconf 83' lang='lat'><em>.</em></span> 
     </span>
    </p>

    <p class='ocr_par' dir='ltr' id='par_1_16' title="bbox 137 1669 1204 1980">
     <span class='ocr_line' id='line_1_42' title="bbox 176 1669 1201 1710; baseline 0.001 -9"><span class='ocrx_word' id='word_1_282' title='bbox 176 1674 282 1702; x_wconf 86' lang='lat' dir='ltr'>Notum</span> <span class='ocrx_word' id='word_1_283' title='bbox 289 1670 409 1710; x_wconf 82' lang='lat' dir='ltr'>facimus</span> <span class='ocrx_word' id='word_1_284' title='bbox 421 1671 500 1708; x_wconf 78' lang='lat' dir='ltr'>quod</span> <span class='ocrx_word' id='word_1_285' title='bbox 510 1694 519 1707; x_wconf 87' lang='lat'>,</span> <span class='ocrx_word' id='word_1_286' title='bbox 538 1671 590 1700; x_wconf 85' lang='lat' dir='ltr'>hiis</span> <span class='ocrx_word' id='word_1_287' title='bbox 607 1670 640 1700; x_wconf 89' lang='lat'>&amp;</span> <span class='ocrx_word' id='word_1_288' title='bbox 654 1670 712 1699; x_wconf 85' lang='lat' dir='ltr'>aliis</span> <span class='ocrx_word' id='word_1_289' title='bbox 721 1669 800 1708; x_wconf 68' lang='lat' dir='ltr'>justis</span> <span class='ocrx_word' id='word_1_290' title='bbox 813 1670 850 1700; x_wconf 89' lang='lat' dir='ltr'>de</span> <span class='ocrx_word' id='word_1_291' title='bbox 865 1670 962 1702; x_wconf 83' lang='lat' dir='ltr'>Causis</span> <span class='ocrx_word' id='word_1_292' title='bbox 977 1672 1075 1702; x_wconf 73' lang='lat' dir='ltr'>rationi</span> <span class='ocrx_word' id='word_1_293' title='bbox 1099 1673 1201 1703; x_wconf 79' lang='lat' dir='ltr'>conso-</span> 
     </span>
     <span class='ocr_line' id='line_1_43' title="bbox 138 1707 1203 1749; baseline -0.001 -7"><span class='ocrx_word' id='word_1_294' title='bbox 138 1713 183 1742; x_wconf 90' lang='lat' dir='ltr'>nis</span> <span class='ocrx_word' id='word_1_295' title='bbox 198 1711 338 1749; x_wconf 80' lang='lat' dir='ltr'>permoti,</span> <span class='ocrx_word' id='word_1_296' title='bbox 355 1711 415 1739; x_wconf 90' lang='lat' dir='ltr'>Nos</span> <span class='ocrx_word' id='word_1_297' title='bbox 427 1719 495 1740; x_wconf 90' lang='lat' dir='ltr'>curn</span> <span class='ocrx_word' id='word_1_298' title='bbox 511 1718 546 1738; x_wconf 89' lang='lat' dir='ltr'>eo</span> <span class='ocrx_word' id='word_1_299' title='bbox 556 1707 777 1746; x_wconf 86' lang='lat' dir='ltr'>Contraximus,</span> <span class='ocrx_word' id='word_1_300' title='bbox 802 1708 948 1748; x_wconf 78' lang='lat' dir='ltr'>Fecimus,</span> <span class='ocrx_word' id='word_1_301' title='bbox 967 1710 1158 1749; x_wconf 71' lang='lat' dir='ltr'>perfecimus,</span> <span class='ocrx_word' id='word_1_302' title='bbox 1169 1711 1203 1742; x_wconf 92' lang='lat'>&amp;</span> 
     </span>
     <span class='ocr_line' id='line_1_44' title="bbox 137 1746 1202 1787; baseline 0 -7"><span class='ocrx_word' id='word_1_303' title='bbox 137 1748 356 1786; x_wconf 77' lang='lat' dir='ltr'>Concinfimus,</span> <span class='ocrx_word' id='word_1_304' title='bbox 375 1756 459 1785; x_wconf 89' lang='lat' dir='ltr'>atque</span> <span class='ocrx_word' id='word_1_305' title='bbox 474 1757 522 1784; x_wconf 88' lang='lat' dir='ltr'>per</span> <span class='ocrx_word' id='word_1_306' title='bbox 536 1746 689 1778; x_wconf 82' lang='lat' dir='ltr'>Praesentes</span> <span class='ocrx_word' id='word_1_307' title='bbox 700 1746 923 1787; x_wconf 75' lang='lat' dir='ltr'>Contrahimus,</span> <span class='ocrx_word' id='word_1_308' title='bbox 944 1749 1092 1787; x_wconf 82' lang='lat' dir='ltr'>Facimus,</span> <span class='ocrx_word' id='word_1_309' title='bbox 1112 1749 1202 1780; x_wconf 81' lang='lat' dir='ltr'>Perfi-</span> 
     </span>
     <span class='ocr_line' id='line_1_45' title="bbox 137 1785 1201 1826; baseline 0 -7"><span class='ocrx_word' id='word_1_310' title='bbox 137 1790 249 1826; x_wconf 80' lang='lat' dir='ltr'>cimus,</span> <span class='ocrx_word' id='word_1_311' title='bbox 269 1788 302 1818; x_wconf 91' lang='lat'>&amp;</span> <span class='ocrx_word' id='word_1_312' title='bbox 318 1786 545 1822; x_wconf 90' lang='lat' dir='ltr'>Concludimus,</span> <span class='ocrx_word' id='word_1_313' title='bbox 570 1786 677 1823; x_wconf 80' lang='lat' dir='ltr'>bonas,</span> <span class='ocrx_word' id='word_1_314' title='bbox 694 1785 823 1823; x_wconf 80' lang='lat' dir='ltr'>sinceras,</span> <span class='ocrx_word' id='word_1_315' title='bbox 843 1796 921 1817; x_wconf 80' lang='lat' dir='ltr'>veras</span> <span class='ocrx_word' id='word_1_316' title='bbox 932 1810 941 1825; x_wconf 90' lang='lat'>,</span> <span class='ocrx_word' id='word_1_317' title='bbox 959 1787 992 1818; x_wconf 90' lang='lat'>&amp;</span> <span class='ocrx_word' id='word_1_318' title='bbox 1005 1798 1150 1826; x_wconf 87' lang='lat' dir='ltr'>perpetuas</span> <span class='ocrx_word' id='word_1_319' title='bbox 1160 1788 1201 1819; x_wconf 90' lang='lat' dir='ltr'>A-</span> 
     </span>
     <span class='ocr_line' id='line_1_46' title="bbox 137 1823 1202 1865; baseline 0 -7"><span class='ocrx_word' id='word_1_320' title='bbox 137 1827 276 1864; x_wconf 73' lang='lat' dir='ltr'>micitias,</span> <span class='ocrx_word' id='word_1_321' title='bbox 293 1823 394 1863; x_wconf 77' lang='lat' dir='ltr'>LigaS,</span> <span class='ocrx_word' id='word_1_322' title='bbox 413 1825 445 1856; x_wconf 90' lang='lat'>&amp;</span> <span class='ocrx_word' id='word_1_323' title='bbox 460 1824 750 1861; x_wconf 74' lang='lat' dir='ltr'>Confoederationes;</span> <span class='ocrx_word' id='word_1_324' title='bbox 769 1825 797 1854; x_wconf 91' lang='lat' dir='ltr'>in</span> <span class='ocrx_word' id='word_1_325' title='bbox 812 1826 914 1861; x_wconf 87' lang='lat' dir='ltr'>quibus</span> <span class='ocrx_word' id='word_1_326' title='bbox 931 1828 1060 1861; x_wconf 82' lang='lat' dir='ltr'>utrinque</span> <span class='ocrx_word' id='word_1_327' title='bbox 1082 1827 1115 1858; x_wconf 91' lang='lat'><strong>&amp;</strong></span> <span class='ocrx_word' id='word_1_328' title='bbox 1138 1837 1202 1865; x_wconf 83' lang='lat' dir='ltr'>per-</span> 
     </span>
     <span class='ocr_line' id='line_1_47' title="bbox 139 1862 1204 1904; baseline -0.003 -9"><span class='ocrx_word' id='word_1_329' title='bbox 139 1866 255 1896; x_wconf 86' lang='lat' dir='ltr'>mixtim</span> <span class='ocrx_word' id='word_1_330' title='bbox 277 1863 412 1893; x_wconf 80' lang='lat' dir='ltr'>Haeredes</span> <span class='ocrx_word' id='word_1_331' title='bbox 433 1864 466 1893; x_wconf 73' lang='grc' dir='ltr'>ὃ(</span> <span class='ocrx_word' id='word_1_332' title='bbox 481 1863 680 1900; x_wconf 81' lang='lat' dir='ltr'>Succeffores,</span> <span class='ocrx_word' id='word_1_333' title='bbox 699 1862 817 1901; x_wconf 78' lang='lat' dir='ltr'>Regna,</span> <span class='ocrx_word' id='word_1_334' title='bbox 838 1863 982 1901; x_wconf 87' lang='lat' dir='ltr'>Ducatus,</span> <span class='ocrx_word' id='word_1_335' title='bbox 999 1865 1118 1904; x_wconf 82' lang='lat' dir='ltr'>Patrias,</span> <span class='ocrx_word' id='word_1_336' title='bbox 1138 1866 1204 1896; x_wconf 90' lang='lat' dir='ltr'>Do.</span> 
     </span>
     <span class='ocr_line' id='line_1_48' title="bbox 138 1899 1204 1942; baseline 0.002 -8"><span class='ocrx_word' id='word_1_337' title='bbox 138 1905 243 1941; x_wconf 84' lang='lat' dir='ltr'>minia,</span> <span class='ocrx_word' id='word_1_338' title='bbox 262 1899 415 1936; x_wconf 78' lang='lat' dir='ltr'>Vassallos,</span> <span class='ocrx_word' id='word_1_339' title='bbox 433 1901 466 1932; x_wconf 69' lang='grc' dir='ltr'>δε</span> <span class='ocrx_word' id='word_1_340' title='bbox 489 1900 623 1932; x_wconf 86' lang='lat' dir='ltr'>Subditos</span> <span class='ocrx_word' id='word_1_341' title='bbox 647 1901 933 1942; x_wconf 81' lang='lat' dir='ltr'>comprehendimus,</span> <span class='ocrx_word' id='word_1_342' title='bbox 951 1903 1111 1935; x_wconf 69' lang='lat' dir='ltr'>secundum</span> <span class='ocrx_word' id='word_1_343' title='bbox 1126 1904 1204 1936; x_wconf 86' lang='lat' dir='ltr'>Arti-</span> 
     </span>
     <span class='ocr_line' id='line_1_49' title="bbox 138 1939 885 1980; baseline -0.003 -7"><span class='ocrx_word' id='word_1_344' title='bbox 138 1943 272 1973; x_wconf 84' lang='lat' dir='ltr'>culorum</span> <span class='ocrx_word' id='word_1_345' title='bbox 285 1941 319 1971; x_wconf 86' lang='lat'>&amp;</span> <span class='ocrx_word' id='word_1_346' title='bbox 336 1940 537 1977; x_wconf 81' lang='lat' dir='ltr'>Capitulorum</span> <span class='ocrx_word' id='word_1_347' title='bbox 548 1940 725 1978; x_wconf 84' lang='lat' dir='ltr'>sequentium</span> <span class='ocrx_word' id='word_1_348' title='bbox 743 1939 885 1980; x_wconf 75' lang='lat' dir='ltr'>formam,</span> 
     </span>
    </p>

    <p class='ocr_par' dir='ltr' id='par_1_17' title="bbox 179 1978 578 2020">
     <span class='ocr_line' id='line_1_50' title="bbox 179 1978 578 2020; baseline -0.008 -9"><span class='ocrx_word' id='word_1_349' title='bbox 179 1981 319 2020; x_wconf 78' lang='lat' dir='ltr'>Qiorum</span> <span class='ocrx_word' id='word_1_350' title='bbox 330 1980 433 2010; x_wconf 90' lang='lat' dir='ltr'>Tenor</span> <span class='ocrx_word' id='word_1_351' title='bbox 447 1978 487 2010; x_wconf 88' lang='lat' dir='ltr'>est</span> <span class='ocrx_word' id='word_1_352' title='bbox 502 1978 578 2017; x_wconf 88' lang='lat' dir='ltr'>talis,</span> 
     </span>
    </p>
   </div>
   <div class='ocr_carea' id='block_1_13' title="bbox 132 2065 1208 4171">
    <p class='ocr_par' dir='ltr' id='par_1_18' title="bbox 138 2065 1204 2173">
     <span class='ocr_line' id='line_1_51' title="bbox 176 2065 1204 2108; baseline 0.002 -11"><span class='ocrx_word' id='word_1_353' title='bbox 176 2067 244 2097; x_wconf 87' lang='lat' dir='ltr'>Haec</span> <span class='ocrx_word' id='word_1_354' title='bbox 252 2065 321 2106; x_wconf 69' lang='lat' dir='ltr'>ficut</span> <span class='ocrx_word' id='word_1_355' title='bbox 334 2072 522 2104; x_wconf 79' lang='lat' dir='ltr'>perpetuarum</span> <span class='ocrx_word' id='word_1_356' title='bbox 543 2067 737 2098; x_wconf 86' lang='lat' dir='ltr'>Amicitiarum</span> <span class='ocrx_word' id='word_1_357' title='bbox 747 2090 757 2106; x_wconf 83' lang='lat'>‚</span> <span class='ocrx_word' id='word_1_358' title='bbox 777 2069 927 2107; x_wconf 73' lang='lat' dir='ltr'>Ligurum,</span> <span class='ocrx_word' id='word_1_359' title='bbox 946 2066 1147 2108; x_wconf 80' lang='lat' dir='ltr'>Affinitatum,</span> <span class='ocrx_word' id='word_1_360' title='bbox 1165 2067 1204 2104; x_wconf 70' lang='lat'>&amp;-</span> 
     </span>
     <span class='ocr_line' id='line_1_52' title="bbox 138 2104 565 2173; baseline -0.007 -36"><span class='ocrx_word' id='word_1_361' title='bbox 138 2104 401 2145; x_wconf 79' lang='lat' dir='ltr'>Confoederationum</span> <span class='ocrx_word' id='word_1_362' title='bbox 418 2104 545 2173; x_wconf 58' lang='lat' dir='ltr'>Cassn&#39;tula</span> <span class='ocrx_word' id='word_1_363' title='bbox 555 2128 565 2144; x_wconf 89' lang='lat'>,</span> 
     </span>
    </p>

    <p class='ocr_par' dir='ltr' id='par_1_19' title="bbox 137 2142 1205 2531">
     <span class='ocr_line' id='line_1_53' title="bbox 178 2142 1205 2177; baseline 0.001 -2"><span class='ocrx_word' id='word_1_364' title='bbox 178 2143 295 2175; x_wconf 63' lang='lat' dir='ltr'>Matura</span> <span class='ocrx_word' id='word_1_365' title='bbox 310 2142 428 2173; x_wconf 82' lang='lat' dir='ltr'>Consilii</span> <span class='ocrx_word' id='word_1_366' title='bbox 481 2144 663 2175; x_wconf 88' lang='lat' dir='ltr'>eliberatione</span> <span class='ocrx_word' id='word_1_367' title='bbox 679 2144 787 2175; x_wconf 85' lang='lat' dir='ltr'>firmata</span> <span class='ocrx_word' id='word_1_368' title='bbox 804 2145 837 2176; x_wconf 87' lang='lat'>&amp;</span> <span class='ocrx_word' id='word_1_369' title='bbox 854 2145 986 2176; x_wconf 88' lang='lat' dir='ltr'>conclusa</span> <span class='ocrx_word' id='word_1_370' title='bbox 1000 2147 1071 2177; x_wconf 86' lang='lat' dir='ltr'>inter</span> <span class='ocrx_word' id='word_1_371' title='bbox 1080 2146 1205 2177; x_wconf 88' lang='lat' dir='ltr'>Serenis-</span> 
     </span>
     <span class='ocr_line' id='line_1_54' title="bbox 139 2181 1204 2223; baseline 0 -8"><span class='ocrx_word' id='word_1_372' title='bbox 139 2184 244 2215; x_wconf 89' lang='lat' dir='ltr'>simum</span> <span class='ocrx_word' id='word_1_373' title='bbox 259 2207 267 2219; x_wconf 85' lang='lat'>,</span> <span class='ocrx_word' id='word_1_374' title='bbox 286 2181 555 2213; x_wconf 87' lang='lat' dir='ltr'>Excellentiffimum</span> <span class='ocrx_word' id='word_1_375' title='bbox 571 2205 582 2221; x_wconf 82' lang='lat'>,</span> <span class='ocrx_word' id='word_1_376' title='bbox 599 2184 632 2213; x_wconf 67' lang='grc' dir='ltr'>ὃς</span> <span class='ocrx_word' id='word_1_377' title='bbox 655 2182 889 2214; x_wconf 86' lang='lat' dir='ltr'>Potentiffimum</span> <span class='ocrx_word' id='word_1_378' title='bbox 912 2184 1077 2223; x_wconf 88' lang='lat' dir='ltr'>Principem</span> <span class='ocrx_word' id='word_1_379' title='bbox 1099 2185 1204 2215; x_wconf 87' lang='lat' dir='ltr'>Domi-</span> 
     </span>
     <span class='ocr_line' id='line_1_55' title="bbox 138 2220 1202 2263; baseline 0.001 -11"><span class='ocrx_word' id='word_1_380' title='bbox 138 2231 212 2253; x_wconf 90' lang='lat' dir='ltr'>num</span> <span class='ocrx_word' id='word_1_381' title='bbox 226 2221 406 2251; x_wconf 86' lang='lat' dir='ltr'>Edovardum</span> <span class='ocrx_word' id='word_1_382' title='bbox 445 2220 503 2251; x_wconf 89' lang='lat' dir='ltr'>Dei</span> <span class='ocrx_word' id='word_1_383' title='bbox 517 2221 620 2261; x_wconf 72' lang='lat' dir='ltr'>gratia,</span> <span class='ocrx_word' id='word_1_384' title='bbox 640 2221 753 2259; x_wconf 83' lang='lat' dir='ltr'>Angliae</span> <span class='ocrx_word' id='word_1_385' title='bbox 768 2224 881 2259; x_wconf 83' lang='lat' dir='ltr'>Regem,</span> <span class='ocrx_word' id='word_1_386' title='bbox 902 2232 954 2261; x_wconf 90' lang='lat' dir='ltr'>pro</span> <span class='ocrx_word' id='word_1_387' title='bbox 969 2222 1024 2262; x_wconf 89' lang='lat' dir='ltr'>Se,</span> <span class='ocrx_word' id='word_1_388' title='bbox 1040 2224 1091 2263; x_wconf 86' lang='lat' dir='ltr'>suis</span> <span class='ocrx_word' id='word_1_389' title='bbox 1099 2221 1202 2253; x_wconf 80' lang='lat' dir='ltr'>Haere-</span> 
     </span>
     <span class='ocr_line' id='line_1_56' title="bbox 138 2245 1204 2299; baseline 0.002 -9"><span class='ocrx_word' id='word_1_390' title='bbox 138 2260 222 2291; x_wconf 81' lang='lat' dir='ltr'>dibus</span> <span class='ocrx_word' id='word_1_391' title='bbox 245 2261 278 2290; x_wconf 66' lang='grc' dir='ltr'>ὅ(</span> <span class='ocrx_word' id='word_1_392' title='bbox 300 2245 514 2289; x_wconf 69' lang='lat' dir='ltr'>Successoribus</span> <span class='ocrx_word' id='word_1_393' title='bbox 528 2283 537 2299; x_wconf 85' lang='lat'>,</span> <span class='ocrx_word' id='word_1_394' title='bbox 555 2260 663 2298; x_wconf 85' lang='lat' dir='ltr'>Regnis</span> <span class='ocrx_word' id='word_1_395' title='bbox 676 2283 685 2298; x_wconf 94' lang='lat'>,</span> <span class='ocrx_word' id='word_1_396' title='bbox 703 2260 798 2291; x_wconf 82' lang='lat' dir='ltr'>Patriis</span> <span class='ocrx_word' id='word_1_397' title='bbox 812 2285 821 2298; x_wconf 88' lang='lat'>,</span> <span class='ocrx_word' id='word_1_398' title='bbox 841 2259 1006 2298; x_wconf 84' lang='lat' dir='ltr'>Dominiis,</span> <span class='ocrx_word' id='word_1_399' title='bbox 1028 2261 1153 2292; x_wconf 73' lang='lat' dir='ltr'>vasallis,</span> <span class='ocrx_word' id='word_1_400' title='bbox 1170 2259 1204 2291; x_wconf 87' lang='lat'>&amp;</span> 
     </span>
     <span class='ocr_line' id='line_1_57' title="bbox 138 2297 1203 2338; baseline 0.001 -8"><span class='ocrx_word' id='word_1_401' title='bbox 138 2298 264 2330; x_wconf 86' lang='lat' dir='ltr'>Subditis</span> <span class='ocrx_word' id='word_1_402' title='bbox 283 2298 465 2335; x_wconf 86' lang='lat' dir='ltr'>praesentibus</span> <span class='ocrx_word' id='word_1_403' title='bbox 481 2299 513 2329; x_wconf 89' lang='lat'>&amp;</span> <span class='ocrx_word' id='word_1_404' title='bbox 528 2297 627 2329; x_wconf 87' lang='lat' dir='ltr'>futuris</span> <span class='ocrx_word' id='word_1_405' title='bbox 637 2321 646 2336; x_wconf 88' lang='lat'>‚</span> <span class='ocrx_word' id='word_1_406' title='bbox 662 2307 696 2328; x_wconf 86' lang='lat' dir='ltr'>ex</span> <span class='ocrx_word' id='word_1_407' title='bbox 713 2298 796 2338; x_wconf 85' lang='lat' dir='ltr'>Parte</span> <span class='ocrx_word' id='word_1_408' title='bbox 809 2298 882 2337; x_wconf 71' lang='lat' dir='ltr'>una,</span> <span class='ocrx_word' id='word_1_409' title='bbox 897 2299 929 2330; x_wconf 90' lang='lat'>&amp;</span> <span class='ocrx_word' id='word_1_410' title='bbox 944 2299 1162 2331; x_wconf 82' lang='lat' dir='ltr'>Illustriffimum</span> <span class='ocrx_word' id='word_1_411' title='bbox 1170 2311 1203 2332; x_wconf 75' lang='lat' dir='ltr'>ac.</span> 
     </span>
     <span class='ocr_line' id='line_1_58' title="bbox 138 2332 1203 2378; baseline 0.001 -10"><span class='ocrx_word' id='word_1_412' title='bbox 138 2332 355 2374; x_wconf 84' lang='lat' dir='ltr'>Sereniffimum</span> <span class='ocrx_word' id='word_1_413' title='bbox 375 2335 538 2372; x_wconf 80' lang='lat' dir='ltr'>Principem</span> <span class='ocrx_word' id='word_1_414' title='bbox 565 2336 728 2367; x_wconf 88' lang='lat' dir='ltr'>Dominum</span> <span class='ocrx_word' id='word_1_415' title='bbox 750 2337 918 2377; x_wconf 81' lang='lat' dir='ltr'>Francifium</span> <span class='ocrx_word' id='word_1_416' title='bbox 932 2362 942 2375; x_wconf 79' lang='lat'>,</span> <span class='ocrx_word' id='word_1_417' title='bbox 967 2338 1066 2373; x_wconf 83' lang='lat' dir='ltr'>eadem</span> <span class='ocrx_word' id='word_1_418' title='bbox 1091 2338 1178 2378; x_wconf 73' lang='lat' dir='ltr'>gratia</span> <span class='ocrx_word' id='word_1_419' title='bbox 1193 2361 1203 2378; x_wconf 84' lang='lat'>,</span> 
     </span>
     <span class='ocr_line' id='line_1_59' title="bbox 137 2374 1205 2415; baseline 0.003 -10"><span class='ocrx_word' id='word_1_420' title='bbox 137 2379 294 2405; x_wconf 66' lang='lat' dir='ltr'>Britannia</span> <span class='ocrx_word' id='word_1_421' title='bbox 315 2378 436 2413; x_wconf 85' lang='lat' dir='ltr'>Ducem,</span> <span class='ocrx_word' id='word_1_422' title='bbox 454 2374 514 2410; x_wconf 63' lang='lat' dir='ltr'>&amp;a</span> <span class='ocrx_word' id='word_1_423' title='bbox 531 2385 584 2412; x_wconf 91' lang='lat' dir='ltr'>pro</span> <span class='ocrx_word' id='word_1_424' title='bbox 605 2375 642 2405; x_wconf 89' lang='lat' dir='ltr'>Se</span> <span class='ocrx_word' id='word_1_425' title='bbox 656 2398 666 2414; x_wconf 88' lang='lat'>,</span> <span class='ocrx_word' id='word_1_426' title='bbox 683 2375 735 2406; x_wconf 88' lang='lat' dir='ltr'>suis</span> <span class='ocrx_word' id='word_1_427' title='bbox 757 2375 927 2406; x_wconf 79' lang='lat' dir='ltr'>Haeredibus</span> <span class='ocrx_word' id='word_1_428' title='bbox 942 2399 951 2414; x_wconf 84' lang='lat'>‚</span> <span class='ocrx_word' id='word_1_429' title='bbox 971 2377 1205 2415; x_wconf 75' lang='lat' dir='ltr'>Succefforibus,</span> 
     </span>
     <span class='ocr_line' id='line_1_60' title="bbox 139 2413 1205 2454; baseline 0.002 -9"><span class='ocrx_word' id='word_1_430' title='bbox 139 2414 260 2449; x_wconf 88' lang='lat' dir='ltr'>Patriis,</span> <span class='ocrx_word' id='word_1_431' title='bbox 274 2413 436 2450; x_wconf 77' lang='lat' dir='ltr'>Dominiis,</span> <span class='ocrx_word' id='word_1_432' title='bbox 455 2413 482 2443; x_wconf 89' lang='lat' dir='ltr'>V</span> <span class='ocrx_word' id='word_1_433' title='bbox 484 2413 595 2451; x_wconf 77' lang='lat' dir='ltr'>assallis,</span> <span class='ocrx_word' id='word_1_434' title='bbox 613 2414 645 2444; x_wconf 66' lang='grc' dir='ltr'>ὃς</span> <span class='ocrx_word' id='word_1_435' title='bbox 662 2413 786 2444; x_wconf 80' lang='lat' dir='ltr'>Subditis</span> <span class='ocrx_word' id='word_1_436' title='bbox 801 2414 979 2452; x_wconf 65' lang='lat' dir='ltr'>praesentibus</span> <span class='ocrx_word' id='word_1_437' title='bbox 995 2416 1028 2446; x_wconf 89' lang='lat'>&amp;</span> <span class='ocrx_word' id='word_1_438' title='bbox 1045 2416 1205 2454; x_wconf 85' lang='lat' dir='ltr'>futuris,ex</span> 
     </span>
     <span class='ocr_line' id='line_1_61' title="bbox 139 2450 1205 2494; baseline 0.004 -12"><span class='ocrx_word' id='word_1_439' title='bbox 139 2452 227 2483; x_wconf 62' lang='lat' dir='ltr'>alteri</span> <span class='ocrx_word' id='word_1_440' title='bbox 240 2450 338 2489; x_wconf 83' lang='lat' dir='ltr'>Parte,</span> <span class='ocrx_word' id='word_1_441' title='bbox 356 2451 390 2481; x_wconf 91' lang='lat' dir='ltr'>ad</span> <span class='ocrx_word' id='word_1_442' title='bbox 406 2452 481 2482; x_wconf 88' lang='lat' dir='ltr'>suam</span> <span class='ocrx_word' id='word_1_443' title='bbox 497 2453 670 2490; x_wconf 83' lang='lat' dir='ltr'>maximique</span> <span class='ocrx_word' id='word_1_444' title='bbox 692 2452 750 2483; x_wconf 89' lang='lat' dir='ltr'>Dei</span> <span class='ocrx_word' id='word_1_445' title='bbox 773 2462 807 2483; x_wconf 90' lang='lat' dir='ltr'>ac</span> <span class='ocrx_word' id='word_1_446' title='bbox 826 2452 969 2484; x_wconf 88' lang='lat' dir='ltr'>Gloriosae</span> <span class='ocrx_word' id='word_1_447' title='bbox 989 2453 1111 2494; x_wconf 86' lang='lat' dir='ltr'>Virginis</span> <span class='ocrx_word' id='word_1_448' title='bbox 1126 2453 1205 2486; x_wconf 89' lang='lat' dir='ltr'>Lau-</span> 
     </span>
     <span class='ocr_line' id='line_1_62' title="bbox 138 2490 692 2531; baseline -0.005 -9"><span class='ocrx_word' id='word_1_449' title='bbox 138 2490 210 2522; x_wconf 86' lang='lat' dir='ltr'>dem</span> <span class='ocrx_word' id='word_1_450' title='bbox 226 2491 260 2521; x_wconf 90' lang='lat'>&amp;</span> <span class='ocrx_word' id='word_1_451' title='bbox 277 2490 430 2528; x_wconf 84' lang='lat' dir='ltr'>Gloriam,</span> <span class='ocrx_word' id='word_1_452' title='bbox 689 2530 692 2531; x_wconf 19' lang='lat'><em>⁷</em></span> 
     </span>
    </p>

    <p class='ocr_par' dir='ltr' id='par_1_20' title="bbox 134 2526 1208 3032">
     <span class='ocr_line' id='line_1_63' title="bbox 175 2526 1205 2571; baseline 0.002 -11"><span class='ocrx_word' id='word_1_453' title='bbox 175 2528 335 2560; x_wconf 76' lang='lat' dir='ltr'>INPRIMIS</span> <span class='ocrx_word' id='word_1_454' title='bbox 344 2551 354 2566; x_wconf 88' lang='lat'>,</span> <span class='ocrx_word' id='word_1_455' title='bbox 375 2529 447 2559; x_wconf 88' lang='lat' dir='ltr'>inter</span> <span class='ocrx_word' id='word_1_456' title='bbox 462 2526 644 2558; x_wconf 75' lang='lat' dir='ltr'>Edovardum</span> <span class='ocrx_word' id='word_1_457' title='bbox 660 2529 774 2567; x_wconf 80' lang='lat' dir='ltr'>Angliae</span> <span class='ocrx_word' id='word_1_458' title='bbox 789 2533 885 2566; x_wconf 82' lang='lat' dir='ltr'>Regem</span> <span class='ocrx_word' id='word_1_459' title='bbox 898 2529 932 2561; x_wconf 91' lang='lat'>&amp;</span> <span class='ocrx_word' id='word_1_460' title='bbox 946 2531 1115 2571; x_wconf 73' lang='lat' dir='ltr'>Francifc&#39;um</span> <span class='ocrx_word' id='word_1_461' title='bbox 1138 2536 1205 2562; x_wconf 83' lang='lat' dir='ltr'>Bri-</span> 
     </span>
     <span class='ocr_line' id='line_1_64' title="bbox 137 2566 1205 2610; baseline 0.003 -12"><span class='ocrx_word' id='word_1_462' title='bbox 137 2570 243 2598; x_wconf 65' lang='lat' dir='ltr'>ranniae</span> <span class='ocrx_word' id='word_1_463' title='bbox 257 2571 377 2606; x_wconf 83' lang='lat' dir='ltr'>Ducem,</span> <span class='ocrx_word' id='word_1_464' title='bbox 395 2566 542 2604; x_wconf 82' lang='lat' dir='ltr'>Principes</span> <span class='ocrx_word' id='word_1_465' title='bbox 554 2568 729 2606; x_wconf 58' lang='lat' dir='ltr'>antedictos,</span> <span class='ocrx_word' id='word_1_466' title='bbox 747 2567 956 2606; x_wconf 84' lang='lat' dir='ltr'>Conventum,</span> <span class='ocrx_word' id='word_1_467' title='bbox 974 2569 1205 2610; x_wconf 87' lang='lat' dir='ltr'>Concordatum,</span> 
     </span>
     <span class='ocr_line' id='line_1_65' title="bbox 140 2604 1206 2643; baseline 0.002 -6"><span class='ocrx_word' id='word_1_468' title='bbox 140 2607 175 2637; x_wconf 87' lang='lat'>&amp;</span> <span class='ocrx_word' id='word_1_469' title='bbox 199 2605 378 2636; x_wconf 88' lang='lat' dir='ltr'>Conclusum</span> <span class='ocrx_word' id='word_1_470' title='bbox 400 2606 456 2643; x_wconf 84' lang='lat' dir='ltr'>est,</span> <span class='ocrx_word' id='word_1_471' title='bbox 473 2604 553 2643; x_wconf 76' lang='lat' dir='ltr'>quod</span> <span class='ocrx_word' id='word_1_472' title='bbox 575 2605 797 2636; x_wconf 87' lang='lat' dir='ltr'>Matrimonium</span> <span class='ocrx_word' id='word_1_473' title='bbox 822 2607 1005 2637; x_wconf 86' lang='lat' dir='ltr'>contrahetur</span> <span class='ocrx_word' id='word_1_474' title='bbox 1018 2610 1091 2639; x_wconf 91' lang='lat' dir='ltr'>inter</span> <span class='ocrx_word' id='word_1_475' title='bbox 1105 2609 1206 2640; x_wconf 85' lang='lat' dir='ltr'>Excel-</span> 
     </span>
     <span class='ocr_line' id='line_1_66' title="bbox 138 2644 1207 2683; baseline 0.004 -9"><span class='ocrx_word' id='word_1_476' title='bbox 138 2644 322 2675; x_wconf 83' lang='lat' dir='ltr'>lentiffimum</span> <span class='ocrx_word' id='word_1_477' title='bbox 339 2644 505 2682; x_wconf 87' lang='lat' dir='ltr'>Principem</span> <span class='ocrx_word' id='word_1_478' title='bbox 519 2644 701 2674; x_wconf 83' lang='lat' dir='ltr'>Edovardum</span> <span class='ocrx_word' id='word_1_479' title='bbox 717 2647 864 2683; x_wconf 83' lang='lat' dir='ltr'>Principem</span> <span class='ocrx_word' id='word_1_480' title='bbox 887 2645 996 2675; x_wconf 80' lang='lat' dir='ltr'>Walliae</span> <span class='ocrx_word' id='word_1_481' title='bbox 1007 2669 1015 2683; x_wconf 89' lang='lat'>,</span> <span class='ocrx_word' id='word_1_482' title='bbox 1034 2644 1104 2677; x_wconf 70' lang='lat' dir='ltr'>dieti</span> <span class='ocrx_word' id='word_1_483' title='bbox 1125 2648 1207 2679; x_wconf 84' lang='lat' dir='ltr'>Sere—</span> 
     </span>
     <span class='ocr_line' id='line_1_67' title="bbox 139 2682 1206 2725; baseline 0.004 -13"><span class='ocrx_word' id='word_1_484' title='bbox 139 2682 244 2713; x_wconf 88' lang='lat' dir='ltr'>niffimi</span> <span class='ocrx_word' id='word_1_485' title='bbox 259 2683 346 2721; x_wconf 87' lang='lat' dir='ltr'>Regis</span> <span class='ocrx_word' id='word_1_486' title='bbox 359 2683 606 2720; x_wconf 76' lang='lat' dir='ltr'>primogenitum,</span> <span class='ocrx_word' id='word_1_487' title='bbox 627 2685 660 2714; x_wconf 86' lang='lat'>&amp;</span> <span class='ocrx_word' id='word_1_488' title='bbox 673 2682 878 2713; x_wconf 87' lang='lat' dir='ltr'>Inclitiffimam</span> <span class='ocrx_word' id='word_1_489' title='bbox 896 2683 1056 2715; x_wconf 88' lang='lat' dir='ltr'>Dominam</span> <span class='ocrx_word' id='word_1_490' title='bbox 1077 2689 1206 2725; x_wconf 83' lang='lat' dir='ltr'>Annam,</span> 
     </span>
     <span class='ocr_line' id='line_1_68' title="bbox 134 2721 1205 2760; baseline 0.006 -10"><span class='ocrx_word' id='word_1_491' title='bbox 134 2721 253 2760; x_wconf 74' lang='lat' dir='ltr'>praefati</span> <span class='ocrx_word' id='word_1_492' title='bbox 273 2724 356 2758; x_wconf 83' lang='lat' dir='ltr'>Ducis</span> <span class='ocrx_word' id='word_1_493' title='bbox 377 2721 476 2752; x_wconf 83' lang='lat' dir='ltr'>Filiam</span> <span class='ocrx_word' id='word_1_494' title='bbox 496 2725 646 2760; x_wconf 86' lang='lat' dir='ltr'>Seniorem,</span> <span class='ocrx_word' id='word_1_495' title='bbox 665 2722 736 2752; x_wconf 81' lang='lat' dir='ltr'>cum</span> <span class='ocrx_word' id='word_1_496' title='bbox 760 2722 809 2760; x_wconf 89' lang='lat' dir='ltr'>ipsi</span> <span class='ocrx_word' id='word_1_497' title='bbox 826 2723 914 2753; x_wconf 89' lang='lat' dir='ltr'>ambo</span> <span class='ocrx_word' id='word_1_498' title='bbox 930 2722 965 2753; x_wconf 86' lang='lat' dir='ltr'>ad</span> <span class='ocrx_word' id='word_1_499' title='bbox 979 2723 1079 2754; x_wconf 88' lang='lat' dir='ltr'>Annos</span> <span class='ocrx_word' id='word_1_500' title='bbox 1095 2726 1205 2756; x_wconf 87' lang='lat' dir='ltr'>nubiles</span> 
     </span>
     <span class='ocr_line' id='line_1_69' title="bbox 151 2760 331 2790; baseline -0.006 0"><span class='ocrx_word' id='word_1_501' title='bbox 151 2760 331 2790; x_wconf 56' lang='lat' dir='ltr'>*ervenerir&#39;m</span> 
     </span>
     <span class='ocr_line' id='line_1_70' title="bbox 140 2769 1207 2836; baseline 0.005 -8"><span class='ocrx_word' id='word_1_502' title='bbox 140 2769 161 2799; x_wconf 79' lang='lat' dir='ltr'>P</span> <span class='ocrx_word' id='word_1_503' title='bbox 180 2798 289 2834; x_wconf 79' lang='lat' dir='ltr'>ITEM,</span> <span class='ocrx_word' id='word_1_504' title='bbox 305 2794 383 2836; x_wconf 74' lang='lat' dir='ltr'>quod</span> <span class='ocrx_word' id='word_1_505' title='bbox 393 2821 402 2835; x_wconf 86' lang='lat'>‚</span> <span class='ocrx_word' id='word_1_506' title='bbox 420 2798 440 2828; x_wconf 88' lang='lat' dir='ltr'>si</span> <span class='ocrx_word' id='word_1_507' title='bbox 455 2797 532 2829; x_wconf 63' lang='lat' dir='ltr'>dicia</span> <span class='ocrx_word' id='word_1_508' title='bbox 546 2797 675 2829; x_wconf 89' lang='lat' dir='ltr'>Domina</span> <span class='ocrx_word' id='word_1_509' title='bbox 691 2801 782 2828; x_wconf 82' lang='lat' dir='ltr'>Anna</span> <span class='ocrx_word' id='word_1_510' title='bbox 797 2798 889 2836; x_wconf 90' lang='lat' dir='ltr'>(quod</span> <span class='ocrx_word' id='word_1_511' title='bbox 905 2798 986 2830; x_wconf 90' lang='lat' dir='ltr'>Deus</span> <span class='ocrx_word' id='word_1_512' title='bbox 1000 2803 1118 2836; x_wconf 87' lang='lat' dir='ltr'>avertat)</span> <span class='ocrx_word' id='word_1_513' title='bbox 1142 2802 1207 2833; x_wconf 87' lang='lat' dir='ltr'>De-</span> 
     </span>
     <span class='ocr_line' id='line_1_71' title="bbox 140 2836 1206 2876; baseline 0.005 -10"><span class='ocrx_word' id='word_1_514' title='bbox 140 2836 222 2867; x_wconf 89' lang='lat' dir='ltr'>cedat</span> <span class='ocrx_word' id='word_1_515' title='bbox 235 2845 300 2867; x_wconf 86' lang='lat' dir='ltr'>ante</span> <span class='ocrx_word' id='word_1_516' title='bbox 313 2836 412 2866; x_wconf 80' lang='lat' dir='ltr'>Annos</span> <span class='ocrx_word' id='word_1_517' title='bbox 427 2836 551 2866; x_wconf 87' lang='lat' dir='ltr'>Nubiles</span> <span class='ocrx_word' id='word_1_518' title='bbox 566 2837 742 2875; x_wconf 90' lang='lat' dir='ltr'>hujusmodi,</span> <span class='ocrx_word' id='word_1_519' title='bbox 754 2838 800 2867; x_wconf 91' lang='lat' dir='ltr'>vel</span> <span class='ocrx_word' id='word_1_520' title='bbox 814 2837 972 2876; x_wconf 85' lang='lat' dir='ltr'>priusquam</span> <span class='ocrx_word' id='word_1_521' title='bbox 983 2839 1206 2872; x_wconf 81' lang='lat' dir='ltr'>Matrimonium</span> 
     </span>
     <span class='ocr_line' id='line_1_72' title="bbox 139 2874 1207 2919; baseline 0.006 -16"><span class='ocrx_word' id='word_1_522' title='bbox 139 2875 289 2912; x_wconf 77' lang='lat' dir='ltr'>praefatum</span> <span class='ocrx_word' id='word_1_523' title='bbox 311 2874 504 2905; x_wconf 71' lang='lat' dir='ltr'>contractum</span> <span class='ocrx_word' id='word_1_524' title='bbox 525 2875 559 2904; x_wconf 71' lang='grc' dir='ltr'>δε</span> <span class='ocrx_word' id='word_1_525' title='bbox 580 2874 825 2906; x_wconf 90' lang='lat' dir='ltr'>Consummatum</span> <span class='ocrx_word' id='word_1_526' title='bbox 841 2878 977 2914; x_wconf 86' lang='lat' dir='ltr'>extiterit,</span> <span class='ocrx_word' id='word_1_527' title='bbox 996 2877 1126 2909; x_wconf 86' lang='lat' dir='ltr'>Domina</span> <span class='ocrx_word' id='word_1_528' title='bbox 1142 2880 1207 2919; x_wconf 66' lang='lat' dir='ltr'>Isa-</span> 
     </span>
     <span class='ocr_line' id='line_1_73' title="bbox 139 2911 1208 2958; baseline 0.005 -15"><span class='ocrx_word' id='word_1_529' title='bbox 139 2913 218 2943; x_wconf 80' lang='lat' dir='ltr'>hellis</span> <span class='ocrx_word' id='word_1_530' title='bbox 235 2913 353 2943; x_wconf 82' lang='lat' dir='ltr'>Secunda</span> <span class='ocrx_word' id='word_1_531' title='bbox 370 2912 441 2942; x_wconf 83' lang='lat' dir='ltr'>Filia</span> <span class='ocrx_word' id='word_1_532' title='bbox 454 2911 570 2950; x_wconf 69' lang='lat' dir='ltr'>praefati</span> <span class='ocrx_word' id='word_1_533' title='bbox 583 2916 684 2951; x_wconf 85' lang='lat' dir='ltr'>Ducis,</span> <span class='ocrx_word' id='word_1_534' title='bbox 700 2923 764 2950; x_wconf 80' lang='lat' dir='ltr'>aut,</span> <span class='ocrx_word' id='word_1_535' title='bbox 783 2913 842 2950; x_wconf 70' lang='lat' dir='ltr'>ips-5.</span> <span class='ocrx_word' id='word_1_536' title='bbox 859 2913 1028 2952; x_wconf 82' lang='lat' dir='ltr'>Decedente</span> <span class='ocrx_word' id='word_1_537' title='bbox 1038 2939 1047 2954; x_wconf 87' lang='lat'>,</span> <span class='ocrx_word' id='word_1_538' title='bbox 1060 2916 1117 2946; x_wconf 84' lang='lat' dir='ltr'>alia</span> <span class='ocrx_word' id='word_1_539' title='bbox 1131 2919 1208 2958; x_wconf 78' lang='lat' dir='ltr'>ipfius</span> 
     </span>
     <span class='ocr_line' id='line_1_74' title="bbox 140 2948 1206 2990; baseline 0.005 -8"><span class='ocrx_word' id='word_1_540' title='bbox 140 2949 225 2983; x_wconf 81' lang='lat' dir='ltr'>Ducis</span> <span class='ocrx_word' id='word_1_541' title='bbox 242 2951 330 2990; x_wconf 87' lang='lat' dir='ltr'>Filia,</span> <span class='ocrx_word' id='word_1_542' title='bbox 350 2951 369 2981; x_wconf 91' lang='lat' dir='ltr'>si</span> <span class='ocrx_word' id='word_1_543' title='bbox 386 2962 441 2989; x_wconf 90' lang='lat' dir='ltr'>qua</span> <span class='ocrx_word' id='word_1_544' title='bbox 455 2953 484 2980; x_wconf 87' lang='lat' dir='ltr'>in</span> <span class='ocrx_word' id='word_1_545' title='bbox 498 2948 640 2981; x_wconf 85' lang='lat' dir='ltr'>Humanis</span> <span class='ocrx_word' id='word_1_546' title='bbox 653 2960 721 2982; x_wconf 90' lang='lat' dir='ltr'>tunc</span> <span class='ocrx_word' id='word_1_547' title='bbox 744 2952 843 2989; x_wconf 85' lang='lat' dir='ltr'>fuerit,</span> <span class='ocrx_word' id='word_1_548' title='bbox 862 2952 956 2982; x_wconf 83' lang='lat' dir='ltr'>eidem</span> <span class='ocrx_word' id='word_1_549' title='bbox 981 2956 1098 2984; x_wconf 78' lang='lat' dir='ltr'>Domino</span> <span class='ocrx_word' id='word_1_550' title='bbox 1121 2957 1206 2987; x_wconf 80' lang='lat' dir='ltr'>Prin-</span> 
     </span>
     <span class='ocr_line' id='line_1_75' title="bbox 138 2989 1206 3032; baseline 0.004 -11"><span class='ocrx_word' id='word_1_551' title='bbox 138 2994 206 3029; x_wconf 80' lang='lat' dir='ltr'>cipi‚</span> <span class='ocrx_word' id='word_1_552' title='bbox 222 2992 252 3021; x_wconf 91' lang='lat' dir='ltr'>in</span> <span class='ocrx_word' id='word_1_553' title='bbox 270 2989 369 3021; x_wconf 82' lang='lat' dir='ltr'>AEtate</span> <span class='ocrx_word' id='word_1_554' title='bbox 385 2989 432 3021; x_wconf 69' lang='lat' dir='ltr'>sua</span> <span class='ocrx_word' id='word_1_555' title='bbox 445 2989 569 3028; x_wconf 89' lang='lat' dir='ltr'>Nubili,</span> <span class='ocrx_word' id='word_1_556' title='bbox 585 2998 615 3020; x_wconf 90' lang='lat' dir='ltr'>ut</span> <span class='ocrx_word' id='word_1_557' title='bbox 635 2990 784 3028; x_wconf 78' lang='lat' dir='ltr'>praefertur</span> <span class='ocrx_word' id='word_1_558' title='bbox 796 3013 805 3028; x_wconf 92' lang='lat'>,</span> <span class='ocrx_word' id='word_1_559' title='bbox 824 2991 1066 3023; x_wconf 74' lang='lat' dir='ltr'>matrimonialiter</span> <span class='ocrx_word' id='word_1_560' title='bbox 1083 2995 1206 3032; x_wconf 90' lang='lat' dir='ltr'>conjun-</span> 
     </span>
    </p>

    <p class='ocr_par' dir='ltr' id='par_1_21' title="bbox 160 3038 229 3060">
     <span class='ocr_line' id='line_1_76' title="bbox 160 3038 229 3060; baseline 0.014 -1"><span class='ocrx_word' id='word_1_561' title='bbox 160 3038 229 3060; x_wconf 89' lang='lat' dir='ltr'>etur.</span> 
     </span>
    </p>

    <p class='ocr_par' dir='ltr' id='par_1_22' title="bbox 138 3038 1207 3336">
     <span class='ocr_line' id='line_1_77' title="bbox 138 3038 1206 3108; baseline 0.005 -12"><span class='ocrx_word' id='word_1_562' title='bbox 138 3038 158 3068; x_wconf 69' lang='lat' dir='ltr'>g</span> <span class='ocrx_word' id='word_1_563' title='bbox 178 3067 225 3096; x_wconf 79' lang='lat' dir='ltr'>ti-</span> <span class='ocrx_word' id='word_1_564' title='bbox 236 3077 254 3098; x_wconf 76' lang='grc' dir='ltr'>ε</span> <span class='ocrx_word' id='word_1_565' title='bbox 265 3076 309 3106; x_wconf 83' lang='grc' dir='ltr'>Μ,</span> <span class='ocrx_word' id='word_1_566' title='bbox 327 3066 424 3108; x_wconf 80' lang='lat' dir='ltr'>quod,</span> <span class='ocrx_word' id='word_1_567' title='bbox 436 3065 589 3106; x_wconf 76' lang='lat' dir='ltr'>&#39;quousque</span> <span class='ocrx_word' id='word_1_568' title='bbox 608 3076 677 3097; x_wconf 89' lang='lat' dir='ltr'>cum</span> <span class='ocrx_word' id='word_1_569' title='bbox 702 3065 776 3096; x_wconf 53' lang='lat' dir='ltr'>dieta</span> <span class='ocrx_word' id='word_1_570' title='bbox 801 3065 933 3097; x_wconf 90' lang='lat' dir='ltr'>Domina</span> <span class='ocrx_word' id='word_1_571' title='bbox 947 3071 1038 3097; x_wconf 80' lang='lat' dir='ltr'>Anna</span> <span class='ocrx_word' id='word_1_572' title='bbox 1053 3067 1206 3101; x_wconf 87' lang='lat' dir='ltr'>Matrimo-</span> 
     </span>
     <span class='ocr_line' id='line_1_78' title="bbox 140 3105 1207 3144; baseline 0.006 -10"><span class='ocrx_word' id='word_1_573' title='bbox 140 3105 223 3135; x_wconf 89' lang='lat' dir='ltr'>nium</span> <span class='ocrx_word' id='word_1_574' title='bbox 249 3107 440 3144; x_wconf 87' lang='lat' dir='ltr'>praelocutum</span> <span class='ocrx_word' id='word_1_575' title='bbox 467 3105 626 3143; x_wconf 86' lang='lat' dir='ltr'>hujusmodi</span> <span class='ocrx_word' id='word_1_576' title='bbox 647 3105 872 3136; x_wconf 88' lang='lat' dir='ltr'>Solemnizatum</span> <span class='ocrx_word' id='word_1_577' title='bbox 899 3105 933 3136; x_wconf 89' lang='lat'>&amp;</span> <span class='ocrx_word' id='word_1_578' title='bbox 962 3105 1207 3140; x_wconf 87' lang='lat' dir='ltr'>Consummatum</span> 
     </span>
     <span class='ocr_line' id='line_1_79' title="bbox 141 3142 1204 3183; baseline 0.005 -9"><span class='ocrx_word' id='word_1_579' title='bbox 141 3142 243 3183; x_wconf 79' lang='lat' dir='ltr'>fuerit,</span> <span class='ocrx_word' id='word_1_580' title='bbox 258 3154 320 3175; x_wconf 89' lang='lat' dir='ltr'>non</span> <span class='ocrx_word' id='word_1_581' title='bbox 334 3145 381 3175; x_wconf 86' lang='lat' dir='ltr'>fiet</span> <span class='ocrx_word' id='word_1_582' title='bbox 393 3144 568 3175; x_wconf 64' lang='lat' dir='ltr'>Contractus</span> <span class='ocrx_word' id='word_1_583' title='bbox 582 3154 675 3182; x_wconf 89' lang='lat' dir='ltr'>neque</span> <span class='ocrx_word' id='word_1_584' title='bbox 697 3144 848 3174; x_wconf 69' lang='lat' dir='ltr'>Tratftatus</span> <span class='ocrx_word' id='word_1_585' title='bbox 870 3143 1092 3175; x_wconf 87' lang='lat' dir='ltr'>Matrimonlalis</span> <span class='ocrx_word' id='word_1_586' title='bbox 1114 3149 1204 3179; x_wconf 88' lang='lat' dir='ltr'>ubivis</span> 
     </span>
     <span class='ocr_line' id='line_1_80' title="bbox 139 3181 1206 3224; baseline 0.005 -12"><span class='ocrx_word' id='word_1_587' title='bbox 139 3181 273 3213; x_wconf 84' lang='lat' dir='ltr'>locorum</span> <span class='ocrx_word' id='word_1_588' title='bbox 286 3188 339 3219; x_wconf 83' lang='lat' dir='ltr'>pro</span> <span class='ocrx_word' id='word_1_589' title='bbox 354 3183 428 3214; x_wconf 56' lang='lat' dir='ltr'>dieta</span> <span class='ocrx_word' id='word_1_590' title='bbox 444 3182 575 3213; x_wconf 82' lang='lat' dir='ltr'>Domina</span> <span class='ocrx_word' id='word_1_591' title='bbox 590 3181 727 3222; x_wconf 65' lang='lat' dir='ltr'>mbella,</span> <span class='ocrx_word' id='word_1_592' title='bbox 746 3192 840 3220; x_wconf 90' lang='lat' dir='ltr'>neque</span> <span class='ocrx_word' id='word_1_593' title='bbox 855 3184 908 3220; x_wconf 83' lang='lat' dir='ltr'>pro</span> <span class='ocrx_word' id='word_1_594' title='bbox 921 3182 978 3212; x_wconf 88' lang='lat' dir='ltr'>alia</span> <span class='ocrx_word' id='word_1_595' title='bbox 993 3183 1114 3224; x_wconf 83' lang='lat' dir='ltr'>qualibet</span> <span class='ocrx_word' id='word_1_596' title='bbox 1138 3186 1206 3217; x_wconf 68' lang='lat' dir='ltr'>dic‘li</span> 
     </span>
     <span class='ocr_line' id='line_1_81' title="bbox 140 3220 1205 3263; baseline 0.005 -13"><span class='ocrx_word' id='word_1_597' title='bbox 140 3223 227 3251; x_wconf 82' lang='lat' dir='ltr'>Ducis</span> <span class='ocrx_word' id='word_1_598' title='bbox 249 3222 319 3251; x_wconf 82' lang='lat' dir='ltr'>Filia</span> <span class='ocrx_word' id='word_1_599' title='bbox 334 3244 343 3259; x_wconf 85' lang='lat'>,</span> <span class='ocrx_word' id='word_1_600' title='bbox 366 3222 427 3252; x_wconf 84' lang='lat' dir='ltr'>casu</span> <span class='ocrx_word' id='word_1_601' title='bbox 451 3231 510 3259; x_wconf 87' lang='lat' dir='ltr'>quo</span> <span class='ocrx_word' id='word_1_602' title='bbox 531 3221 607 3251; x_wconf 62' lang='lat' dir='ltr'>dicta</span> <span class='ocrx_word' id='word_1_603' title='bbox 630 3220 761 3251; x_wconf 88' lang='lat' dir='ltr'>Domina</span> <span class='ocrx_word' id='word_1_604' title='bbox 784 3223 876 3250; x_wconf 82' lang='lat' dir='ltr'>Anna</span> <span class='ocrx_word' id='word_1_605' title='bbox 897 3231 1071 3259; x_wconf 86' lang='lat' dir='ltr'>praemorrua</span> <span class='ocrx_word' id='word_1_606' title='bbox 1094 3224 1205 3263; x_wconf 83' lang='lat' dir='ltr'>fuerit,</span> 
     </span>
     <span class='ocr_line' id='line_1_82' title="bbox 142 3258 1205 3302; baseline 0.006 -14"><span class='ocrx_word' id='word_1_607' title='bbox 142 3260 290 3297; x_wconf 84' lang='lat' dir='ltr'>quousque</span> <span class='ocrx_word' id='word_1_608' title='bbox 310 3260 418 3290; x_wconf 67' lang='lat' dir='ltr'>dietam</span> <span class='ocrx_word' id='word_1_609' title='bbox 438 3259 601 3290; x_wconf 83' lang='lat' dir='ltr'>Dominam</span> <span class='ocrx_word' id='word_1_610' title='bbox 625 3258 771 3298; x_wconf 68' lang='lat' dir='ltr'>rsabellam</span> <span class='ocrx_word' id='word_1_611' title='bbox 793 3260 911 3299; x_wconf 85' lang='lat' dir='ltr'>praefato</span> <span class='ocrx_word' id='word_1_612' title='bbox 933 3259 1067 3292; x_wconf 88' lang='lat' dir='ltr'>Domino</span> <span class='ocrx_word' id='word_1_613' title='bbox 1085 3264 1205 3302; x_wconf 83' lang='lat' dir='ltr'>Principi</span> 
     </span>
     <span class='ocr_line' id='line_1_83' title="bbox 147 3297 979 3336; baseline 0.002 -10"><span class='ocrx_word' id='word_1_614' title='bbox 147 3297 257 3326; x_wconf 82' lang='lat' dir='ltr'>Walliae</span> <span class='ocrx_word' id='word_1_615' title='bbox 272 3299 514 3329; x_wconf 85' lang='lat' dir='ltr'>matrimonialiter</span> <span class='ocrx_word' id='word_1_616' title='bbox 533 3299 718 3336; x_wconf 66' lang='lat' dir='ltr'>conjiinctam</span> <span class='ocrx_word' id='word_1_617' title='bbox 733 3298 790 3328; x_wconf 80' lang='lat' dir='ltr'>esse</span> <span class='ocrx_word' id='word_1_618' title='bbox 804 3297 979 3336; x_wconf 63' lang='lat' dir='ltr'>constiterit,</span> 
     </span>
    </p>

    <p class='ocr_par' dir='ltr' id='par_1_23' title="bbox 138 3334 1202 3486">
     <span class='ocr_line' id='line_1_84' title="bbox 179 3334 1202 3374; baseline 0.006 -9"><span class='ocrx_word' id='word_1_619' title='bbox 179 3334 322 3367; x_wconf 78' lang='lat' dir='ltr'>PROVIso</span> <span class='ocrx_word' id='word_1_620' title='bbox 337 3345 429 3366; x_wconf 89' lang='lat' dir='ltr'>tamen</span> <span class='ocrx_word' id='word_1_621' title='bbox 447 3335 526 3374; x_wconf 82' lang='lat' dir='ltr'>quod</span> <span class='ocrx_word' id='word_1_622' title='bbox 544 3336 767 3367; x_wconf 87' lang='lat' dir='ltr'>Matrimonium</span> <span class='ocrx_word' id='word_1_623' title='bbox 783 3336 890 3374; x_wconf 90' lang='lat' dir='ltr'>ipsum,</span> <span class='ocrx_word' id='word_1_624' title='bbox 909 3347 979 3367; x_wconf 91' lang='lat' dir='ltr'>cum</span> <span class='ocrx_word' id='word_1_625' title='bbox 1004 3336 1060 3368; x_wconf 62' lang='lat' dir='ltr'>una</span> <span class='ocrx_word' id='word_1_626' title='bbox 1082 3347 1129 3369; x_wconf 92' lang='lat' dir='ltr'>aut</span> <span class='ocrx_word' id='word_1_627' title='bbox 1148 3341 1202 3372; x_wconf 70' lang='lat' dir='ltr'>alia</span> 
     </span>
     <span class='ocr_line' id='line_1_85' title="bbox 139 3371 1202 3412; baseline 0.008 -11"><span class='ocrx_word' id='word_1_628' title='bbox 139 3371 177 3402; x_wconf 88' lang='lat' dir='ltr'>de</span> <span class='ocrx_word' id='word_1_629' title='bbox 193 3373 310 3404; x_wconf 82' lang='lat' dir='ltr'>Filiabus</span> <span class='ocrx_word' id='word_1_630' title='bbox 324 3375 482 3412; x_wconf 65' lang='lat' dir='ltr'>supradietis</span> <span class='ocrx_word' id='word_1_631' title='bbox 497 3374 725 3405; x_wconf 85' lang='lat' dir='ltr'>contrahendum</span> <span class='ocrx_word' id='word_1_632' title='bbox 735 3397 744 3412; x_wconf 84' lang='lat'>,</span> <span class='ocrx_word' id='word_1_633' title='bbox 953 3376 986 3406; x_wconf 87' lang='lat'>&amp;</span> <span class='ocrx_word' id='word_1_634' title='bbox 1002 3377 1202 3410; x_wconf 80' lang='lat' dir='ltr'>solemnizetur</span> 
     </span>
     <span class='ocr_line' id='line_1_86' title="bbox 138 3411 1199 3478; baseline 0.005 -37"><span class='ocrx_word' id='word_1_635' title='bbox 138 3411 326 3478; x_wconf 54' lang='lat' dir='ltr'>inor-lintinenti</span> <span class='ocrx_word' id='word_1_636' title='bbox 340 3413 489 3451; x_wconf 81' lang='lat' dir='ltr'>postquam</span> <span class='ocrx_word' id='word_1_637' title='bbox 503 3413 559 3451; x_wconf 89' lang='lat' dir='ltr'>ipsa</span> <span class='ocrx_word' id='word_1_638' title='bbox 572 3413 642 3443; x_wconf 84' lang='lat' dir='ltr'>Filia</span> <span class='ocrx_word' id='word_1_639' title='bbox 655 3413 877 3445; x_wconf 88' lang='lat' dir='ltr'>Duodecimum</span> <span class='ocrx_word' id='word_1_640' title='bbox 891 3413 945 3444; x_wconf 87' lang='lat' dir='ltr'>suae</span> <span class='ocrx_word' id='word_1_641' title='bbox 961 3413 1065 3445; x_wconf 81' lang='lat' dir='ltr'>AEtatis</span> <span class='ocrx_word' id='word_1_642' title='bbox 1080 3416 1199 3450; x_wconf 86' lang='lat' dir='ltr'>Annum</span> 
     </span>
     <span class='ocr_line' id='line_1_87' title="bbox 138 3458 492 3486; baseline 0.003 -6"><span class='ocrx_word' id='word_1_643' title='bbox 138 3458 194 3486; x_wconf 83' lang='lat' dir='ltr'>exp</span> <span class='ocrx_word' id='word_1_644' title='bbox 204 3459 300 3481; x_wconf 87' lang='lat' dir='ltr'>event.</span> <span class='ocrx_word' id='word_1_645' title='bbox 489 3484 492 3486; x_wconf 64' lang='grc'><strong>,</strong></span> 
     </span>
    </p>

    <p class='ocr_par' dir='ltr' id='par_1_24' title="bbox 132 3487 1198 3748">
     <span class='ocr_line' id='line_1_88' title="bbox 177 3487 1198 3530; baseline 0.01 -14"><span class='ocrx_word' id='word_1_646' title='bbox 177 3487 285 3525; x_wconf 75' lang='lat' dir='ltr'>ITEM,</span> <span class='ocrx_word' id='word_1_647' title='bbox 310 3488 406 3527; x_wconf 74' lang='lat' dir='ltr'>quod,</span> <span class='ocrx_word' id='word_1_648' title='bbox 432 3489 452 3520; x_wconf 91' lang='lat' dir='ltr'>si</span> <span class='ocrx_word' id='word_1_649' title='bbox 471 3489 618 3520; x_wconf 84' lang='lat' dir='ltr'>Dominus</span> <span class='ocrx_word' id='word_1_650' title='bbox 637 3492 761 3528; x_wconf 74' lang='lat' dir='ltr'>Princeps</span> <span class='ocrx_word' id='word_1_651' title='bbox 779 3489 887 3521; x_wconf 75' lang='lat' dir='ltr'>Wlliae</span> <span class='ocrx_word' id='word_1_652' title='bbox 903 3491 940 3522; x_wconf 85' lang='lat' dir='ltr'>ab</span> <span class='ocrx_word' id='word_1_653' title='bbox 954 3491 1014 3522; x_wconf 90' lang='lat' dir='ltr'>hoc</span> <span class='ocrx_word' id='word_1_654' title='bbox 1034 3493 1198 3530; x_wconf 85' lang='lat' dir='ltr'>migraverit</span> 
     </span>
     <span class='ocr_line' id='line_1_89' title="bbox 137 3525 1196 3564; baseline 0.008 -9"><span class='ocrx_word' id='word_1_655' title='bbox 137 3525 243 3556; x_wconf 89' lang='lat' dir='ltr'>Seculo</span> <span class='ocrx_word' id='word_1_656' title='bbox 263 3527 352 3564; x_wconf 90' lang='lat' dir='ltr'>(quod</span> <span class='ocrx_word' id='word_1_657' title='bbox 372 3527 451 3562; x_wconf 90' lang='lat' dir='ltr'>Deus</span> <span class='ocrx_word' id='word_1_658' title='bbox 467 3529 586 3564; x_wconf 88' lang='lat' dir='ltr'>avertat)</span> <span class='ocrx_word' id='word_1_659' title='bbox 607 3538 671 3559; x_wconf 89' lang='lat' dir='ltr'>ante</span> <span class='ocrx_word' id='word_1_660' title='bbox 690 3528 981 3561; x_wconf 82' lang='lat' dir='ltr'>consummationem</span> <span class='ocrx_word' id='word_1_661' title='bbox 1000 3530 1072 3561; x_wconf 68' lang='lat' dir='ltr'>dieti</span> <span class='ocrx_word' id='word_1_662' title='bbox 1093 3532 1196 3564; x_wconf 83' lang='lat' dir='ltr'>Mati-i-</span> 
     </span>
     <span class='ocr_line' id='line_1_90' title="bbox 137 3564 1198 3602; baseline 0.008 -9"><span class='ocrx_word' id='word_1_663' title='bbox 137 3565 248 3602; x_wconf 89' lang='lat' dir='ltr'>monii,</span> <span class='ocrx_word' id='word_1_664' title='bbox 267 3574 303 3594; x_wconf 92' lang='lat' dir='ltr'>eo</span> <span class='ocrx_word' id='word_1_665' title='bbox 319 3565 349 3593; x_wconf 88' lang='lat' dir='ltr'>in</span> <span class='ocrx_word' id='word_1_666' title='bbox 362 3564 436 3595; x_wconf 86' lang='lat' dir='ltr'>Casu</span> <span class='ocrx_word' id='word_1_667' title='bbox 451 3567 631 3597; x_wconf 87' lang='lat' dir='ltr'>contrahetur</span> <span class='ocrx_word' id='word_1_668' title='bbox 649 3567 871 3598; x_wconf 83' lang='lat' dir='ltr'>Matrimonium</span> <span class='ocrx_word' id='word_1_669' title='bbox 886 3569 958 3599; x_wconf 91' lang='lat' dir='ltr'>inter</span> <span class='ocrx_word' id='word_1_670' title='bbox 971 3569 1058 3599; x_wconf 89' lang='lat' dir='ltr'>alium</span> <span class='ocrx_word' id='word_1_671' title='bbox 1075 3571 1142 3601; x_wconf 60' lang='lat' dir='ltr'>dicii</span> <span class='ocrx_word' id='word_1_672' title='bbox 1151 3576 1198 3602; x_wconf 85' lang='lat' dir='ltr'>Se-</span> 
     </span>
     <span class='ocr_line' id='line_1_91' title="bbox 135 3602 1197 3645; baseline 0.007 -12"><span class='ocrx_word' id='word_1_673' title='bbox 135 3603 260 3641; x_wconf 84' lang='lat' dir='ltr'>reniſjimi</span> <span class='ocrx_word' id='word_1_674' title='bbox 280 3606 357 3639; x_wconf 83' lang='lat' dir='ltr'>Regis</span> <span class='ocrx_word' id='word_1_675' title='bbox 377 3602 478 3632; x_wconf 89' lang='lat' dir='ltr'>Filium</span> <span class='ocrx_word' id='word_1_676' title='bbox 502 3605 649 3635; x_wconf 86' lang='lat' dir='ltr'>Seniorem</span> <span class='ocrx_word' id='word_1_677' title='bbox 669 3615 730 3636; x_wconf 87' lang='lat' dir='ltr'>nori</span> <span class='ocrx_word' id='word_1_678' title='bbox 752 3605 919 3637; x_wconf 87' lang='lat' dir='ltr'>Maritatum</span> <span class='ocrx_word' id='word_1_679' title='bbox 934 3630 943 3645; x_wconf 88' lang='lat'>,</span> <span class='ocrx_word' id='word_1_680' title='bbox 958 3609 992 3639; x_wconf 88' lang='lat'>&amp;</span> <span class='ocrx_word' id='word_1_681' title='bbox 1011 3608 1110 3638; x_wconf 87' lang='lat' dir='ltr'>Filiam</span> <span class='ocrx_word' id='word_1_682' title='bbox 1130 3611 1197 3640; x_wconf 60' lang='lat' dir='ltr'>dicii·</span> 
     </span>
     <span class='ocr_line' id='line_1_92' title="bbox 135 3641 1196 3681; baseline 0.008 -11"><span class='ocrx_word' id='word_1_683' title='bbox 135 3645 222 3671; x_wconf 78' lang='lat' dir='ltr'>Ducis</span> <span class='ocrx_word' id='word_1_684' title='bbox 234 3641 383 3671; x_wconf 87' lang='lat' dir='ltr'>Seniorem</span> <span class='ocrx_word' id='word_1_685' title='bbox 397 3648 466 3670; x_wconf 91' lang='lat' dir='ltr'>tunc</span> <span class='ocrx_word' id='word_1_686' title='bbox 480 3641 508 3670; x_wconf 89' lang='lat' dir='ltr'>in</span> <span class='ocrx_word' id='word_1_687' title='bbox 521 3641 665 3673; x_wconf 87' lang='lat' dir='ltr'>Humanis</span> <span class='ocrx_word' id='word_1_688' title='bbox 678 3651 826 3681; x_wconf 82' lang='lat' dir='ltr'>agentem,</span> <span class='ocrx_word' id='word_1_689' title='bbox 839 3645 911 3674; x_wconf 79' lang='lat' dir='ltr'>dum</span> <span class='ocrx_word' id='word_1_690' title='bbox 928 3654 1023 3676; x_wconf 89' lang='lat' dir='ltr'>tamen</span> <span class='ocrx_word' id='word_1_691' title='bbox 1037 3647 1120 3676; x_wconf 80' lang='lat' dir='ltr'>Filius</span> <span class='ocrx_word' id='word_1_692' title='bbox 1142 3652 1196 3679; x_wconf 85' lang='lat' dir='ltr'>Re-</span> 
     </span>
     <span class='ocr_line' id='line_1_93' title="bbox 132 3678 1197 3725; baseline 0.008 -17"><span class='ocrx_word' id='word_1_693' title='bbox 132 3683 177 3717; x_wconf 78' lang='lat' dir='ltr'>gis</span> <span class='ocrx_word' id='word_1_694' title='bbox 190 3680 222 3710; x_wconf 91' lang='lat' dir='ltr'>sit</span> <span class='ocrx_word' id='word_1_695' title='bbox 237 3678 341 3710; x_wconf 87' lang='lat' dir='ltr'>AEtatis</span> <span class='ocrx_word' id='word_1_696' title='bbox 353 3687 414 3708; x_wconf 86' lang='lat' dir='ltr'>non</span> <span class='ocrx_word' id='word_1_697' title='bbox 429 3679 552 3709; x_wconf 77' lang='lat' dir='ltr'>nimium</span> <span class='ocrx_word' id='word_1_698' title='bbox 568 3681 761 3718; x_wconf 84' lang='lat' dir='ltr'>Discrepantis</span> <span class='ocrx_word' id='word_1_699' title='bbox 776 3681 813 3711; x_wconf 90' lang='lat' dir='ltr'>ab</span> <span class='ocrx_word' id='word_1_700' title='bbox 836 3681 936 3713; x_wconf 88' lang='lat' dir='ltr'>AEtate</span> <span class='ocrx_word' id='word_1_701' title='bbox 957 3684 1032 3714; x_wconf 84' lang='lat' dir='ltr'>Filiae</span> <span class='ocrx_word' id='word_1_702' title='bbox 1045 3685 1122 3725; x_wconf 83' lang='lat' dir='ltr'>ipfius</span> <span class='ocrx_word' id='word_1_703' title='bbox 1133 3690 1197 3717; x_wconf 89' lang='lat' dir='ltr'>Du-</span> 
     </span>
     <span class='ocr_line' id='line_1_94' title="bbox 135 3729 180 3748; baseline 0.022 -1"><span class='ocrx_word' id='word_1_704' title='bbox 135 3729 180 3748; x_wconf 69' lang='lat'><em>615.</em></span> 
     </span>
    </p>

    <p class='ocr_par' dir='ltr' id='par_1_25' title="bbox 134 3754 1194 3836">
     <span class='ocr_line' id='line_1_95' title="bbox 143 3754 1194 3794; baseline 0.008 -8"><span class='ocrx_word' id='word_1_705' title='bbox 143 3788 148 3792; x_wconf 51' lang='grc'>,</span> <span class='ocrx_word' id='word_1_706' title='bbox 175 3758 190 3774; x_wconf 77' lang='lat'>&#39;¹‘</span> <span class='ocrx_word' id='word_1_707' title='bbox 207 3755 317 3793; x_wconf 78' lang='lat' dir='ltr'>ITEM,</span> <span class='ocrx_word' id='word_1_708' title='bbox 334 3754 414 3792; x_wconf 78' lang='lat' dir='ltr'>quod</span> <span class='ocrx_word' id='word_1_709' title='bbox 437 3757 566 3784; x_wconf 78' lang='lat' dir='ltr'>Dominus</span> <span class='ocrx_word' id='word_1_710' title='bbox 586 3759 655 3785; x_wconf 84' lang='lat' dir='ltr'>Dux</span> <span class='ocrx_word' id='word_1_711' title='bbox 677 3755 832 3787; x_wconf 85' lang='lat' dir='ltr'>Conducet</span> <span class='ocrx_word' id='word_1_712' title='bbox 854 3756 1027 3790; x_wconf 84' lang='lat' dir='ltr'>Conducive</span> <span class='ocrx_word' id='word_1_713' title='bbox 1043 3761 1127 3794; x_wconf 89' lang='lat' dir='ltr'>faciet</span> <span class='ocrx_word' id='word_1_714' title='bbox 1147 3767 1194 3793; x_wconf 84' lang='lat' dir='ltr'>Fi-</span> 
     </span>
     <span class='ocr_line' id='line_1_96' title="bbox 134 3792 1072 3836; baseline 0.007 -13"><span class='ocrx_word' id='word_1_715' title='bbox 134 3793 201 3824; x_wconf 86' lang='lat' dir='ltr'>liam</span> <span class='ocrx_word' id='word_1_716' title='bbox 208 3794 291 3836; x_wconf 70' lang='lat' dir='ltr'>ficam</span> <span class='ocrx_word' id='word_1_717' title='bbox 306 3792 484 3833; x_wconf 89' lang='lat' dir='ltr'>hujusmodi,</span> <span class='ocrx_word' id='word_1_718' title='bbox 499 3795 617 3830; x_wconf 79' lang='lat' dir='ltr'>propriis</span> <span class='ocrx_word' id='word_1_719' title='bbox 630 3795 681 3824; x_wconf 90' lang='lat' dir='ltr'>suis</span> <span class='ocrx_word' id='word_1_720' title='bbox 695 3794 846 3833; x_wconf 73' lang='lat' dir='ltr'>Experiiis,</span> <span class='ocrx_word' id='word_1_721' title='bbox 863 3796 898 3826; x_wconf 90' lang='lat' dir='ltr'>ad</span> <span class='ocrx_word' id='word_1_722' title='bbox 914 3796 1072 3830; x_wconf 86' lang='lat' dir='ltr'>Civitatem</span> 
     </span>
    </p>

    <p class='ocr_par' dir='ltr' id='par_1_26' title="bbox 136 3830 1195 3950">
     <span class='ocr_line' id='line_1_97' title="bbox 172 3830 981 3868; baseline 0.005 -7"><span class='ocrx_word' id='word_1_723' title='bbox 172 3843 216 3863; x_wconf 62' lang='lat' dir='ltr'>res</span> <span class='ocrx_word' id='word_1_724' title='bbox 373 3833 433 3862; x_wconf 86' lang='lat' dir='ltr'>rien</span> <span class='ocrx_word' id='word_1_725' title='bbox 448 3831 493 3860; x_wconf 90' lang='lat' dir='ltr'>seu</span> <span class='ocrx_word' id='word_1_726' title='bbox 509 3830 636 3861; x_wconf 87' lang='lat' dir='ltr'>London</span> <span class='ocrx_word' id='word_1_727' title='bbox 646 3854 656 3868; x_wconf 85' lang='lat'>‚</span> <span class='ocrx_word' id='word_1_728' title='bbox 673 3833 722 3861; x_wconf 87' lang='lat' dir='ltr'>ubi</span> <span class='ocrx_word' id='word_1_729' title='bbox 738 3833 981 3866; x_wconf 79' lang='lat' dir='ltr'>Solemnizatione</span> 
     </span>
     <span class='ocr_line' id='line_1_98' title="bbox 313 3868 1195 3916; baseline 0.015 -21"><span class='ocrx_word' id='word_1_730' title='bbox 313 3903 316 3905; x_wconf 18' lang='grc' dir='ltr'><strong>Α</strong></span> <span class='ocrx_word' id='word_1_731' title='bbox 451 3868 554 3898; x_wconf 87' lang='lat' dir='ltr'>institui</span> <span class='ocrx_word' id='word_1_732' title='bbox 567 3870 733 3908; x_wconf 86' lang='lat' dir='ltr'>contigerit·‚</span> <span class='ocrx_word' id='word_1_733' title='bbox 752 3871 785 3901; x_wconf 74' lang='grc' dir='ltr'>δε</span> <span class='ocrx_word' id='word_1_734' title='bbox 802 3871 858 3903; x_wconf 88' lang='lat' dir='ltr'>hoc</span> <span class='ocrx_word' id='word_1_735' title='bbox 874 3875 1086 3911; x_wconf 75' lang='lat' dir='ltr'>quamprimum</span> <span class='ocrx_word' id='word_1_736' title='bbox 1097 3878 1152 3916; x_wconf 90' lang='lat' dir='ltr'>ipsa</span> <span class='ocrx_word' id='word_1_737' title='bbox 1160 3877 1195 3908; x_wconf 79' lang='lat' dir='ltr'>ad</span> 
     </span>
     <span class='ocr_line' id='line_1_99' title="bbox 136 3902 1063 3950; baseline 0.004 -11"><span class='ocrx_word' id='word_1_738' title='bbox 136 3902 266 3940; x_wconf 82' lang='lat' dir='ltr'>AEtatem</span> <span class='ocrx_word' id='word_1_739' title='bbox 281 3909 420 3950; x_wconf 83' lang='lat' dir='ltr'>ydoneam</span> <span class='ocrx_word' id='word_1_740' title='bbox 436 3908 469 3938; x_wconf 87' lang='lat'>&amp;</span> <span class='ocrx_word' id='word_1_741' title='bbox 486 3907 638 3945; x_wconf 72' lang='lat' dir='ltr'>legitimam</span> <span class='ocrx_word' id='word_1_742' title='bbox 654 3909 828 3947; x_wconf 85' lang='lat' dir='ltr'>pervenerit,</span> <span class='ocrx_word' id='word_1_743' title='bbox 843 3919 874 3941; x_wconf 92' lang='lat' dir='ltr'>ut</span> <span class='ocrx_word' id='word_1_744' title='bbox 892 3913 1063 3950; x_wconf 80' lang='lat' dir='ltr'>praedicitur.</span> 
     </span>
    </p>

    <p class='ocr_par' dir='ltr' id='par_1_27' title="bbox 132 3945 1194 4139">
     <span class='ocr_line' id='line_1_100' title="bbox 171 3945 1194 3989; baseline 0.008 -13"><span class='ocrx_word' id='word_1_745' title='bbox 171 3946 278 3986; x_wconf 74' lang='lat' dir='ltr'>ITEM,</span> <span class='ocrx_word' id='word_1_746' title='bbox 296 3948 376 3985; x_wconf 75' lang='lat' dir='ltr'>quod</span> <span class='ocrx_word' id='word_1_747' title='bbox 388 3949 416 3977; x_wconf 87' lang='lat' dir='ltr'>in</span> <span class='ocrx_word' id='word_1_748' title='bbox 431 3955 536 3976; x_wconf 81' lang='lat' dir='ltr'>eventu</span> <span class='ocrx_word' id='word_1_749' title='bbox 553 3945 733 3976; x_wconf 86' lang='lat' dir='ltr'>Matrimonii</span> <span class='ocrx_word' id='word_1_750' title='bbox 747 3947 892 3988; x_wconf 64' lang='lat' dir='ltr'>praedffii,</span> <span class='ocrx_word' id='word_1_751' title='bbox 928 3950 1060 3989; x_wconf 88' lang='lat' dir='ltr'>ostquam</span> <span class='ocrx_word' id='word_1_752' title='bbox 1079 3952 1194 3984; x_wconf 85' lang='lat' dir='ltr'>Solem-</span> 
     </span>
     <span class='ocr_line' id='line_1_101' title="bbox 132 3984 1194 4031; baseline 0.007 -17"><span class='ocrx_word' id='word_1_753' title='bbox 132 3986 261 4016; x_wconf 86' lang='lat' dir='ltr'>nizatum</span> <span class='ocrx_word' id='word_1_754' title='bbox 284 3987 318 4016; x_wconf 89' lang='lat'>&amp;</span> <span class='ocrx_word' id='word_1_755' title='bbox 339 3985 582 4016; x_wconf 87' lang='lat' dir='ltr'>Consummatum</span> <span class='ocrx_word' id='word_1_756' title='bbox 606 3984 715 4022; x_wconf 86' lang='lat' dir='ltr'>fuerit,-</span> <span class='ocrx_word' id='word_1_757' title='bbox 741 3986 759 4014; x_wconf 78' lang='lat' dir='ltr'>ii</span> <span class='ocrx_word' id='word_1_758' title='bbox 787 3985 878 4018; x_wconf 71' lang='lat' dir='ltr'>dietus</span> <span class='ocrx_word' id='word_1_759' title='bbox 933 3991 1046 4019; x_wconf 89' lang='lat' dir='ltr'>ominus</span> <span class='ocrx_word' id='word_1_760' title='bbox 1069 3993 1194 4031; x_wconf 74' lang='lat' dir='ltr'>Princeps</span> 
     </span>
     <span class='ocr_line' id='line_1_102' title="bbox 134 4022 1194 4060; baseline 0.002 -8"><span class='ocrx_word' id='word_1_761' title='bbox 134 4022 244 4055; x_wconf 80' lang='lat' dir='ltr'>Walliae</span> <span class='ocrx_word' id='word_1_762' title='bbox 260 4025 370 4054; x_wconf 87' lang='lat' dir='ltr'>venerit</span> <span class='ocrx_word' id='word_1_763' title='bbox 382 4025 410 4053; x_wconf 90' lang='lat' dir='ltr'>in</span> <span class='ocrx_word' id='word_1_764' title='bbox 425 4023 616 4060; x_wconf 84' lang='lat' dir='ltr'>Britanniam,</span> <span class='ocrx_word' id='word_1_765' title='bbox 635 4026 765 4052; x_wconf 85' lang='lat' dir='ltr'>Dominus</span> <span class='ocrx_word' id='word_1_766' title='bbox 773 4027 841 4053; x_wconf 80' lang='lat' dir='ltr'>Dux</span> <span class='ocrx_word' id='word_1_767' title='bbox 857 4035 925 4057; x_wconf 89' lang='lat' dir='ltr'>eum</span> <span class='ocrx_word' id='word_1_768' title='bbox 939 4028 1071 4059; x_wconf 69' lang='lat' dir='ltr'>tractabit</span> <span class='ocrx_word' id='word_1_769' title='bbox 1086 4030 1114 4059; x_wconf 86' lang='lat' dir='ltr'>in</span> <span class='ocrx_word' id='word_1_770' title='bbox 1125 4040 1194 4060; x_wconf 87' lang='lat' dir='ltr'>om-</span> 
     </span>
     <span class='ocr_line' id='line_1_103' title="bbox 132 4061 1193 4105; baseline 0.008 -13"><span class='ocrx_word' id='word_1_771' title='bbox 132 4063 216 4092; x_wconf 83' lang='lat' dir='ltr'>nibus</span> <span class='ocrx_word' id='word_1_772' title='bbox 228 4061 297 4091; x_wconf 80' lang='lat' dir='ltr'>ficut</span> <span class='ocrx_word' id='word_1_773' title='bbox 312 4063 458 4100; x_wconf 85' lang='lat' dir='ltr'>proprium</span> <span class='ocrx_word' id='word_1_774' title='bbox 474 4062 574 4092; x_wconf 82' lang='lat' dir='ltr'>Filium</span> <span class='ocrx_word' id='word_1_775' title='bbox 589 4061 634 4091; x_wconf 88' lang='lat' dir='ltr'>vel</span> <span class='ocrx_word' id='word_1_776' title='bbox 653 4062 767 4101; x_wconf 83' lang='lat' dir='ltr'>melius,</span> <span class='ocrx_word' id='word_1_777' title='bbox 784 4072 840 4095; x_wconf 84' lang='lat' dir='ltr'>nec</span> <span class='ocrx_word' id='word_1_778' title='bbox 852 4064 904 4097; x_wconf 82' lang='lat' dir='ltr'>erit</span> <span class='ocrx_word' id='word_1_779' title='bbox 917 4065 968 4097; x_wconf 85' lang='lat' dir='ltr'>fibi</span> <span class='ocrx_word' id='word_1_780' title='bbox 981 4075 1052 4105; x_wconf 85' lang='lat' dir='ltr'>opus</span> <span class='ocrx_word' id='word_1_781' title='bbox 1068 4077 1193 4100; x_wconf 81' lang='lat' dir='ltr'>recurre-</span> 
     </span>
     <span class='ocr_line' id='line_1_104' title="bbox 132 4099 658 4139; baseline 0.004 -10"><span class='ocrx_word' id='word_1_782' title='bbox 132 4106 163 4132; x_wconf 76' lang='lat' dir='ltr'>re</span> <span class='ocrx_word' id='word_1_783' title='bbox 177 4100 227 4130; x_wconf 80' lang='lat' dir='ltr'>nili</span> <span class='ocrx_word' id='word_1_784' title='bbox 241 4099 274 4129; x_wconf 91' lang='lat' dir='ltr'>ad</span> <span class='ocrx_word' id='word_1_785' title='bbox 293 4099 445 4131; x_wconf 85' lang='lat' dir='ltr'>Personam</span> <span class='ocrx_word' id='word_1_786' title='bbox 458 4100 539 4139; x_wconf 84' lang='lat' dir='ltr'>ipsius</span> <span class='ocrx_word' id='word_1_787' title='bbox 554 4099 658 4133; x_wconf 67' lang='lat' dir='ltr'>Ducis.-</span> 
     </span>
    </p>

    <p class='ocr_par' dir='ltr' id='par_1_28' title="bbox 192 4140 452 4171">
     <span class='ocr_line' id='line_1_105' title="bbox 192 4140 452 4171; baseline -0.004 -1"><span class='ocrx_word' id='word_1_788' title='bbox 192 4141 264 4171; x_wconf 63' lang='lat' dir='ltr'>Tama</span> <span class='ocrx_word' id='word_1_789' title='bbox 291 4140 322 4169; x_wconf 43' lang='lat' dir='ltr'>V.</span> <span class='ocrx_word' id='word_1_790' title='bbox 341 4140 375 4170; x_wconf 74' lang='grc' dir='ltr'>Ρ.</span> <span class='ocrx_word' id='word_1_791' title='bbox 394 4141 452 4169; x_wconf 63' lang='grc' dir='ltr'>ΙΙΙυ</span> 
     </span>
    </p>
   </div>
   <div class='ocr_carea' id='block_1_14' title="bbox 1243 365 2435 416">
    <p class='ocr_par' dir='ltr' id='par_1_29' title="bbox 1243 365 2435 416">
     <span class='ocr_line' id='line_1_106' title="bbox 1243 365 2435 416; baseline 0.013 -22"><span class='ocrx_word' id='word_1_792' title='bbox 1243 365 1432 404; x_wconf 87' lang='lat' dir='ltr'>Statuumque</span> <span class='ocrx_word' id='word_1_793' title='bbox 1455 369 1705 402; x_wconf 58' lang='lat' dir='ltr'>paramentorum</span> <span class='ocrx_word' id='word_1_794' title='bbox 1728 374 1785 403; x_wconf 72' lang='lat' dir='ltr'>tam</span> <span class='ocrx_word' id='word_1_795' title='bbox 1811 375 1904 412; x_wconf 79' lang='lat' dir='ltr'>Regni</span> <span class='ocrx_word' id='word_1_796' title='bbox 1928 377 2037 416; x_wconf 70' lang='lat' dir='ltr'>Angli-ae</span> <span class='ocrx_word' id='word_1_797' title='bbox 2061 380 2147 416; x_wconf 74' lang='lat' dir='ltr'>qu&#39;am</span> <span class='ocrx_word' id='word_1_798' title='bbox 2173 379 2304 410; x_wconf 41' lang='lat' dir='ltr'>Dissizsis</span> <span class='ocrx_word' id='word_1_799' title='bbox 2319 382 2386 410; x_wconf 74' lang='lat' dir='ltr'>Edv.</span> <span class='ocrx_word' id='word_1_800' title='bbox 2404 386 2435 416; x_wconf 56' lang='grc' dir='ltr'>ὴ».</span> 
     </span>
    </p>
   </div>
   <div class='ocr_carea' id='block_1_15' title="bbox 1230 403 2311 4180">
    <p class='ocr_par' dir='ltr' id='par_1_30' title="bbox 1243 403 2309 673">
     <span class='ocr_line' id='line_1_107' title="bbox 1244 403 2305 454; baseline 0.015 -23"><span class='ocrx_word' id='word_1_801' title='bbox 1244 403 1409 449; x_wconf 65' lang='lat' dir='ltr'>Brstanniae,</span> <span class='ocrx_word' id='word_1_802' title='bbox 1429 407 1623 449; x_wconf 37' lang='lat' dir='ltr'>ita-statuetur</span> <span class='ocrx_word' id='word_1_803' title='bbox 1644 411 1740 449; x_wconf 80' lang='lat' dir='ltr'>quod,</span> <span class='ocrx_word' id='word_1_804' title='bbox 1759 414 1787 441; x_wconf 90' lang='lat' dir='ltr'>in</span> <span class='ocrx_word' id='word_1_805' title='bbox 1809 423 1912 444; x_wconf 88' lang='lat' dir='ltr'>eventu</span> <span class='ocrx_word' id='word_1_806' title='bbox 1934 425 1993 452; x_wconf 92' lang='lat' dir='ltr'>quo</span> <span class='ocrx_word' id='word_1_807' title='bbox 2015 416 2160 448; x_wconf 76' lang='lat' dir='ltr'>Dominus</span> <span class='ocrx_word' id='word_1_808' title='bbox 2183 420 2305 454; x_wconf 51' lang='lat' dir='ltr'>Frisii-,opt</span> 
     </span>
     <span class='ocr_line' id='line_1_108' title="bbox 1245 441 2292 489; baseline 0.015 -20"><span class='ocrx_word' id='word_1_809' title='bbox 1245 441 1358 486; x_wconf 39' lang='lat' dir='ltr'>Walltae.</span> <span class='ocrx_word' id='word_1_810' title='bbox 1373 452 1413 488; x_wconf 38' lang='lat' dir='ltr'>ex·</span> <span class='ocrx_word' id='word_1_811' title='bbox 1429 444 1498 474; x_wconf 75' lang='lat' dir='ltr'>Filia</span> <span class='ocrx_word' id='word_1_812' title='bbox 1515 448 1647 482; x_wconf 57' lang='lat' dir='ltr'>praedicta</span> <span class='ocrx_word' id='word_1_813' title='bbox 1661 448 1784 480; x_wconf 83' lang='lat' dir='ltr'>Haerede</span> <span class='ocrx_word' id='word_1_814' title='bbox 1798 449 1947 481; x_wconf 66' lang='lat' dir='ltr'>Britanni-„e</span> <span class='ocrx_word' id='word_1_815' title='bbox 1973 453 2060 489; x_wconf 76' lang='lat' dir='ltr'>plures</span> <span class='ocrx_word' id='word_1_816' title='bbox 2080 455 2224 486; x_wconf 74' lang='lat' dir='ltr'>Masculos</span> <span class='ocrx_word' id='word_1_817' title='bbox 2249 465 2292 485; x_wconf 66' lang='lat' dir='ltr'>ius</span> 
     </span>
     <span class='ocr_line' id='line_1_109' title="bbox 1244 480 2302 531; baseline 0.016 -23"><span class='ocrx_word' id='word_1_818' title='bbox 1244 488 1371 523; x_wconf 76' lang='lat' dir='ltr'>citaverit</span> <span class='ocrx_word' id='word_1_819' title='bbox 1381 502 1390 517; x_wconf 87' lang='lat'>,</span> <span class='ocrx_word' id='word_1_820' title='bbox 1403 480 1450 511; x_wconf 79' lang='lat' dir='ltr'>ille</span> <span class='ocrx_word' id='word_1_821' title='bbox 1466 485 1539 526; x_wconf 30' lang='lat' dir='ltr'>Dux·</span> <span class='ocrx_word' id='word_1_822' title='bbox 1550 488 1602 513; x_wconf 80' lang='lat' dir='ltr'>erit</span> <span class='ocrx_word' id='word_1_823' title='bbox 1619 488 1792 524; x_wconf 67' lang='lat' dir='ltr'>Britanniae,</span> <span class='ocrx_word' id='word_1_824' title='bbox 1811 490 1896 518; x_wconf 69' lang='lat' dir='ltr'>Armi</span> <span class='ocrx_word' id='word_1_825' title='bbox 1911 491 1991 527; x_wconf 35' lang='lat' dir='ltr'>ipriui.</span> <span class='ocrx_word' id='word_1_826' title='bbox 2003 491 2100 522; x_wconf 77' lang='lat' dir='ltr'>Parrie</span> <span class='ocrx_word' id='word_1_827' title='bbox 2123 495 2245 531; x_wconf 70' lang='lat' dir='ltr'>portabit</span> <span class='ocrx_word' id='word_1_828' title='bbox 2269 495 2302 525; x_wconf 67' lang='grc' dir='ltr'>ὅ(</span> 
     </span>
     <span class='ocr_line' id='line_1_110' title="bbox 1245 518 2305 570; baseline 0.016 -23"><span class='ocrx_word' id='word_1_829' title='bbox 1245 528 1275 548; x_wconf 88' lang='lat' dir='ltr'>in</span> <span class='ocrx_word' id='word_1_830' title='bbox 1294 528 1326 549; x_wconf 91' lang='lat' dir='ltr'>ea</span> <span class='ocrx_word' id='word_1_831' title='bbox 1346 518 1467 550; x_wconf 82' lang='lat' dir='ltr'>Moram</span> <span class='ocrx_word' id='word_1_832' title='bbox 1487 521 1570 551; x_wconf 87' lang='lat' dir='ltr'>faciet</span> <span class='ocrx_word' id='word_1_833' title='bbox 1593 525 1641 559; x_wconf 90' lang='lat' dir='ltr'>qui</span> <span class='ocrx_word' id='word_1_834' title='bbox 1660 525 1688 552; x_wconf 90' lang='lat' dir='ltr'>in</span> <span class='ocrx_word' id='word_1_835' title='bbox 1709 525 1808 554; x_wconf 90' lang='lat' dir='ltr'>ordine</span> <span class='ocrx_word' id='word_1_836' title='bbox 1823 527 1949 558; x_wconf 55' lang='lat' dir='ltr'>nascendi</span> <span class='ocrx_word' id='word_1_837' title='bbox 1966 532 2110 564; x_wconf 80' lang='lat' dir='ltr'>proximu·</span> <span class='ocrx_word' id='word_1_838' title='bbox 2125 531 2187 570; x_wconf 85' lang='lat' dir='ltr'>post</span> <span class='ocrx_word' id='word_1_839' title='bbox 2201 532 2305 563; x_wconf 40' lang='lat' dir='ltr'>Hiere-</span> 
     </span>
     <span class='ocr_line' id='line_1_111' title="bbox 1244 557 2303 607; baseline 0.015 -21"><span class='ocrx_word' id='word_1_840' title='bbox 1244 557 1311 600; x_wconf 84' lang='lat' dir='ltr'>detn</span> <span class='ocrx_word' id='word_1_841' title='bbox 1336 557 1448 597; x_wconf 79' lang='lat' dir='ltr'>Angliae</span> <span class='ocrx_word' id='word_1_842' title='bbox 1472 558 1556 589; x_wconf 88' lang='lat' dir='ltr'>Filius</span> <span class='ocrx_word' id='word_1_843' title='bbox 1581 570 1627 590; x_wconf 84' lang='lat' dir='ltr'>aut</span> <span class='ocrx_word' id='word_1_844' title='bbox 1650 561 1742 592; x_wconf 74' lang='lat' dir='ltr'>Frater</span> <span class='ocrx_word' id='word_1_845' title='bbox 1756 565 1893 602; x_wconf 79' lang='lat' dir='ltr'>extiterit⁷</span> <span class='ocrx_word' id='word_1_846' title='bbox 1911 568 1945 596; x_wconf 62' lang='grc' dir='ltr'>ὃς</span> <span class='ocrx_word' id='word_1_847' title='bbox 1961 568 2040 603; x_wconf 63' lang='lat' dir='ltr'>qu‘od</span> <span class='ocrx_word' id='word_1_848' title='bbox 2054 579 2147 599; x_wconf 77' lang='lat' dir='ltr'>omnia</span> <span class='ocrx_word' id='word_1_849' title='bbox 2171 570 2247 607; x_wconf 67' lang='lat' dir='ltr'>sipia</span> <span class='ocrx_word' id='word_1_850' title='bbox 2268 570 2303 602; x_wconf 68' lang='lat'>&amp;²</span> 
     </span>
     <span class='ocr_line' id='line_1_112' title="bbox 1243 595 2309 641; baseline 0.015 -17"><span class='ocrx_word' id='word_1_851' title='bbox 1243 595 1314 625; x_wconf 82' lang='lat' dir='ltr'>1nfra</span> <span class='ocrx_word' id='word_1_852' title='bbox 1340 595 1524 627; x_wconf 87' lang='lat' dir='ltr'>Concordara</span> <span class='ocrx_word' id='word_1_853' title='bbox 1550 599 1721 629; x_wconf 45' lang='lat' dir='ltr'>&amp;aetoritate</span> <span class='ocrx_word' id='word_1_854' title='bbox 1735 601 1874 632; x_wconf 60' lang='lat' dir='ltr'>dictorum</span> <span class='ocrx_word' id='word_1_855' title='bbox 1892 604 2141 638; x_wconf 80' lang='lat' dir='ltr'>Pariiamentorum</span> <span class='ocrx_word' id='word_1_856' title='bbox 2155 608 2309 641; x_wconf 53' lang='lat' dir='ltr'>confirmae</span> 
     </span>
     <span class='ocr_line' id='line_1_113' title="bbox 1247 635 1654 673; baseline 0.005 -10"><span class='ocrx_word' id='word_1_857' title='bbox 1247 635 1351 664; x_wconf 89' lang='lat' dir='ltr'>buntur</span> <span class='ocrx_word' id='word_1_858' title='bbox 1365 636 1398 667; x_wconf 90' lang='lat'>&amp;</span> <span class='ocrx_word' id='word_1_859' title='bbox 1411 636 1654 673; x_wconf 85' lang='lat' dir='ltr'>approbabuntur.</span> 
     </span>
    </p>

    <p class='ocr_par' dir='ltr' id='par_1_31' title="bbox 1246 671 2308 986">
     <span class='ocr_line' id='line_1_114' title="bbox 1282 671 2303 717; baseline 0.014 -15"><span class='ocrx_word' id='word_1_860' title='bbox 1282 671 1390 711; x_wconf 73' lang='lat' dir='ltr'>ITEM,</span> <span class='ocrx_word' id='word_1_861' title='bbox 1411 675 1445 712; x_wconf 85' lang='lat' dir='ltr'>si,</span> <span class='ocrx_word' id='word_1_862' title='bbox 1463 684 1528 705; x_wconf 89' lang='lat' dir='ltr'>ante</span> <span class='ocrx_word' id='word_1_863' title='bbox 1543 684 1590 705; x_wconf 91' lang='lat' dir='ltr'>aut</span> <span class='ocrx_word' id='word_1_864' title='bbox 1606 674 1671 713; x_wconf 84' lang='lat' dir='ltr'>post</span> <span class='ocrx_word' id='word_1_865' title='bbox 1684 675 1956 709; x_wconf 79' lang='lat' dir='ltr'>Solemnizationem</span> <span class='ocrx_word' id='word_1_866' title='bbox 1970 682 2002 711; x_wconf 64' lang='grc' dir='ltr'>ὃς</span> <span class='ocrx_word' id='word_1_867' title='bbox 2017 679 2303 717; x_wconf 69' lang='grc' dir='ltr'>(ΖοηΓυτητηειτίοηεηὶ</span> 
     </span>
     <span class='ocr_line' id='line_1_115' title="bbox 1247 710 2303 757; baseline 0.009 -16"><span class='ocrx_word' id='word_1_868' title='bbox 1247 710 1429 742; x_wconf 87' lang='lat' dir='ltr'>Matrimonii</span> <span class='ocrx_word' id='word_1_869' title='bbox 1454 715 1604 744; x_wconf 83' lang='lat' dir='ltr'>memorati</span> <span class='ocrx_word' id='word_1_870' title='bbox 1626 717 1758 744; x_wconf 80' lang='lat' dir='ltr'>Dominus</span> <span class='ocrx_word' id='word_1_871' title='bbox 1778 715 1883 746; x_wconf 89' lang='lat' dir='ltr'>dederit</span> <span class='ocrx_word' id='word_1_872' title='bbox 1893 720 2010 755; x_wconf 64' lang='lat' dir='ltr'>praefato</span> <span class='ocrx_word' id='word_1_873' title='bbox 2036 723 2104 750; x_wconf 80' lang='lat' dir='ltr'>Duci</span> <span class='ocrx_word' id='word_1_874' title='bbox 2117 723 2235 757; x_wconf 80' lang='lat' dir='ltr'>aliquem</span> <span class='ocrx_word' id='word_1_875' title='bbox 2253 725 2276 754; x_wconf 88' lang='lat' dir='ltr'>F</span> <span class='ocrx_word' id='word_1_876' title='bbox 2277 727 2303 755; x_wconf 65' lang='lat' dir='ltr'>i-</span> 
     </span>
     <span class='ocr_line' id='line_1_116' title="bbox 1249 749 2306 798; baseline 0.013 -19"><span class='ocrx_word' id='word_1_877' title='bbox 1249 749 1319 780; x_wconf 88' lang='lat' dir='ltr'>lium</span> <span class='ocrx_word' id='word_1_878' title='bbox 1335 752 1488 781; x_wconf 87' lang='lat' dir='ltr'>naturalem</span> <span class='ocrx_word' id='word_1_879' title='bbox 1505 753 1538 782; x_wconf 87' lang='lat'>&amp;</span> <span class='ocrx_word' id='word_1_880' title='bbox 1555 753 1732 791; x_wconf 79' lang='lat' dir='ltr'>legitimum,</span> <span class='ocrx_word' id='word_1_881' title='bbox 1750 756 1865 783; x_wconf 65' lang='lat' dir='ltr'>Domino</span> <span class='ocrx_word' id='word_1_882' title='bbox 1882 758 1949 791; x_wconf 77' lang='lat' dir='ltr'>Rege</span> <span class='ocrx_word' id='word_1_883' title='bbox 1961 758 2083 788; x_wconf 89' lang='lat' dir='ltr'>habente</span> <span class='ocrx_word' id='word_1_884' title='bbox 2100 769 2151 798; x_wconf 91' lang='lat' dir='ltr'>pro</span> <span class='ocrx_word' id='word_1_885' title='bbox 2165 769 2231 791; x_wconf 79' lang='lat' dir='ltr'>tunc</span> <span class='ocrx_word' id='word_1_886' title='bbox 2258 764 2306 793; x_wconf 90' lang='lat' dir='ltr'>ali-</span> 
     </span>
     <span class='ocr_line' id='line_1_117' title="bbox 1247 789 2305 835; baseline 0.008 -17"><span class='ocrx_word' id='word_1_887' title='bbox 1247 797 1334 825; x_wconf 88' lang='lat' dir='ltr'>quam</span> <span class='ocrx_word' id='word_1_888' title='bbox 1350 789 1448 819; x_wconf 86' lang='lat' dir='ltr'>Filiam</span> <span class='ocrx_word' id='word_1_889' title='bbox 1464 791 1630 828; x_wconf 83' lang='lat' dir='ltr'>innuptam,</span> <span class='ocrx_word' id='word_1_890' title='bbox 1651 791 1755 822; x_wconf 85' lang='lat' dir='ltr'>AEtatis</span> <span class='ocrx_word' id='word_1_891' title='bbox 1768 802 1827 822; x_wconf 88' lang='lat' dir='ltr'>nori</span> <span class='ocrx_word' id='word_1_892' title='bbox 1842 793 1963 824; x_wconf 79' lang='lat' dir='ltr'>nimium</span> <span class='ocrx_word' id='word_1_893' title='bbox 1978 795 2153 835; x_wconf 80' lang='lat' dir='ltr'>discrepantis</span> <span class='ocrx_word' id='word_1_894' title='bbox 2169 798 2204 826; x_wconf 84' lang='lat' dir='ltr'>ab</span> <span class='ocrx_word' id='word_1_895' title='bbox 2222 800 2305 832; x_wconf 79' lang='lat' dir='ltr'>AEta-</span> 
     </span>
     <span class='ocr_line' id='line_1_118' title="bbox 1247 827 2306 871; baseline 0.012 -15"><span class='ocrx_word' id='word_1_896' title='bbox 1247 835 1276 856; x_wconf 88' lang='lat' dir='ltr'>te</span> <span class='ocrx_word' id='word_1_897' title='bbox 1296 827 1358 857; x_wconf 87' lang='lat' dir='ltr'>Filii</span> <span class='ocrx_word' id='word_1_898' title='bbox 1379 828 1561 866; x_wconf 83' lang='lat' dir='ltr'>hujusmodi,</span> <span class='ocrx_word' id='word_1_899' title='bbox 1580 832 1760 866; x_wconf 79' lang='lat' dir='ltr'>promittetur</span> <span class='ocrx_word' id='word_1_900' title='bbox 1783 831 1817 861; x_wconf 92' lang='lat'>&amp;</span> <span class='ocrx_word' id='word_1_901' title='bbox 1840 834 2062 863; x_wconf 85' lang='lat' dir='ltr'>concordabitur</span> <span class='ocrx_word' id='word_1_902' title='bbox 2085 836 2306 871; x_wconf 78' lang='lat' dir='ltr'>Matrimonium</span> 
     </span>
     <span class='ocr_line' id='line_1_119' title="bbox 1248 866 2306 912; baseline 0.011 -18"><span class='ocrx_word' id='word_1_903' title='bbox 1248 866 1320 896; x_wconf 89' lang='lat' dir='ltr'>iuter</span> <span class='ocrx_word' id='word_1_904' title='bbox 1339 876 1406 904; x_wconf 71' lang='lat' dir='ltr'>eost,</span> <span class='ocrx_word' id='word_1_905' title='bbox 1425 867 1445 897; x_wconf 88' lang='lat' dir='ltr'>fi</span> <span class='ocrx_word' id='word_1_906' title='bbox 1468 876 1564 898; x_wconf 88' lang='lat' dir='ltr'>autem</span> <span class='ocrx_word' id='word_1_907' title='bbox 1587 870 1616 907; x_wconf 80' lang='lat' dir='ltr'>in</span> <span class='ocrx_word' id='word_1_908' title='bbox 1634 878 1670 898; x_wconf 91' lang='lat' dir='ltr'>eo</span> <span class='ocrx_word' id='word_1_909' title='bbox 1683 870 1744 899; x_wconf 85' lang='lat' dir='ltr'>casu</span> <span class='ocrx_word' id='word_1_910' title='bbox 1757 872 1873 899; x_wconf 74' lang='lat' dir='ltr'>Domino</span> <span class='ocrx_word' id='word_1_911' title='bbox 1885 874 1950 909; x_wconf 72' lang='lat' dir='ltr'>Regi</span> <span class='ocrx_word' id='word_1_912' title='bbox 1964 872 2021 902; x_wconf 88' lang='lat' dir='ltr'>talis</span> <span class='ocrx_word' id='word_1_913' title='bbox 2042 872 2109 903; x_wconf 82' lang='lat' dir='ltr'>Filia</span> <span class='ocrx_word' id='word_1_914' title='bbox 2124 876 2239 912; x_wconf 86' lang='lat' dir='ltr'>innupta</span> <span class='ocrx_word' id='word_1_915' title='bbox 2255 877 2306 907; x_wconf 90' lang='lat' dir='ltr'>de-</span> 
     </span>
     <span class='ocr_line' id='line_1_120' title="bbox 1246 904 2308 946; baseline 0.009 -12"><span class='ocrx_word' id='word_1_916' title='bbox 1246 904 1348 943; x_wconf 82' lang='lat' dir='ltr'>fuerit,</span> <span class='ocrx_word' id='word_1_917' title='bbox 1364 914 1423 935; x_wconf 89' lang='lat' dir='ltr'>non</span> <span class='ocrx_word' id='word_1_918' title='bbox 1442 907 1544 944; x_wconf 86' lang='lat' dir='ltr'>poterit</span> <span class='ocrx_word' id='word_1_919' title='bbox 1568 909 1698 936; x_wconf 81' lang='lat' dir='ltr'>Dominus</span> <span class='ocrx_word' id='word_1_920' title='bbox 1719 910 1788 937; x_wconf 86' lang='lat' dir='ltr'>Dux</span> <span class='ocrx_word' id='word_1_921' title='bbox 1810 908 1925 940; x_wconf 64' lang='lat' dir='ltr'>tractare</span> <span class='ocrx_word' id='word_1_922' title='bbox 1938 910 1974 939; x_wconf 93' lang='lat' dir='ltr'>de</span> <span class='ocrx_word' id='word_1_923' title='bbox 1992 910 2182 943; x_wconf 86' lang='lat' dir='ltr'>Matrimonio</span> <span class='ocrx_word' id='word_1_924' title='bbox 2197 913 2256 943; x_wconf 67' lang='lat' dir='ltr'>filii</span> <span class='ocrx_word' id='word_1_925' title='bbox 2269 915 2308 946; x_wconf 85' lang='lat' dir='ltr'>sui</span> 
     </span>
     <span class='ocr_line' id='line_1_121' title="bbox 1248 943 2032 986; baseline 0.008 -14"><span class='ocrx_word' id='word_1_926' title='bbox 1248 943 1298 972; x_wconf 78' lang='lat' dir='ltr'>nili</span> <span class='ocrx_word' id='word_1_927' title='bbox 1313 943 1350 973; x_wconf 90' lang='lat' dir='ltr'>de</span> <span class='ocrx_word' id='word_1_928' title='bbox 1364 943 1431 974; x_wconf 89' lang='lat' dir='ltr'>sano</span> <span class='ocrx_word' id='word_1_929' title='bbox 1446 945 1480 975; x_wconf 89' lang='lat'>&amp;</span> <span class='ocrx_word' id='word_1_930' title='bbox 1495 945 1575 975; x_wconf 90' lang='lat' dir='ltr'>bono</span> <span class='ocrx_word' id='word_1_931' title='bbox 1589 945 1725 976; x_wconf 87' lang='lat' dir='ltr'>Concilio</span> <span class='ocrx_word' id='word_1_932' title='bbox 1739 947 1807 976; x_wconf 73' lang='lat' dir='ltr'>diCti</span> <span class='ocrx_word' id='word_1_933' title='bbox 1819 949 1932 977; x_wconf 82' lang='lat' dir='ltr'>Domini</span> <span class='ocrx_word' id='word_1_934' title='bbox 1948 951 2032 986; x_wconf 76' lang='lat' dir='ltr'>Regis.</span> 
     </span>
    </p>

    <p class='ocr_par' dir='ltr' id='par_1_32' title="bbox 1246 980 2309 1260">
     <span class='ocr_line' id='line_1_122' title="bbox 1286 980 2307 1027; baseline 0.01 -16"><span class='ocrx_word' id='word_1_935' title='bbox 1286 980 1394 1018; x_wconf 80' lang='lat' dir='ltr'>ITEM,</span> <span class='ocrx_word' id='word_1_936' title='bbox 1410 981 1600 1013; x_wconf 89' lang='lat' dir='ltr'>Conventum</span> <span class='ocrx_word' id='word_1_937' title='bbox 1623 985 1655 1014; x_wconf 88' lang='lat'>&amp;</span> <span class='ocrx_word' id='word_1_938' title='bbox 1675 984 1895 1015; x_wconf 85' lang='lat' dir='ltr'>Concordatum</span> <span class='ocrx_word' id='word_1_939' title='bbox 1916 986 1975 1026; x_wconf 87' lang='lat' dir='ltr'>est,</span> <span class='ocrx_word' id='word_1_940' title='bbox 1995 986 2075 1026; x_wconf 73' lang='lat' dir='ltr'>quod</span> <span class='ocrx_word' id='word_1_941' title='bbox 2098 988 2127 1017; x_wconf 87' lang='lat' dir='ltr'>iri</span> <span class='ocrx_word' id='word_1_942' title='bbox 2150 989 2229 1026; x_wconf 83' lang='lat' dir='ltr'>casu,</span> <span class='ocrx_word' id='word_1_943' title='bbox 2248 996 2307 1027; x_wconf 82' lang='lat' dir='ltr'>quo</span> 
     </span>
     <span class='ocr_line' id='line_1_123' title="bbox 1249 1019 2309 1063; baseline 0.01 -16"><span class='ocrx_word' id='word_1_944' title='bbox 1249 1019 1320 1049; x_wconf 80' lang='lat' dir='ltr'>Filia</span> <span class='ocrx_word' id='word_1_945' title='bbox 1337 1021 1402 1050; x_wconf 68' lang='lat' dir='ltr'>dicii</span> <span class='ocrx_word' id='word_1_946' title='bbox 1413 1024 1525 1052; x_wconf 82' lang='lat' dir='ltr'>Domini</span> <span class='ocrx_word' id='word_1_947' title='bbox 1541 1025 1639 1059; x_wconf 73' lang='lat' dir='ltr'>Ducis,</span> <span class='ocrx_word' id='word_1_948' title='bbox 1655 1025 1771 1053; x_wconf 82' lang='lat' dir='ltr'>Domino</span> <span class='ocrx_word' id='word_1_949' title='bbox 1785 1026 1902 1062; x_wconf 82' lang='lat' dir='ltr'>Principi</span> <span class='ocrx_word' id='word_1_950' title='bbox 1914 1026 2084 1062; x_wconf 80' lang='lat' dir='ltr'>maritanda,</span> <span class='ocrx_word' id='word_1_951' title='bbox 2103 1037 2153 1063; x_wconf 85' lang='lat' dir='ltr'>per</span> <span class='ocrx_word' id='word_1_952' title='bbox 2166 1028 2309 1058; x_wconf 71' lang='lat' dir='ltr'>Nativita=</span> 
     </span>
     <span class='ocr_line' id='line_1_124' title="bbox 1251 1060 2307 1103; baseline 0.008 -15"><span class='ocrx_word' id='word_1_953' title='bbox 1251 1066 1313 1088; x_wconf 89' lang='lat' dir='ltr'>tem</span> <span class='ocrx_word' id='word_1_954' title='bbox 1328 1060 1441 1097; x_wconf 86' lang='lat' dir='ltr'>alicujus</span> <span class='ocrx_word' id='word_1_955' title='bbox 1457 1060 1596 1099; x_wconf 86' lang='lat' dir='ltr'>Masculi,</span> <span class='ocrx_word' id='word_1_956' title='bbox 1615 1060 1715 1091; x_wconf 75' lang='lat' dir='ltr'>Haeres</span> <span class='ocrx_word' id='word_1_957' title='bbox 1727 1061 1806 1092; x_wconf 91' lang='lat' dir='ltr'>Duci</span> <span class='ocrx_word' id='word_1_958' title='bbox 1822 1072 1881 1093; x_wconf 92' lang='lat' dir='ltr'>non</span> <span class='ocrx_word' id='word_1_959' title='bbox 1897 1066 2030 1103; x_wconf 80' lang='lat' dir='ltr'>extiterit,</span> <span class='ocrx_word' id='word_1_960' title='bbox 2050 1065 2256 1096; x_wconf 82' lang='lat' dir='ltr'>constituantur</span> <span class='ocrx_word' id='word_1_961' title='bbox 2269 1071 2307 1096; x_wconf 58' lang='lat' dir='ltr'>eis</span> 
     </span>
     <span class='ocr_line' id='line_1_125' title="bbox 1249 1096 2306 1143; baseline 0.011 -19"><span class='ocrx_word' id='word_1_962' title='bbox 1249 1096 1308 1125; x_wconf 85' lang='lat' dir='ltr'>dem</span> <span class='ocrx_word' id='word_1_963' title='bbox 1328 1097 1403 1127; x_wconf 83' lang='lat' dir='ltr'>Filiae</span> <span class='ocrx_word' id='word_1_964' title='bbox 1419 1099 1448 1128; x_wconf 85' lang='lat' dir='ltr'>in</span> <span class='ocrx_word' id='word_1_965' title='bbox 1470 1098 1582 1129; x_wconf 86' lang='lat' dir='ltr'>Dotem</span> <span class='ocrx_word' id='word_1_966' title='bbox 1605 1100 1680 1130; x_wconf 85' lang='lat' dir='ltr'>suam</span> <span class='ocrx_word' id='word_1_967' title='bbox 1702 1103 1828 1130; x_wconf 82' lang='lat' dir='ltr'>Ducenta</span> <span class='ocrx_word' id='word_1_968' title='bbox 1850 1101 1947 1131; x_wconf 71' lang='lat' dir='ltr'>Millia</span> <span class='ocrx_word' id='word_1_969' title='bbox 1959 1107 2097 1133; x_wconf 77' lang='lat' dir='ltr'>Scutorum</span> <span class='ocrx_word' id='word_1_970' title='bbox 2115 1108 2211 1142; x_wconf 61' lang='lat' dir='ltr'>Auri,</span> <span class='ocrx_word' id='word_1_971' title='bbox 2232 1115 2306 1143; x_wconf 87' lang='lat' dir='ltr'>quo-</span> 
     </span>
     <span class='ocr_line' id='line_1_126' title="bbox 1247 1137 2309 1174; baseline 0.009 -10"><span class='ocrx_word' id='word_1_972' title='bbox 1247 1144 1310 1165; x_wconf 82' lang='lat' dir='ltr'>rum</span> <span class='ocrx_word' id='word_1_973' title='bbox 1327 1139 1440 1165; x_wconf 85' lang='lat' dir='ltr'>Centum</span> <span class='ocrx_word' id='word_1_974' title='bbox 1454 1137 1549 1168; x_wconf 88' lang='lat' dir='ltr'>Millia</span> <span class='ocrx_word' id='word_1_975' title='bbox 1563 1141 1701 1168; x_wconf 88' lang='lat' dir='ltr'>Scutorum</span> <span class='ocrx_word' id='word_1_976' title='bbox 1715 1139 1856 1169; x_wconf 88' lang='lat' dir='ltr'>solventur</span> <span class='ocrx_word' id='word_1_977' title='bbox 1870 1140 1927 1170; x_wconf 88' lang='lat' dir='ltr'>Die</span> <span class='ocrx_word' id='word_1_978' title='bbox 1940 1141 2188 1173; x_wconf 84' lang='lat' dir='ltr'>Solemnizationis</span> <span class='ocrx_word' id='word_1_979' title='bbox 2203 1144 2309 1174; x_wconf 85' lang='lat' dir='ltr'>Matri-</span> 
     </span>
     <span class='ocr_line' id='line_1_127' title="bbox 1248 1175 2308 1217; baseline 0.01 -15"><span class='ocrx_word' id='word_1_980' title='bbox 1248 1175 1356 1211; x_wconf 82' lang='lat' dir='ltr'>monii,</span> <span class='ocrx_word' id='word_1_981' title='bbox 1376 1175 1409 1205; x_wconf 89' lang='lat'>&amp;</span> <span class='ocrx_word' id='word_1_982' title='bbox 1421 1176 1504 1206; x_wconf 83' lang='lat' dir='ltr'>altera</span> <span class='ocrx_word' id='word_1_983' title='bbox 1515 1182 1627 1206; x_wconf 74' lang='lat' dir='ltr'>Centum</span> <span class='ocrx_word' id='word_1_984' title='bbox 1645 1176 1740 1206; x_wconf 81' lang='lat' dir='ltr'>Millia</span> <span class='ocrx_word' id='word_1_985' title='bbox 1752 1180 1780 1207; x_wconf 88' lang='lat' dir='ltr'>iri</span> <span class='ocrx_word' id='word_1_986' title='bbox 1796 1178 1936 1217; x_wconf 82' lang='lat' dir='ltr'>Qiinque</span> <span class='ocrx_word' id='word_1_987' title='bbox 1949 1181 2038 1211; x_wconf 77' lang='lat' dir='ltr'>Annis</span> <span class='ocrx_word' id='word_1_988' title='bbox 2055 1182 2186 1217; x_wconf 74' lang='lat' dir='ltr'>proximo</span> <span class='ocrx_word' id='word_1_989' title='bbox 2204 1191 2308 1214; x_wconf 80' lang='lat' dir='ltr'>extunc</span> 
     </span>
     <span class='ocr_line' id='line_1_128' title="bbox 1246 1210 2162 1260; baseline 0.009 -20"><span class='ocrx_word' id='word_1_990' title='bbox 1246 1210 1442 1251; x_wconf 87' lang='lat' dir='ltr'>sequentibus,</span> <span class='ocrx_word' id='word_1_991' title='bbox 1457 1224 1505 1251; x_wconf 88' lang='lat' dir='ltr'>per</span> <span class='ocrx_word' id='word_1_992' title='bbox 1521 1217 1640 1253; x_wconf 82' lang='lat' dir='ltr'>aequales</span> <span class='ocrx_word' id='word_1_993' title='bbox 1654 1215 1815 1253; x_wconf 81' lang='lat' dir='ltr'>Portiones,</span> <span class='ocrx_word' id='word_1_994' title='bbox 1833 1217 1868 1247; x_wconf 87' lang='lat' dir='ltr'>ad</span> <span class='ocrx_word' id='word_1_995' title='bbox 1884 1217 1968 1249; x_wconf 89' lang='lat' dir='ltr'>Onus</span> <span class='ocrx_word' id='word_1_996' title='bbox 1977 1219 2053 1260; x_wconf 67' lang='lat' dir='ltr'>ipfius</span> <span class='ocrx_word' id='word_1_997' title='bbox 2065 1222 2162 1249; x_wconf 77' lang='lat' dir='ltr'>Ducis:</span> 
     </span>
    </p>

    <p class='ocr_par' dir='ltr' id='par_1_33' title="bbox 1247 1250 2308 1448">
     <span class='ocr_line' id='line_1_129' title="bbox 1285 1250 2308 1295; baseline 0.01 -15"><span class='ocrx_word' id='word_1_998' title='bbox 1285 1250 1313 1280; x_wconf 89' lang='lat' dir='ltr'>Si</span> <span class='ocrx_word' id='word_1_999' title='bbox 1326 1261 1437 1289; x_wconf 87' lang='lat' dir='ltr'>aurem,</span> <span class='ocrx_word' id='word_1_1000' title='bbox 1456 1253 1534 1283; x_wconf 88' lang='lat' dir='ltr'>nullo</span> <span class='ocrx_word' id='word_1_1001' title='bbox 1549 1263 1615 1284; x_wconf 82' lang='lat' dir='ltr'>nato</span> <span class='ocrx_word' id='word_1_1002' title='bbox 1630 1254 1721 1292; x_wconf 88' lang='lat' dir='ltr'>Filio,</span> <span class='ocrx_word' id='word_1_1003' title='bbox 1740 1255 1898 1286; x_wconf 77' lang='lat' dir='ltr'>Hcereditas</span> <span class='ocrx_word' id='word_1_1004' title='bbox 1914 1257 1994 1295; x_wconf 83' lang='lat' dir='ltr'>ipsius</span> <span class='ocrx_word' id='word_1_1005' title='bbox 2008 1258 2137 1290; x_wconf 64' lang='lat' dir='ltr'>Ducitus</span> <span class='ocrx_word' id='word_1_1006' title='bbox 2158 1258 2308 1291; x_wconf 65' lang='lat' dir='ltr'>Britanniae</span> 
     </span>
     <span class='ocr_line' id='line_1_130' title="bbox 1248 1288 2307 1331; baseline 0.008 -13"><span class='ocrx_word' id='word_1_1007' title='bbox 1248 1288 1278 1317; x_wconf 85' lang='lat' dir='ltr'>in</span> <span class='ocrx_word' id='word_1_1008' title='bbox 1302 1299 1333 1319; x_wconf 82' lang='lat' dir='ltr'>ea</span> <span class='ocrx_word' id='word_1_1009' title='bbox 1348 1291 1522 1329; x_wconf 85' lang='lat' dir='ltr'>remanserit,</span> <span class='ocrx_word' id='word_1_1010' title='bbox 1539 1291 1604 1322; x_wconf 81' lang='lat' dir='ltr'>Dos</span> <span class='ocrx_word' id='word_1_1011' title='bbox 1622 1292 1696 1331; x_wconf 75' lang='lat' dir='ltr'>ipfius</span> <span class='ocrx_word' id='word_1_1012' title='bbox 1712 1293 1788 1323; x_wconf 76' lang='lat' dir='ltr'>Filiae</span> <span class='ocrx_word' id='word_1_1013' title='bbox 1810 1295 1860 1325; x_wconf 90' lang='lat' dir='ltr'>erit</span> <span class='ocrx_word' id='word_1_1014' title='bbox 1882 1295 1915 1325; x_wconf 90' lang='lat' dir='ltr'>ad</span> <span class='ocrx_word' id='word_1_1015' title='bbox 1933 1299 2046 1326; x_wconf 82' lang='lat' dir='ltr'>Centum</span> <span class='ocrx_word' id='word_1_1016' title='bbox 2059 1297 2154 1326; x_wconf 60' lang='lat' dir='ltr'>allillia</span> <span class='ocrx_word' id='word_1_1017' title='bbox 2168 1301 2307 1327; x_wconf 82' lang='lat' dir='ltr'>Scutorum</span> 
     </span>
     <span class='ocr_line' id='line_1_131' title="bbox 1247 1329 2308 1371; baseline 0.009 -14"><span class='ocrx_word' id='word_1_1018' title='bbox 1247 1329 1379 1366; x_wconf 57' lang='lat' dir='ltr'>praecise,</span> <span class='ocrx_word' id='word_1_1019' title='bbox 1398 1339 1521 1365; x_wconf 87' lang='lat' dir='ltr'>quorum</span> <span class='ocrx_word' id='word_1_1020' title='bbox 1538 1331 1748 1371; x_wconf 61' lang='lat' dir='ltr'>innquaginta</span> <span class='ocrx_word' id='word_1_1021' title='bbox 1762 1331 1856 1361; x_wconf 78' lang='lat' dir='ltr'>M-llia</span> <span class='ocrx_word' id='word_1_1022' title='bbox 1874 1333 2016 1364; x_wconf 85' lang='lat' dir='ltr'>solventur</span> <span class='ocrx_word' id='word_1_1023' title='bbox 2032 1337 2059 1365; x_wconf 93' lang='lat' dir='ltr'>in</span> <span class='ocrx_word' id='word_1_1024' title='bbox 2082 1335 2143 1365; x_wconf 90' lang='lat' dir='ltr'>Die</span> <span class='ocrx_word' id='word_1_1025' title='bbox 2161 1335 2308 1366; x_wconf 60' lang='lat' dir='ltr'>solemnia</span> 
     </span>
     <span class='ocr_line' id='line_1_132' title="bbox 1247 1366 2308 1411; baseline 0.009 -16"><span class='ocrx_word' id='word_1_1026' title='bbox 1247 1367 1364 1408; x_wconf 81' lang='lat' dir='ltr'>zationis</span> <span class='ocrx_word' id='word_1_1027' title='bbox 1380 1366 1577 1405; x_wconf 78' lang='lat' dir='ltr'>Matrimonii,</span> <span class='ocrx_word' id='word_1_1028' title='bbox 1597 1372 1630 1400; x_wconf 86' lang='lat'>&amp;</span> <span class='ocrx_word' id='word_1_1029' title='bbox 1644 1370 1693 1400; x_wconf 85' lang='lat' dir='ltr'>alia</span> <span class='ocrx_word' id='word_1_1030' title='bbox 1708 1371 1917 1411; x_wconf 68' lang='lat' dir='ltr'>Qinquaginta</span> <span class='ocrx_word' id='word_1_1031' title='bbox 1932 1373 2030 1404; x_wconf 82' lang='lat' dir='ltr'>Millia</span> <span class='ocrx_word' id='word_1_1032' title='bbox 2051 1376 2079 1405; x_wconf 85' lang='lat' dir='ltr'>in</span> <span class='ocrx_word' id='word_1_1033' title='bbox 2098 1374 2224 1404; x_wconf 88' lang='lat' dir='ltr'>Duobus</span> <span class='ocrx_word' id='word_1_1034' title='bbox 2244 1375 2308 1405; x_wconf 84' lang='lat' dir='ltr'>An-</span> 
     </span>
     <span class='ocr_line' id='line_1_133' title="bbox 1247 1407 2301 1448; baseline 0.014 -16"><span class='ocrx_word' id='word_1_1035' title='bbox 1247 1413 1288 1433; x_wconf 83' lang='lat' dir='ltr'>nis</span> <span class='ocrx_word' id='word_1_1036' title='bbox 1306 1407 1440 1441; x_wconf 72' lang='lat' dir='ltr'>proximo</span> <span class='ocrx_word' id='word_1_1037' title='bbox 1452 1415 1554 1438; x_wconf 78' lang='lat' dir='ltr'>extunc</span> <span class='ocrx_word' id='word_1_1038' title='bbox 1565 1408 1756 1446; x_wconf 86' lang='lat' dir='ltr'>sequentibus,</span> <span class='ocrx_word' id='word_1_1039' title='bbox 1777 1420 1824 1446; x_wconf 87' lang='lat' dir='ltr'>per</span> <span class='ocrx_word' id='word_1_1040' title='bbox 1838 1411 1958 1448; x_wconf 64' lang='lat' dir='ltr'>aequalffi</span> <span class='ocrx_word' id='word_1_1041' title='bbox 1975 1412 2139 1444; x_wconf 86' lang='lat' dir='ltr'>Portiones:</span> <span class='ocrx_word' id='word_1_1042' title='bbox 2294 1442 2301 1447; x_wconf 83' lang='lat'><em>.</em></span> 
     </span>
    </p>

    <p class='ocr_par' dir='ltr' id='par_1_34' title="bbox 1245 1443 2309 1874">
     <span class='ocr_line' id='line_1_134' title="bbox 1286 1443 2309 1489; baseline 0.011 -16"><span class='ocrx_word' id='word_1_1043' title='bbox 1286 1443 1324 1474; x_wconf 88' lang='lat' dir='ltr'>Et</span> <span class='ocrx_word' id='word_1_1044' title='bbox 1342 1466 1352 1482; x_wconf 86' lang='lat'>,</span> <span class='ocrx_word' id='word_1_1045' title='bbox 1378 1446 1441 1481; x_wconf 89' lang='lat' dir='ltr'>quia</span> <span class='ocrx_word' id='word_1_1046' title='bbox 1464 1454 1577 1484; x_wconf 87' lang='lat' dir='ltr'>tempus</span> <span class='ocrx_word' id='word_1_1047' title='bbox 1596 1446 1760 1477; x_wconf 85' lang='lat' dir='ltr'>Nativitatis</span> <span class='ocrx_word' id='word_1_1048' title='bbox 1775 1447 1936 1484; x_wconf 81' lang='lat' dir='ltr'>hujusmodi</span> <span class='ocrx_word' id='word_1_1049' title='bbox 1955 1450 2076 1482; x_wconf 87' lang='lat' dir='ltr'>Masculi</span> <span class='ocrx_word' id='word_1_1050' title='bbox 2097 1450 2265 1489; x_wconf 78' lang='lat' dir='ltr'>(videlicet)</span> <span class='ocrx_word' id='word_1_1051' title='bbox 2287 1451 2309 1484; x_wconf 83' lang='lat' dir='ltr'>fi</span> 
     </span>
     <span class='ocr_line' id='line_1_135' title="bbox 1245 1483 2309 1528; baseline 0.009 -17"><span class='ocrx_word' id='word_1_1052' title='bbox 1245 1483 1353 1512; x_wconf 84' lang='lat' dir='ltr'>accidat</span> <span class='ocrx_word' id='word_1_1053' title='bbox 1376 1492 1442 1513; x_wconf 85' lang='lat' dir='ltr'>ante</span> <span class='ocrx_word' id='word_1_1054' title='bbox 1467 1493 1514 1514; x_wconf 78' lang='lat' dir='ltr'>aut</span> <span class='ocrx_word' id='word_1_1055' title='bbox 1541 1485 1605 1522; x_wconf 89' lang='lat' dir='ltr'>post</span> <span class='ocrx_word' id='word_1_1056' title='bbox 1629 1485 1900 1517; x_wconf 83' lang='lat' dir='ltr'>Solemnizationem</span> <span class='ocrx_word' id='word_1_1057' title='bbox 1918 1488 2101 1526; x_wconf 66' lang='lat' dir='ltr'>supraditflam</span> <span class='ocrx_word' id='word_1_1058' title='bbox 2118 1513 2128 1528; x_wconf 82' lang='lat'>,</span> <span class='ocrx_word' id='word_1_1059' title='bbox 2153 1491 2309 1528; x_wconf 77' lang='lat' dir='ltr'>plurimum</span> 
     </span>
     <span class='ocr_line' id='line_1_136' title="bbox 1245 1519 2307 1564; baseline 0.01 -15"><span class='ocrx_word' id='word_1_1060' title='bbox 1245 1519 1411 1552; x_wconf 84' lang='lat' dir='ltr'>diversificat</span> <span class='ocrx_word' id='word_1_1061' title='bbox 1432 1521 1559 1552; x_wconf 86' lang='lat' dir='ltr'>Modum</span> <span class='ocrx_word' id='word_1_1062' title='bbox 1580 1523 1734 1553; x_wconf 89' lang='lat' dir='ltr'>Solutionis</span> <span class='ocrx_word' id='word_1_1063' title='bbox 1753 1525 1921 1564; x_wconf 77' lang='lat' dir='ltr'>praelibatae,</span> <span class='ocrx_word' id='word_1_1064' title='bbox 1939 1527 2156 1559; x_wconf 79' lang='lat' dir='ltr'>Concordatum</span> <span class='ocrx_word' id='word_1_1065' title='bbox 2175 1528 2217 1558; x_wconf 88' lang='lat' dir='ltr'>est</span> <span class='ocrx_word' id='word_1_1066' title='bbox 2232 1531 2307 1560; x_wconf 85' lang='lat' dir='ltr'>inter</span> 
     </span>
     <span class='ocr_line' id='line_1_137' title="bbox 1245 1559 2308 1599; baseline 0.01 -11"><span class='ocrx_word' id='word_1_1067' title='bbox 1245 1559 1339 1589; x_wconf 62' lang='lat' dir='ltr'>dieios</span> <span class='ocrx_word' id='word_1_1068' title='bbox 1365 1563 1460 1597; x_wconf 84' lang='lat' dir='ltr'>Regem</span> <span class='ocrx_word' id='word_1_1069' title='bbox 1483 1561 1516 1591; x_wconf 68' lang='grc' dir='ltr'>ὃς</span> <span class='ocrx_word' id='word_1_1070' title='bbox 1534 1564 1636 1591; x_wconf 85' lang='lat' dir='ltr'>Ducem</span> <span class='ocrx_word' id='word_1_1071' title='bbox 1654 1563 1733 1598; x_wconf 83' lang='lat' dir='ltr'>quod</span> <span class='ocrx_word' id='word_1_1072' title='bbox 1749 1584 1759 1599; x_wconf 92' lang='lat'>,</span> <span class='ocrx_word' id='word_1_1073' title='bbox 1786 1563 1806 1592; x_wconf 86' lang='lat' dir='ltr'>si</span> <span class='ocrx_word' id='word_1_1074' title='bbox 1824 1563 1888 1599; x_wconf 87' lang='lat' dir='ltr'>post</span> <span class='ocrx_word' id='word_1_1075' title='bbox 1907 1566 2182 1597; x_wconf 82' lang='lat' dir='ltr'>Solemnizationem</span> <span class='ocrx_word' id='word_1_1076' title='bbox 2205 1567 2308 1599; x_wconf 77' lang='lat' dir='ltr'>Matri-</span> 
     </span>
     <span class='ocr_line' id='line_1_138' title="bbox 1246 1599 2307 1639; baseline 0.008 -12"><span class='ocrx_word' id='word_1_1077' title='bbox 1246 1599 1338 1628; x_wconf 90' lang='lat' dir='ltr'>monii</span> <span class='ocrx_word' id='word_1_1078' title='bbox 1356 1601 1467 1629; x_wconf 83' lang='lat' dir='ltr'>Domini</span> <span class='ocrx_word' id='word_1_1079' title='bbox 1480 1601 1610 1637; x_wconf 84' lang='lat' dir='ltr'>Principis</span> <span class='ocrx_word' id='word_1_1080' title='bbox 1627 1599 1734 1630; x_wconf 67' lang='lat' dir='ltr'>Wali&#39;iae</span> <span class='ocrx_word' id='word_1_1081' title='bbox 1749 1600 1899 1639; x_wconf 60' lang='lat' dir='ltr'>stipi-aditu</span> <span class='ocrx_word' id='word_1_1082' title='bbox 1914 1604 1999 1634; x_wconf 89' lang='lat' dir='ltr'>Filius</span> <span class='ocrx_word' id='word_1_1083' title='bbox 2013 1609 2128 1635; x_wconf 84' lang='lat' dir='ltr'>Domino</span> <span class='ocrx_word' id='word_1_1084' title='bbox 2146 1609 2216 1635; x_wconf 84' lang='lat' dir='ltr'>Duci</span> <span class='ocrx_word' id='word_1_1085' title='bbox 2235 1606 2307 1637; x_wconf 54' lang='grc' dir='ltr'>Ητ-</span> 
     </span>
     <span class='ocr_line' id='line_1_139' title="bbox 1245 1636 2309 1685; baseline 0.008 -18"><span class='ocrx_word' id='word_1_1086' title='bbox 1245 1646 1287 1667; x_wconf 87' lang='lat' dir='ltr'>res</span> <span class='ocrx_word' id='word_1_1087' title='bbox 1304 1636 1445 1675; x_wconf 86' lang='lat' dir='ltr'>nascetur,</span> <span class='ocrx_word' id='word_1_1088' title='bbox 1464 1638 1600 1675; x_wconf 83' lang='lat' dir='ltr'>quicquid</span> <span class='ocrx_word' id='word_1_1089' title='bbox 1618 1639 1654 1669; x_wconf 91' lang='lat' dir='ltr'>de</span> <span class='ocrx_word' id='word_1_1090' title='bbox 1671 1643 1784 1669; x_wconf 81' lang='lat' dir='ltr'>Centum</span> <span class='ocrx_word' id='word_1_1091' title='bbox 1802 1639 1926 1671; x_wconf 84' lang='lat' dir='ltr'>Millibus</span> <span class='ocrx_word' id='word_1_1092' title='bbox 1945 1646 2083 1673; x_wconf 84' lang='lat' dir='ltr'>Scutorum</span> <span class='ocrx_word' id='word_1_1093' title='bbox 2094 1667 2103 1682; x_wconf 94' lang='lat'>,</span> <span class='ocrx_word' id='word_1_1094' title='bbox 2123 1646 2189 1673; x_wconf 77' lang='lat' dir='ltr'>ultra</span> <span class='ocrx_word' id='word_1_1095' title='bbox 2215 1645 2309 1685; x_wconf 53' lang='lat' dir='ltr'>Quia</span> 
     </span>
     <span class='ocr_line' id='line_1_140' title="bbox 1247 1675 2308 1721; baseline 0.009 -17"><span class='ocrx_word' id='word_1_1096' title='bbox 1247 1679 1378 1715; x_wconf 81' lang='lat' dir='ltr'>quaginta</span> <span class='ocrx_word' id='word_1_1097' title='bbox 1404 1675 1500 1706; x_wconf 83' lang='lat' dir='ltr'>Millia</span> <span class='ocrx_word' id='word_1_1098' title='bbox 1519 1677 1600 1707; x_wconf 71' lang='lat' dir='ltr'>dic‘to</span> <span class='ocrx_word' id='word_1_1099' title='bbox 1625 1677 1685 1708; x_wconf 91' lang='lat' dir='ltr'>Die</span> <span class='ocrx_word' id='word_1_1100' title='bbox 1712 1677 1960 1710; x_wconf 76' lang='lat' dir='ltr'>Solemiiizcitioriis</span> <span class='ocrx_word' id='word_1_1101' title='bbox 1981 1681 2091 1720; x_wconf 82' lang='lat' dir='ltr'>soluta,</span> <span class='ocrx_word' id='word_1_1102' title='bbox 2124 1683 2152 1711; x_wconf 89' lang='lat' dir='ltr'>in</span> <span class='ocrx_word' id='word_1_1103' title='bbox 2177 1692 2308 1721; x_wconf 60' lang='lat' dir='ltr'>tem-,iore</span> 
     </span>
     <span class='ocr_line' id='line_1_141' title="bbox 1248 1714 2309 1758; baseline 0.006 -13"><span class='ocrx_word' id='word_1_1104' title='bbox 1248 1714 1413 1745; x_wconf 84' lang='lat' dir='ltr'>Nativitatis</span> <span class='ocrx_word' id='word_1_1105' title='bbox 1431 1715 1590 1753; x_wconf 88' lang='lat' dir='ltr'>hujusmodi</span> <span class='ocrx_word' id='word_1_1106' title='bbox 1610 1716 1671 1746; x_wconf 87' lang='lat' dir='ltr'>Filii</span> <span class='ocrx_word' id='word_1_1107' title='bbox 1691 1716 1801 1748; x_wconf 82' lang='lat' dir='ltr'>restabit</span> <span class='ocrx_word' id='word_1_1108' title='bbox 1819 1716 1994 1758; x_wconf 87' lang='lat' dir='ltr'>Insolutum,</span> <span class='ocrx_word' id='word_1_1109' title='bbox 2020 1721 2140 1753; x_wconf 86' lang='lat' dir='ltr'>solvetur</span> <span class='ocrx_word' id='word_1_1110' title='bbox 2159 1721 2228 1750; x_wconf 78' lang='lat' dir='ltr'>infra</span> <span class='ocrx_word' id='word_1_1111' title='bbox 2249 1723 2309 1751; x_wconf 59' lang='lat' dir='ltr'>An-</span> 
     </span>
     <span class='ocr_line' id='line_1_142' title="bbox 1245 1753 2309 1799; baseline 0.007 -17"><span class='ocrx_word' id='word_1_1112' title='bbox 1245 1762 1318 1783; x_wconf 91' lang='lat' dir='ltr'>num</span> <span class='ocrx_word' id='word_1_1113' title='bbox 1344 1753 1533 1785; x_wconf 86' lang='lat' dir='ltr'>Nativitatem</span> <span class='ocrx_word' id='word_1_1114' title='bbox 1556 1754 1719 1793; x_wconf 86' lang='lat' dir='ltr'>hujusmodi</span> <span class='ocrx_word' id='word_1_1115' title='bbox 1743 1755 1806 1786; x_wconf 89' lang='lat' dir='ltr'>Filii</span> <span class='ocrx_word' id='word_1_1116' title='bbox 1824 1758 1955 1793; x_wconf 77' lang='lat' dir='ltr'>proxime</span> <span class='ocrx_word' id='word_1_1117' title='bbox 1969 1759 2131 1796; x_wconf 76' lang='lat' dir='ltr'>sequentem</span> <span class='ocrx_word' id='word_1_1118' title='bbox 2148 1770 2158 1795; x_wconf 71' lang='lat'>3</span> <span class='ocrx_word' id='word_1_1119' title='bbox 2176 1760 2309 1799; x_wconf 80' lang='lat' dir='ltr'>postrema</span> 
     </span>
     <span class='ocr_line' id='line_1_143' title="bbox 1245 1791 2308 1838; baseline 0.008 -18"><span class='ocrx_word' id='word_1_1120' title='bbox 1245 1799 1336 1821; x_wconf 86' lang='lat' dir='ltr'>autem</span> <span class='ocrx_word' id='word_1_1121' title='bbox 1354 1795 1466 1822; x_wconf 79' lang='lat' dir='ltr'>Centum</span> <span class='ocrx_word' id='word_1_1122' title='bbox 1485 1791 1580 1822; x_wconf 77' lang='lat' dir='ltr'>Millia</span> <span class='ocrx_word' id='word_1_1123' title='bbox 1594 1816 1602 1831; x_wconf 89' lang='lat'>,</span> <span class='ocrx_word' id='word_1_1124' title='bbox 1631 1794 1659 1823; x_wconf 89' lang='lat' dir='ltr'>in</span> <span class='ocrx_word' id='word_1_1125' title='bbox 1678 1804 1714 1824; x_wconf 88' lang='lat' dir='ltr'>eo</span> <span class='ocrx_word' id='word_1_1126' title='bbox 1732 1795 1794 1825; x_wconf 90' lang='lat' dir='ltr'>casu</span> <span class='ocrx_word' id='word_1_1127' title='bbox 1814 1794 1906 1827; x_wconf 87' lang='lat' dir='ltr'>debita</span> <span class='ocrx_word' id='word_1_1128' title='bbox 1923 1819 1932 1834; x_wconf 88' lang='lat'>‚</span> <span class='ocrx_word' id='word_1_1129' title='bbox 1958 1797 2100 1829; x_wconf 81' lang='lat' dir='ltr'>solventur</span> <span class='ocrx_word' id='word_1_1130' title='bbox 2118 1799 2146 1828; x_wconf 89' lang='lat' dir='ltr'>in</span> <span class='ocrx_word' id='word_1_1131' title='bbox 2168 1799 2308 1838; x_wconf 81' lang='lat' dir='ltr'>Qinque</span> 
     </span>
     <span class='ocr_line' id='line_1_144' title="bbox 1246 1832 2133 1874; baseline 0.006 -14"><span class='ocrx_word' id='word_1_1132' title='bbox 1246 1832 1337 1862; x_wconf 80' lang='lat' dir='ltr'>Annis</span> <span class='ocrx_word' id='word_1_1133' title='bbox 1356 1832 1457 1862; x_wconf 75' lang='lat' dir='ltr'>exinde</span> <span class='ocrx_word' id='word_1_1134' title='bbox 1476 1833 1610 1869; x_wconf 69' lang='lat' dir='ltr'>proxime&gt;</span> <span class='ocrx_word' id='word_1_1135' title='bbox 1630 1833 1742 1870; x_wconf 89' lang='lat' dir='ltr'>futuris,</span> <span class='ocrx_word' id='word_1_1136' title='bbox 1761 1843 1811 1871; x_wconf 88' lang='lat' dir='ltr'>per</span> <span class='ocrx_word' id='word_1_1137' title='bbox 1827 1835 1947 1872; x_wconf 84' lang='lat' dir='ltr'>aequales</span> <span class='ocrx_word' id='word_1_1138' title='bbox 1966 1836 2133 1874; x_wconf 66' lang='lat' dir='ltr'>Portiones,</span> 
     </span>
    </p>

    <p class='ocr_par' dir='ltr' id='par_1_35' title="bbox 1240 1869 2311 2297">
     <span class='ocr_line' id='line_1_145' title="bbox 1284 1869 2309 1915; baseline 0.008 -16"><span class='ocrx_word' id='word_1_1139' title='bbox 1284 1869 1405 1900; x_wconf 86' lang='lat' dir='ltr'>Proviso</span> <span class='ocrx_word' id='word_1_1140' title='bbox 1431 1879 1526 1901; x_wconf 85' lang='lat' dir='ltr'>tamen</span> <span class='ocrx_word' id='word_1_1141' title='bbox 1553 1870 1633 1909; x_wconf 53' lang='lat' dir='ltr'>&lt;quod</span> <span class='ocrx_word' id='word_1_1142' title='bbox 1646 1894 1656 1910; x_wconf 85' lang='lat'>‚</span> <span class='ocrx_word' id='word_1_1143' title='bbox 1681 1881 1869 1910; x_wconf 86' lang='lat' dir='ltr'>quocumque</span> <span class='ocrx_word' id='word_1_1144' title='bbox 1887 1872 1960 1904; x_wconf 82' lang='lat' dir='ltr'>Casu</span> <span class='ocrx_word' id='word_1_1145' title='bbox 1978 1876 2025 1912; x_wconf 89' lang='lat' dir='ltr'>qui</span> <span class='ocrx_word' id='word_1_1146' title='bbox 2043 1875 2169 1907; x_wconf 85' lang='lat' dir='ltr'>accidere</span> <span class='ocrx_word' id='word_1_1147' title='bbox 2185 1878 2309 1915; x_wconf 70' lang='lat' dir='ltr'>poterit,</span> 
     </span>
     <span class='ocr_line' id='line_1_146' title="bbox 1240 1908 2308 1948; baseline 0.005 -10"><span class='ocrx_word' id='word_1_1148' title='bbox 1240 1908 1317 1947; x_wconf 84' lang='lat' dir='ltr'>juxta</span> <span class='ocrx_word' id='word_1_1149' title='bbox 1338 1908 1573 1948; x_wconf 87' lang='lat' dir='ltr'>Contingentiam</span> <span class='ocrx_word' id='word_1_1150' title='bbox 1594 1909 1826 1948; x_wconf 84' lang='lat' dir='ltr'>Praemifforum,</span> <span class='ocrx_word' id='word_1_1151' title='bbox 1847 1911 1865 1941; x_wconf 85' lang='lat' dir='ltr'>fi</span> <span class='ocrx_word' id='word_1_1152' title='bbox 1884 1915 2015 1943; x_wconf 77' lang='lat' dir='ltr'>Dominus</span> <span class='ocrx_word' id='word_1_1153' title='bbox 2033 1918 2094 1945; x_wconf 81' lang='lat' dir='ltr'>Rex</span> <span class='ocrx_word' id='word_1_1154' title='bbox 2111 1915 2237 1946; x_wconf 82' lang='lat' dir='ltr'>habuerit</span> <span class='ocrx_word' id='word_1_1155' title='bbox 2260 1918 2308 1943; x_wconf 61' lang='lat' dir='ltr'>Fi*—</span> 
     </span>
     <span class='ocr_line' id='line_1_147' title="bbox 1243 1946 2309 1991; baseline 0.008 -15"><span class='ocrx_word' id='word_1_1156' title='bbox 1243 1947 1311 1976; x_wconf 86' lang='lat' dir='ltr'>liam</span> <span class='ocrx_word' id='word_1_1157' title='bbox 1336 1946 1404 1978; x_wconf 77' lang='lat' dir='ltr'>Filio</span> <span class='ocrx_word' id='word_1_1158' title='bbox 1421 1951 1532 1978; x_wconf 87' lang='lat' dir='ltr'>Domini</span> <span class='ocrx_word' id='word_1_1159' title='bbox 1550 1951 1632 1978; x_wconf 78' lang='lat' dir='ltr'>Ducis</span> <span class='ocrx_word' id='word_1_1160' title='bbox 1651 1948 1749 1980; x_wconf 84' lang='lat' dir='ltr'>AEtate</span> <span class='ocrx_word' id='word_1_1161' title='bbox 1769 1949 1871 1980; x_wconf 86' lang='lat' dir='ltr'>Parem</span> <span class='ocrx_word' id='word_1_1162' title='bbox 1887 1974 1895 1986; x_wconf 77' lang='lat'>,</span> <span class='ocrx_word' id='word_1_1163' title='bbox 1922 1961 1969 1983; x_wconf 81' lang='lat' dir='ltr'>aut</span> <span class='ocrx_word' id='word_1_1164' title='bbox 1988 1953 2023 1982; x_wconf 93' lang='lat' dir='ltr'>ab</span> <span class='ocrx_word' id='word_1_1165' title='bbox 2041 1954 2124 1991; x_wconf 85' lang='lat' dir='ltr'>ipsius</span> <span class='ocrx_word' id='word_1_1166' title='bbox 2142 1953 2241 1984; x_wconf 81' lang='lat' dir='ltr'>AEtate</span> <span class='ocrx_word' id='word_1_1167' title='bbox 2259 1963 2309 1990; x_wconf 87' lang='lat' dir='ltr'>per</span> 
     </span>
     <span class='ocr_line' id='line_1_148' title="bbox 1247 1986 2309 2029; baseline 0.006 -13"><span class='ocrx_word' id='word_1_1168' title='bbox 1247 1986 1398 2025; x_wconf 85' lang='lat' dir='ltr'>Qatuor,</span> <span class='ocrx_word' id='word_1_1169' title='bbox 1417 1987 1574 2026; x_wconf 66' lang='lat' dir='ltr'>Quinque,</span> <span class='ocrx_word' id='word_1_1170' title='bbox 1590 1996 1637 2018; x_wconf 84' lang='lat' dir='ltr'>aut</span> <span class='ocrx_word' id='word_1_1171' title='bbox 1656 1987 1711 2018; x_wconf 88' lang='lat' dir='ltr'>Sex</span> <span class='ocrx_word' id='word_1_1172' title='bbox 1731 1988 1831 2018; x_wconf 88' lang='lat' dir='ltr'>Annos</span> <span class='ocrx_word' id='word_1_1173' title='bbox 1850 1989 1900 2019; x_wconf 85' lang='lat' dir='ltr'>sub</span> <span class='ocrx_word' id='word_1_1174' title='bbox 1915 1998 1962 2020; x_wconf 87' lang='lat' dir='ltr'>aut</span> <span class='ocrx_word' id='word_1_1175' title='bbox 1978 1990 2056 2028; x_wconf 87' lang='lat' dir='ltr'>supra</span> <span class='ocrx_word' id='word_1_1176' title='bbox 2074 2002 2134 2022; x_wconf 90' lang='lat' dir='ltr'>non</span> <span class='ocrx_word' id='word_1_1177' title='bbox 2149 1994 2309 2029; x_wconf 82' lang='lat' dir='ltr'>discrepan-</span> 
     </span>
     <span class='ocr_line' id='line_1_149' title="bbox 1244 2025 2309 2067; baseline 0.004 -11"><span class='ocrx_word' id='word_1_1178' title='bbox 1244 2033 1318 2063; x_wconf 87' lang='lat' dir='ltr'>tem,</span> <span class='ocrx_word' id='word_1_1179' title='bbox 1335 2036 1399 2063; x_wconf 83' lang='lat' dir='ltr'>quae</span> <span class='ocrx_word' id='word_1_1180' title='bbox 1418 2025 1534 2063; x_wconf 89' lang='lat' dir='ltr'>quidem</span> <span class='ocrx_word' id='word_1_1181' title='bbox 1553 2025 1641 2064; x_wconf 83' lang='lat' dir='ltr'>Filia,</span> <span class='ocrx_word' id='word_1_1182' title='bbox 1660 2035 1744 2063; x_wconf 90' lang='lat' dir='ltr'>prout</span> <span class='ocrx_word' id='word_1_1183' title='bbox 1761 2027 1953 2064; x_wconf 58' lang='lat' dir='ltr'>supradictum</span> <span class='ocrx_word' id='word_1_1184' title='bbox 1972 2028 2029 2067; x_wconf 87' lang='lat' dir='ltr'>est,</span> <span class='ocrx_word' id='word_1_1185' title='bbox 2051 2031 2105 2060; x_wconf 84' lang='lat' dir='ltr'>tali</span> <span class='ocrx_word' id='word_1_1186' title='bbox 2122 2031 2190 2060; x_wconf 84' lang='lat' dir='ltr'>Filio</span> <span class='ocrx_word' id='word_1_1187' title='bbox 2206 2029 2309 2067; x_wconf 84' lang='lat' dir='ltr'>Copu-</span> 
     </span>
     <span class='ocr_line' id='line_1_150' title="bbox 1243 2064 2311 2104; baseline 0.005 -11"><span class='ocrx_word' id='word_1_1188' title='bbox 1243 2064 1292 2094; x_wconf 89' lang='lat' dir='ltr'>lari</span> <span class='ocrx_word' id='word_1_1189' title='bbox 1309 2064 1414 2102; x_wconf 86' lang='lat' dir='ltr'>debet,</span> <span class='ocrx_word' id='word_1_1190' title='bbox 1431 2073 1500 2095; x_wconf 88' lang='lat' dir='ltr'>tunc</span> <span class='ocrx_word' id='word_1_1191' title='bbox 1515 2065 1645 2103; x_wconf 78' lang='lat' dir='ltr'>postrema</span> <span class='ocrx_word' id='word_1_1192' title='bbox 1664 2068 1777 2096; x_wconf 83' lang='lat' dir='ltr'>Centum</span> <span class='ocrx_word' id='word_1_1193' title='bbox 1797 2065 1893 2095; x_wconf 87' lang='lat' dir='ltr'>Millia</span> <span class='ocrx_word' id='word_1_1194' title='bbox 1912 2067 2065 2104; x_wconf 62' lang='lat' dir='ltr'>supradicta</span> <span class='ocrx_word' id='word_1_1195' title='bbox 2084 2070 2119 2099; x_wconf 91' lang='lat' dir='ltr'>de</span> <span class='ocrx_word' id='word_1_1196' title='bbox 2139 2069 2217 2100; x_wconf 88' lang='lat' dir='ltr'>Dote</span> <span class='ocrx_word' id='word_1_1197' title='bbox 2234 2069 2311 2098; x_wconf 55' lang='lat' dir='ltr'>Filii</span> 
     </span>
     <span class='ocr_line' id='line_1_151' title="bbox 1245 2103 2309 2143; baseline 0.006 -11"><span class='ocrx_word' id='word_1_1198' title='bbox 1245 2105 1357 2132; x_wconf 83' lang='lat' dir='ltr'>Domini</span> <span class='ocrx_word' id='word_1_1199' title='bbox 1376 2105 1461 2132; x_wconf 77' lang='lat' dir='ltr'>Ducis</span> <span class='ocrx_word' id='word_1_1200' title='bbox 1485 2103 1591 2134; x_wconf 84' lang='lat' dir='ltr'>detrahi</span> <span class='ocrx_word' id='word_1_1201' title='bbox 1610 2103 1716 2133; x_wconf 89' lang='lat' dir='ltr'>debent</span> <span class='ocrx_word' id='word_1_1202' title='bbox 1732 2127 1741 2143; x_wconf 81' lang='lat'>‚</span> <span class='ocrx_word' id='word_1_1203' title='bbox 1770 2113 1854 2142; x_wconf 83' lang='lat' dir='ltr'>atque</span> <span class='ocrx_word' id='word_1_1204' title='bbox 1872 2106 1908 2135; x_wconf 87' lang='lat' dir='ltr'>ita</span> <span class='ocrx_word' id='word_1_1205' title='bbox 1929 2106 1958 2135; x_wconf 89' lang='lat' dir='ltr'>in</span> <span class='ocrx_word' id='word_1_1206' title='bbox 1978 2106 2031 2136; x_wconf 85' lang='lat' dir='ltr'>suis</span> <span class='ocrx_word' id='word_1_1207' title='bbox 2050 2109 2177 2138; x_wconf 84' lang='lat' dir='ltr'>manibus</span> <span class='ocrx_word' id='word_1_1208' title='bbox 2194 2109 2309 2138; x_wconf 85' lang='lat' dir='ltr'>retineri</span> 
     </span>
     <span class='ocr_line' id='line_1_152' title="bbox 1244 2143 2309 2184; baseline 0.004 -12"><span class='ocrx_word' id='word_1_1209' title='bbox 1244 2150 1378 2180; x_wconf 85' lang='lat' dir='ltr'>tanquam</span> <span class='ocrx_word' id='word_1_1210' title='bbox 1402 2152 1417 2172; x_wconf 89' lang='lat' dir='ltr'>a</span> <span class='ocrx_word' id='word_1_1211' title='bbox 1440 2144 1557 2172; x_wconf 86' lang='lat' dir='ltr'>Domino</span> <span class='ocrx_word' id='word_1_1212' title='bbox 1581 2144 1650 2180; x_wconf 82' lang='lat' dir='ltr'>Rege</span> <span class='ocrx_word' id='word_1_1213' title='bbox 1676 2143 1791 2173; x_wconf 84' lang='lat' dir='ltr'>fuiffenr</span> <span class='ocrx_word' id='word_1_1214' title='bbox 1814 2144 1876 2174; x_wconf 85' lang='lat' dir='ltr'>data</span> <span class='ocrx_word' id='word_1_1215' title='bbox 1899 2145 1929 2174; x_wconf 86' lang='lat' dir='ltr'>in</span> <span class='ocrx_word' id='word_1_1216' title='bbox 1949 2143 2064 2176; x_wconf 87' lang='lat' dir='ltr'>Dotem</span> <span class='ocrx_word' id='word_1_1217' title='bbox 2082 2148 2116 2178; x_wconf 91' lang='lat'>&amp;</span> <span class='ocrx_word' id='word_1_1218' title='bbox 2132 2152 2186 2184; x_wconf 84' lang='lat' dir='ltr'>pro</span> <span class='ocrx_word' id='word_1_1219' title='bbox 2208 2147 2309 2177; x_wconf 59' lang='lat' dir='ltr'>Matri÷</span> 
     </span>
     <span class='ocr_line' id='line_1_153' title="bbox 1244 2180 2306 2221; baseline 0.007 -12"><span class='ocrx_word' id='word_1_1220' title='bbox 1244 2183 1346 2210; x_wconf 84' lang='lat' dir='ltr'>monio</span> <span class='ocrx_word' id='word_1_1221' title='bbox 1363 2180 1440 2209; x_wconf 84' lang='lat' dir='ltr'>Filiae</span> <span class='ocrx_word' id='word_1_1222' title='bbox 1451 2180 1511 2220; x_wconf 79' lang='lat' dir='ltr'>Juae</span> <span class='ocrx_word' id='word_1_1223' title='bbox 1525 2204 1535 2218; x_wconf 82' lang='lat'>,</span> <span class='ocrx_word' id='word_1_1224' title='bbox 1560 2181 1615 2210; x_wconf 71' lang='lat' dir='ltr'>una</span> <span class='ocrx_word' id='word_1_1225' title='bbox 1633 2191 1702 2211; x_wconf 91' lang='lat' dir='ltr'>cum</span> <span class='ocrx_word' id='word_1_1226' title='bbox 1721 2182 1856 2212; x_wconf 88' lang='lat' dir='ltr'>omnibus</span> <span class='ocrx_word' id='word_1_1227' title='bbox 1875 2182 1932 2212; x_wconf 83' lang='lat' dir='ltr'>aliis</span> <span class='ocrx_word' id='word_1_1228' title='bbox 1950 2192 2016 2221; x_wconf 85' lang='lat' dir='ltr'>quae</span> <span class='ocrx_word' id='word_1_1229' title='bbox 2033 2208 2042 2221; x_wconf 82' lang='lat'><em>‚</em></span> <span class='ocrx_word' id='word_1_1230' title='bbox 2068 2186 2137 2216; x_wconf 92' lang='lat' dir='ltr'>ultra</span> <span class='ocrx_word' id='word_1_1231' title='bbox 2154 2185 2306 2216; x_wconf 82' lang='lat' dir='ltr'>Summam</span> 
     </span>
     <span class='ocr_line' id='line_1_154' title="bbox 1242 2219 2310 2262; baseline 0.004 -13"><span class='ocrx_word' id='word_1_1232' title='bbox 1242 2219 1411 2256; x_wconf 59' lang='lat' dir='ltr'>praedidhim</span> <span class='ocrx_word' id='word_1_1233' title='bbox 1426 2242 1436 2256; x_wconf 85' lang='lat'>,</span> <span class='ocrx_word' id='word_1_1234' title='bbox 1461 2219 1595 2257; x_wconf 89' lang='lat' dir='ltr'>placuerit</span> <span class='ocrx_word' id='word_1_1235' title='bbox 1613 2222 1730 2250; x_wconf 82' lang='lat' dir='ltr'>Domino</span> <span class='ocrx_word' id='word_1_1236' title='bbox 1747 2223 1812 2257; x_wconf 80' lang='lat' dir='ltr'>Regi</span> <span class='ocrx_word' id='word_1_1237' title='bbox 1829 2220 1935 2252; x_wconf 85' lang='lat' dir='ltr'>donare</span> <span class='ocrx_word' id='word_1_1238' title='bbox 1953 2231 2006 2262; x_wconf 88' lang='lat' dir='ltr'>pro</span> <span class='ocrx_word' id='word_1_1239' title='bbox 2025 2222 2215 2255; x_wconf 84' lang='lat' dir='ltr'>Matrimonio</span> <span class='ocrx_word' id='word_1_1240' title='bbox 2232 2224 2310 2254; x_wconf 78' lang='lat' dir='ltr'>Filiae</span> 
     </span>
     <span class='ocr_line' id='line_1_155' title="bbox 1241 2257 2240 2297; baseline 0.003 -9"><span class='ocrx_word' id='word_1_1241' title='bbox 1241 2257 1295 2289; x_wconf 65' lang='lat' dir='ltr'>[11ae</span> <span class='ocrx_word' id='word_1_1242' title='bbox 1313 2258 1487 2297; x_wconf 67' lang='lat' dir='ltr'>supraditftae.</span> <span class='ocrx_word' id='word_1_1243' title='bbox 2236 2293 2240 2297; x_wconf 90' lang='lat'>.</span> 
     </span>
    </p>

    <p class='ocr_par' dir='ltr' id='par_1_36' title="bbox 1241 2296 2310 2606">
     <span class='ocr_line' id='line_1_156' title="bbox 1281 2296 2309 2340; baseline 0.007 -14"><span class='ocrx_word' id='word_1_1244' title='bbox 1281 2296 1388 2335; x_wconf 72' lang='lat' dir='ltr'>ITEM,</span> <span class='ocrx_word' id='word_1_1245' title='bbox 1416 2296 1623 2335; x_wconf 89' lang='lat' dir='ltr'>Conventum,</span> <span class='ocrx_word' id='word_1_1246' title='bbox 1652 2297 1893 2337; x_wconf 83' lang='lat' dir='ltr'>Concordatum,</span> <span class='ocrx_word' id='word_1_1247' title='bbox 1913 2299 1945 2331; x_wconf 88' lang='lat'>&amp;</span> <span class='ocrx_word' id='word_1_1248' title='bbox 1962 2298 2138 2332; x_wconf 77' lang='lat' dir='ltr'>Conclusum</span> <span class='ocrx_word' id='word_1_1249' title='bbox 2158 2302 2217 2340; x_wconf 89' lang='lat' dir='ltr'>est,</span> <span class='ocrx_word' id='word_1_1250' title='bbox 2235 2303 2309 2334; x_wconf 70' lang='lat' dir='ltr'>inter</span> 
     </span>
     <span class='ocr_line' id='line_1_157' title="bbox 1241 2336 2309 2375; baseline 0.006 -9"><span class='ocrx_word' id='word_1_1251' title='bbox 1241 2336 1334 2366; x_wconf 69' lang='grc' dir='ltr'>ἀίέὶοε</span> <span class='ocrx_word' id='word_1_1252' title='bbox 1354 2340 1449 2373; x_wconf 80' lang='lat' dir='ltr'>Regem</span> <span class='ocrx_word' id='word_1_1253' title='bbox 1466 2336 1499 2366; x_wconf 89' lang='lat'><strong>&amp;</strong></span> <span class='ocrx_word' id='word_1_1254' title='bbox 1519 2338 1638 2374; x_wconf 83' lang='lat' dir='ltr'>Ducem,</span> <span class='ocrx_word' id='word_1_1255' title='bbox 1664 2337 1744 2375; x_wconf 76' lang='lat' dir='ltr'>quod</span> <span class='ocrx_word' id='word_1_1256' title='bbox 1764 2336 1914 2368; x_wconf 81' lang='lat' dir='ltr'>Dominus</span> <span class='ocrx_word' id='word_1_1257' title='bbox 1930 2340 1991 2368; x_wconf 87' lang='lat' dir='ltr'>Rex</span> <span class='ocrx_word' id='word_1_1258' title='bbox 2010 2339 2154 2371; x_wconf 81' lang='lat' dir='ltr'>Teneatur</span> <span class='ocrx_word' id='word_1_1259' title='bbox 2175 2340 2309 2372; x_wconf 83' lang='lat' dir='ltr'>Domino</span> 
     </span>
     <span class='ocr_line' id='line_1_158' title="bbox 1243 2374 2310 2415; baseline 0.007 -12"><span class='ocrx_word' id='word_1_1260' title='bbox 1243 2377 1315 2404; x_wconf 84' lang='lat' dir='ltr'>Duci</span> <span class='ocrx_word' id='word_1_1261' title='bbox 1337 2376 1366 2404; x_wconf 90' lang='lat' dir='ltr'>in</span> <span class='ocrx_word' id='word_1_1262' title='bbox 1392 2374 1492 2405; x_wconf 91' lang='lat' dir='ltr'>Verbo</span> <span class='ocrx_word' id='word_1_1263' title='bbox 1517 2374 1612 2413; x_wconf 80' lang='lat' dir='ltr'>Regio</span> <span class='ocrx_word' id='word_1_1264' title='bbox 1638 2376 1670 2407; x_wconf 89' lang='lat'>&amp;</span> <span class='ocrx_word' id='word_1_1265' title='bbox 1689 2376 1740 2406; x_wconf 85' lang='lat' dir='ltr'>sub</span> <span class='ocrx_word' id='word_1_1266' title='bbox 1758 2375 1883 2407; x_wconf 88' lang='lat' dir='ltr'>Honore</span> <span class='ocrx_word' id='word_1_1267' title='bbox 1901 2377 1950 2406; x_wconf 89' lang='lat' dir='ltr'>suo</span> <span class='ocrx_word' id='word_1_1268' title='bbox 1962 2400 1972 2415; x_wconf 88' lang='lat'>,</span> <span class='ocrx_word' id='word_1_1269' title='bbox 1998 2378 2031 2408; x_wconf 72' lang='grc' dir='ltr'>δε</span> <span class='ocrx_word' id='word_1_1270' title='bbox 2049 2379 2141 2409; x_wconf 69' lang='lat' dir='ltr'>dietus</span> <span class='ocrx_word' id='word_1_1271' title='bbox 2161 2379 2310 2411; x_wconf 84' lang='lat' dir='ltr'>Dominus</span> 
     </span>
     <span class='ocr_line' id='line_1_159' title="bbox 1242 2413 2308 2453; baseline 0.008 -12"><span class='ocrx_word' id='word_1_1272' title='bbox 1242 2415 1312 2442; x_wconf 83' lang='lat' dir='ltr'>Dux</span> <span class='ocrx_word' id='word_1_1273' title='bbox 1336 2422 1460 2444; x_wconf 83' lang='lat' dir='ltr'>teneatur</span> <span class='ocrx_word' id='word_1_1274' title='bbox 1483 2413 1618 2444; x_wconf 84' lang='lat' dir='ltr'>Domino</span> <span class='ocrx_word' id='word_1_1275' title='bbox 1642 2417 1706 2451; x_wconf 85' lang='lat' dir='ltr'>Regi</span> <span class='ocrx_word' id='word_1_1276' title='bbox 1730 2415 1759 2443; x_wconf 90' lang='lat' dir='ltr'>iri</span> <span class='ocrx_word' id='word_1_1277' title='bbox 1784 2413 1883 2445; x_wconf 90' lang='lat' dir='ltr'>Verbo</span> <span class='ocrx_word' id='word_1_1278' title='bbox 1903 2415 2043 2453; x_wconf 84' lang='lat' dir='ltr'>Principis</span> <span class='ocrx_word' id='word_1_1279' title='bbox 2061 2418 2094 2448; x_wconf 90' lang='lat'>&amp;</span> <span class='ocrx_word' id='word_1_1280' title='bbox 2113 2418 2164 2448; x_wconf 84' lang='lat' dir='ltr'>sub</span> <span class='ocrx_word' id='word_1_1281' title='bbox 2184 2419 2308 2450; x_wconf 85' lang='lat' dir='ltr'>Honore</span> 
     </span>
     <span class='ocr_line' id='line_1_160' title="bbox 1243 2451 2309 2491; baseline 0.006 -9"><span class='ocrx_word' id='word_1_1282' title='bbox 1243 2451 1309 2489; x_wconf 83' lang='lat' dir='ltr'>su0,</span> <span class='ocrx_word' id='word_1_1283' title='bbox 1327 2452 1354 2482; x_wconf 90' lang='lat' dir='ltr'>se</span> <span class='ocrx_word' id='word_1_1284' title='bbox 1372 2452 1496 2482; x_wconf 57' lang='lat' dir='ltr'>facturos</span> <span class='ocrx_word' id='word_1_1285' title='bbox 1513 2453 1545 2483; x_wconf 71' lang='grc' dir='ltr'>ὃ(</span> <span class='ocrx_word' id='word_1_1286' title='bbox 1566 2462 1709 2483; x_wconf 87' lang='lat' dir='ltr'>curaturos</span> <span class='ocrx_word' id='word_1_1287' title='bbox 1727 2453 1807 2490; x_wconf 75' lang='lat' dir='ltr'>quod</span> <span class='ocrx_word' id='word_1_1288' title='bbox 1826 2454 1950 2491; x_wconf 79' lang='lat' dir='ltr'>praefatae</span> <span class='ocrx_word' id='word_1_1289' title='bbox 1967 2454 2094 2491; x_wconf 89' lang='lat' dir='ltr'>ipsorum</span> <span class='ocrx_word' id='word_1_1290' title='bbox 2112 2456 2203 2486; x_wconf 83' lang='lat' dir='ltr'>Proles</span> <span class='ocrx_word' id='word_1_1291' title='bbox 2222 2458 2309 2489; x_wconf 82' lang='lat' dir='ltr'>mari=</span> 
     </span>
     <span class='ocr_line' id='line_1_161' title="bbox 1244 2490 2308 2531; baseline 0.008 -11"><span class='ocrx_word' id='word_1_1292' title='bbox 1244 2491 1379 2521; x_wconf 85' lang='lat' dir='ltr'>rabuntur</span> <span class='ocrx_word' id='word_1_1293' title='bbox 1396 2491 1556 2521; x_wconf 86' lang='lat' dir='ltr'>adinvicem</span> <span class='ocrx_word' id='word_1_1294' title='bbox 1568 2514 1577 2529; x_wconf 91' lang='lat'>,</span> <span class='ocrx_word' id='word_1_1295' title='bbox 1598 2501 1671 2530; x_wconf 89' lang='lat' dir='ltr'>prou</span> <span class='ocrx_word' id='word_1_1296' title='bbox 1687 2490 1873 2528; x_wconf 67' lang='lat' dir='ltr'>suprataetum</span> <span class='ocrx_word' id='word_1_1297' title='bbox 1887 2491 1945 2529; x_wconf 81' lang='lat' dir='ltr'>est,</span> <span class='ocrx_word' id='word_1_1298' title='bbox 1960 2495 2176 2531; x_wconf 75' lang='lat' dir='ltr'>quamprimum</span> <span class='ocrx_word' id='word_1_1299' title='bbox 2194 2496 2228 2527; x_wconf 87' lang='lat' dir='ltr'>ad</span> <span class='ocrx_word' id='word_1_1300' title='bbox 2245 2498 2308 2528; x_wconf 83' lang='lat' dir='ltr'>suos&#39;</span> 
     </span>
     <span class='ocr_line' id='line_1_162' title="bbox 1246 2527 2308 2574; baseline 0.008 -16"><span class='ocrx_word' id='word_1_1301' title='bbox 1246 2527 1358 2560; x_wconf 86' lang='lat' dir='ltr'>AEtates</span> <span class='ocrx_word' id='word_1_1302' title='bbox 1383 2529 1504 2559; x_wconf 89' lang='lat' dir='ltr'>Nubiles</span> <span class='ocrx_word' id='word_1_1303' title='bbox 1524 2531 1702 2566; x_wconf 88' lang='lat' dir='ltr'>pervenerint</span> <span class='ocrx_word' id='word_1_1304' title='bbox 1716 2554 1726 2565; x_wconf 73' lang='grc'>,</span> <span class='ocrx_word' id='word_1_1305' title='bbox 1753 2529 1869 2568; x_wconf 88' lang='lat' dir='ltr'>aliasque</span> <span class='ocrx_word' id='word_1_1306' title='bbox 1885 2531 2054 2562; x_wconf 83' lang='lat' dir='ltr'>Securitates</span> <span class='ocrx_word' id='word_1_1307' title='bbox 2069 2556 2078 2570; x_wconf 89' lang='lat'>,</span> <span class='ocrx_word' id='word_1_1308' title='bbox 2101 2544 2169 2572; x_wconf 88' lang='lat' dir='ltr'>quas</span> <span class='ocrx_word' id='word_1_1309' title='bbox 2186 2534 2308 2574; x_wconf 78' lang='lat' dir='ltr'>dejure</span> 
     </span>
     <span class='ocr_line' id='line_1_163' title="bbox 1244 2567 2124 2606; baseline 0.001 -8"><span class='ocrx_word' id='word_1_1310' title='bbox 1244 2567 1337 2598; x_wconf 87' lang='lat' dir='ltr'>facere</span> <span class='ocrx_word' id='word_1_1311' title='bbox 1355 2569 1488 2606; x_wconf 78' lang='lat' dir='ltr'>possunt,</span> <span class='ocrx_word' id='word_1_1312' title='bbox 1506 2569 1631 2599; x_wconf 89' lang='lat' dir='ltr'>invicem</span> <span class='ocrx_word' id='word_1_1313' title='bbox 1651 2567 1833 2605; x_wconf 81' lang='lat' dir='ltr'>praestabunt.</span> <span class='ocrx_word' id='word_1_1314' title='bbox 1965 2598 1971 2602; x_wconf 71' lang='grc'>,</span> <span class='ocrx_word' id='word_1_1315' title='bbox 2120 2601 2124 2603; x_wconf 19' lang='grc' dir='ltr'><strong>Α</strong></span> 
     </span>
    </p>

    <p class='ocr_par' dir='ltr' id='par_1_37' title="bbox 1243 2605 2310 2918">
     <span class='ocr_line' id='line_1_164' title="bbox 1283 2605 2307 2650; baseline 0.009 -15"><span class='ocrx_word' id='word_1_1316' title='bbox 1283 2605 1390 2644; x_wconf 72' lang='lat' dir='ltr'>ITEM,</span> <span class='ocrx_word' id='word_1_1317' title='bbox 1409 2607 1524 2638; x_wconf 85' lang='lat' dir='ltr'>habehit</span> <span class='ocrx_word' id='word_1_1318' title='bbox 1543 2606 1614 2636; x_wconf 78' lang='lat' dir='ltr'>Filia</span> <span class='ocrx_word' id='word_1_1319' title='bbox 1633 2609 1746 2636; x_wconf 84' lang='lat' dir='ltr'>Domini</span> <span class='ocrx_word' id='word_1_1320' title='bbox 1763 2610 1864 2643; x_wconf 77' lang='lat' dir='ltr'>Ducis,</span> <span class='ocrx_word' id='word_1_1321' title='bbox 1878 2617 1930 2645; x_wconf 86' lang='lat' dir='ltr'>pro</span> <span class='ocrx_word' id='word_1_1322' title='bbox 1948 2607 2092 2641; x_wconf 80' lang='lat' dir='ltr'>Dotalitio</span> <span class='ocrx_word' id='word_1_1323' title='bbox 2109 2612 2174 2650; x_wconf 88' lang='lat' dir='ltr'>suo,</span> <span class='ocrx_word' id='word_1_1324' title='bbox 2198 2614 2307 2645; x_wconf 77' lang='lat' dir='ltr'>ratione·</span> 
     </span>
     <span class='ocr_line' id='line_1_165' title="bbox 1245 2643 2309 2688; baseline 0.008 -14"><span class='ocrx_word' id='word_1_1325' title='bbox 1245 2643 1424 2676; x_wconf 89' lang='lat' dir='ltr'>Matrimonii</span> <span class='ocrx_word' id='word_1_1326' title='bbox 1447 2647 1520 2676; x_wconf 89' lang='lat' dir='ltr'>inter</span> <span class='ocrx_word' id='word_1_1327' title='bbox 1545 2646 1630 2681; x_wconf 86' lang='lat' dir='ltr'>ipsam</span> <span class='ocrx_word' id='word_1_1328' title='bbox 1656 2646 1690 2676; x_wconf 86' lang='lat'>&amp;</span> <span class='ocrx_word' id='word_1_1329' title='bbox 1715 2645 1825 2676; x_wconf 71' lang='lat' dir='ltr'>dietum</span> <span class='ocrx_word' id='word_1_1330' title='bbox 1845 2646 2012 2677; x_wconf 90' lang='lat' dir='ltr'>Dominum</span> <span class='ocrx_word' id='word_1_1331' title='bbox 2031 2651 2179 2688; x_wconf 82' lang='lat' dir='ltr'>Principem</span> <span class='ocrx_word' id='word_1_1332' title='bbox 2196 2661 2309 2682; x_wconf 84' lang='lat' dir='ltr'>conti·a-·</span> 
     </span>
     <span class='ocr_line' id='line_1_166' title="bbox 1244 2682 2310 2728; baseline 0.009 -16"><span class='ocrx_word' id='word_1_1333' title='bbox 1244 2682 1346 2722; x_wconf 87' lang='lat' dir='ltr'>hendi‚</span> <span class='ocrx_word' id='word_1_1334' title='bbox 1363 2687 1467 2721; x_wconf 83' lang='lat' dir='ltr'>Viginti</span> <span class='ocrx_word' id='word_1_1335' title='bbox 1485 2683 1581 2713; x_wconf 80' lang='lat' dir='ltr'>Millia</span> <span class='ocrx_word' id='word_1_1336' title='bbox 1598 2688 1736 2714; x_wconf 80' lang='lat' dir='ltr'>Scutorum</span> <span class='ocrx_word' id='word_1_1337' title='bbox 1753 2684 1865 2723; x_wconf 81' lang='lat' dir='ltr'>Angliae</span> <span class='ocrx_word' id='word_1_1338' title='bbox 1884 2685 1982 2716; x_wconf 87' lang='lat' dir='ltr'>Annui</span> <span class='ocrx_word' id='word_1_1339' title='bbox 1997 2686 2153 2726; x_wconf 70' lang='lat' dir='ltr'>Redditus,</span> <span class='ocrx_word' id='word_1_1340' title='bbox 2173 2691 2235 2721; x_wconf 89' lang='lat' dir='ltr'>casu</span> <span class='ocrx_word' id='word_1_1341' title='bbox 2250 2702 2310 2728; x_wconf 88' lang='lat' dir='ltr'>quo</span> 
     </span>
     <span class='ocr_line' id='line_1_167' title="bbox 1243 2721 2310 2762; baseline 0.007 -10"><span class='ocrx_word' id='word_1_1342' title='bbox 1243 2721 1336 2752; x_wconf 72' lang='lat' dir='ltr'>dietus</span> <span class='ocrx_word' id='word_1_1343' title='bbox 1354 2725 1485 2752; x_wconf 84' lang='lat' dir='ltr'>Dominus</span> <span class='ocrx_word' id='word_1_1344' title='bbox 1499 2722 1768 2761; x_wconf 55' lang='lat' dir='ltr'>princepiWalliae,</span> <span class='ocrx_word' id='word_1_1345' title='bbox 1791 2722 1854 2760; x_wconf 83' lang='lat' dir='ltr'>post</span> <span class='ocrx_word' id='word_1_1346' title='bbox 1873 2723 2032 2762; x_wconf 86' lang='lat' dir='ltr'>hujusmodi</span> <span class='ocrx_word' id='word_1_1347' title='bbox 2051 2726 2234 2759; x_wconf 87' lang='lat' dir='ltr'>Matrimonii</span> <span class='ocrx_word' id='word_1_1348' title='bbox 2255 2730 2310 2760; x_wconf 75' lang='lat'><strong>30.-</strong></span> 
     </span>
     <span class='ocr_line' id='line_1_168' title="bbox 1244 2760 2306 2802; baseline 0.009 -13"><span class='ocrx_word' id='word_1_1349' title='bbox 1244 2760 1476 2792; x_wconf 83' lang='lat' dir='ltr'>lemnizationem</span> <span class='ocrx_word' id='word_1_1350' title='bbox 1493 2784 1502 2799; x_wconf 95' lang='lat'>,</span> <span class='ocrx_word' id='word_1_1351' title='bbox 1531 2760 1691 2792; x_wconf 84' lang='lat' dir='ltr'>Decefferit</span> <span class='ocrx_word' id='word_1_1352' title='bbox 1704 2771 1768 2792; x_wconf 87' lang='lat' dir='ltr'>ante</span> <span class='ocrx_word' id='word_1_1353' title='bbox 1786 2760 1949 2793; x_wconf 87' lang='lat' dir='ltr'>Dominum</span> <span class='ocrx_word' id='word_1_1354' title='bbox 1965 2766 2061 2802; x_wconf 84' lang='lat' dir='ltr'>Regem</span> <span class='ocrx_word' id='word_1_1355' title='bbox 2079 2764 2191 2797; x_wconf 86' lang='lat' dir='ltr'>Patrem</span> <span class='ocrx_word' id='word_1_1356' title='bbox 2212 2768 2306 2798; x_wconf 84' lang='lat' dir='ltr'>suum:</span> 
     </span>
     <span class='ocr_line' id='line_1_169' title="bbox 1244 2799 2306 2843; baseline 0.007 -14"><span class='ocrx_word' id='word_1_1357' title='bbox 1244 2799 1324 2836; x_wconf 89' lang='lat' dir='ltr'>quod</span> <span class='ocrx_word' id='word_1_1358' title='bbox 1341 2799 1360 2829; x_wconf 90' lang='lat' dir='ltr'>si</span> <span class='ocrx_word' id='word_1_1359' title='bbox 1379 2799 1559 2838; x_wconf 84' lang='lat' dir='ltr'>supervixerit</span> <span class='ocrx_word' id='word_1_1360' title='bbox 1573 2824 1583 2838; x_wconf 89' lang='lat'><strong>‚</strong></span> <span class='ocrx_word' id='word_1_1361' title='bbox 1608 2800 1664 2838; x_wconf 79' lang='lat' dir='ltr'>ipsa</span> <span class='ocrx_word' id='word_1_1362' title='bbox 1680 2799 1839 2831; x_wconf 87' lang='lat' dir='ltr'>Dotabitur</span> <span class='ocrx_word' id='word_1_1363' title='bbox 1857 2810 1893 2830; x_wconf 92' lang='lat' dir='ltr'>eo</span> <span class='ocrx_word' id='word_1_1364' title='bbox 1911 2803 2001 2832; x_wconf 92' lang='lat' dir='ltr'>modo</span> <span class='ocrx_word' id='word_1_1365' title='bbox 2017 2804 2050 2833; x_wconf 70' lang='grc' dir='ltr'>ὃ(</span> <span class='ocrx_word' id='word_1_1366' title='bbox 2068 2805 2127 2834; x_wconf 72' lang='lat' dir='ltr'>tam</span> <span class='ocrx_word' id='word_1_1367' title='bbox 2146 2806 2241 2842; x_wconf 78' lang='lat' dir='ltr'>ample</span> <span class='ocrx_word' id='word_1_1368' title='bbox 2252 2831 2260 2843; x_wconf 89' lang='lat'><strong>‚</strong></span> <span class='ocrx_word' id='word_1_1369' title='bbox 2288 2808 2306 2826; x_wconf 70' lang='lat'>³⁸</span> 
     </span>
     <span class='ocr_line' id='line_1_170' title="bbox 1243 2837 2307 2883; baseline 0.007 -15"><span class='ocrx_word' id='word_1_1370' title='bbox 1243 2838 1492 2874; x_wconf 88' lang='lat' dir='ltr'>quemadmodum</span> <span class='ocrx_word' id='word_1_1371' title='bbox 1506 2838 1599 2878; x_wconf 80' lang='lat' dir='ltr'>aliqua</span> <span class='ocrx_word' id='word_1_1372' title='bbox 1615 2839 1666 2870; x_wconf 84' lang='lat' dir='ltr'>alia</span> <span class='ocrx_word' id='word_1_1373' title='bbox 1683 2837 1794 2878; x_wconf 87' lang='lat' dir='ltr'>Regina</span> <span class='ocrx_word' id='word_1_1374' title='bbox 1812 2839 1926 2879; x_wconf 86' lang='lat' dir='ltr'>Angliae</span> <span class='ocrx_word' id='word_1_1375' title='bbox 1941 2839 2047 2871; x_wconf 84' lang='lat' dir='ltr'>Dotata</span> <span class='ocrx_word' id='word_1_1376' title='bbox 2066 2841 2149 2875; x_wconf 80' lang='lat' dir='ltr'>fuerit</span> <span class='ocrx_word' id='word_1_1377' title='bbox 2169 2847 2307 2883; x_wconf 59' lang='lat' dir='ltr'>tempori-⁴</span> 
     </span>
     <span class='ocr_line' id='line_1_171' title="bbox 1245 2877 2305 2918; baseline 0.006 -12"><span class='ocrx_word' id='word_1_1378' title='bbox 1245 2877 1297 2906; x_wconf 92' lang='lat' dir='ltr'>bus</span> <span class='ocrx_word' id='word_1_1379' title='bbox 1316 2877 1471 2908; x_wconf 65' lang='lat' dir='ltr'>retroactis.</span> <span class='ocrx_word' id='word_1_1380' title='bbox 1996 2908 1999 2912; x_wconf 78' lang='grc'>,</span> <span class='ocrx_word' id='word_1_1381' title='bbox 2100 2909 2104 2911; x_wconf 69' lang='grc'><strong>,</strong></span> <span class='ocrx_word' id='word_1_1382' title='bbox 2194 2909 2199 2912; x_wconf 82' lang='grc'>,</span> <span class='ocrx_word' id='word_1_1383' title='bbox 2300 2913 2305 2918; x_wconf 63' lang='lat'><em>‚</em></span> 
     </span>
    </p>

    <p class='ocr_par' dir='ltr' id='par_1_38' title="bbox 1239 2915 2308 3415">
     <span class='ocr_line' id='line_1_172' title="bbox 1281 2915 2308 2960; baseline 0.007 -14"><span class='ocrx_word' id='word_1_1384' title='bbox 1281 2915 1406 2954; x_wconf 75' lang='lat' dir='ltr'>ITEM,</span> <span class='ocrx_word' id='word_1_1385' title='bbox 1432 2915 1638 2954; x_wconf 87' lang='lat' dir='ltr'>Conventum,</span> <span class='ocrx_word' id='word_1_1386' title='bbox 1663 2915 1900 2954; x_wconf 79' lang='lat' dir='ltr'>Concordatum,</span> <span class='ocrx_word' id='word_1_1387' title='bbox 1918 2917 1951 2948; x_wconf 90' lang='lat'>&amp;</span> <span class='ocrx_word' id='word_1_1388' title='bbox 1972 2917 2148 2951; x_wconf 90' lang='lat' dir='ltr'>Conclusum</span> <span class='ocrx_word' id='word_1_1389' title='bbox 2166 2921 2207 2951; x_wconf 87' lang='lat' dir='ltr'>est</span> <span class='ocrx_word' id='word_1_1390' title='bbox 2226 2923 2308 2960; x_wconf 70' lang='lat' dir='ltr'>quod</span> 
     </span>
     <span class='ocr_line' id='line_1_173' title="bbox 1243 2953 2305 3000; baseline 0.007 -17"><span class='ocrx_word' id='word_1_1391' title='bbox 1243 2953 1280 2984; x_wconf 91' lang='lat' dir='ltr'>de</span> <span class='ocrx_word' id='word_1_1392' title='bbox 1298 2959 1404 2985; x_wconf 82' lang='lat' dir='ltr'>caetero</span> <span class='ocrx_word' id='word_1_1393' title='bbox 1423 2977 1432 2992; x_wconf 94' lang='lat'>,</span> <span class='ocrx_word' id='word_1_1394' title='bbox 1457 2955 1509 2985; x_wconf 82' lang='lat' dir='ltr'>iint</span> <span class='ocrx_word' id='word_1_1395' title='bbox 1526 2955 1559 2985; x_wconf 91' lang='lat'>&amp;</span> <span class='ocrx_word' id='word_1_1396' title='bbox 1575 2955 1728 2985; x_wconf 86' lang='lat' dir='ltr'>habeantur</span> <span class='ocrx_word' id='word_1_1397' title='bbox 1747 2955 1833 2985; x_wconf 82' lang='lat' dir='ltr'>bonae</span> <span class='ocrx_word' id='word_1_1398' title='bbox 1851 2957 1885 2987; x_wconf 76' lang='grc' dir='ltr'>δε</span> <span class='ocrx_word' id='word_1_1399' title='bbox 1903 2954 1992 2986; x_wconf 80' lang='lat' dir='ltr'>firmae</span> <span class='ocrx_word' id='word_1_1400' title='bbox 2011 2958 2156 2990; x_wconf 88' lang='lat' dir='ltr'>Amicitiae</span> <span class='ocrx_word' id='word_1_1401' title='bbox 2172 2983 2182 2999; x_wconf 96' lang='lat'>,</span> <span class='ocrx_word' id='word_1_1402' title='bbox 2206 2959 2305 3000; x_wconf 79' lang='lat' dir='ltr'>Ligae,</span> 
     </span>
     <span class='ocr_line' id='line_1_174' title="bbox 1245 2992 2308 3037; baseline 0.006 -14"><span class='ocrx_word' id='word_1_1403' title='bbox 1245 2994 1278 3024; x_wconf 84' lang='lat'>&amp;</span> <span class='ocrx_word' id='word_1_1404' title='bbox 1297 2992 1495 3030; x_wconf 81' lang='lat' dir='ltr'>Intelligentiae</span> <span class='ocrx_word' id='word_1_1405' title='bbox 1512 2995 1584 3023; x_wconf 85' lang='lat' dir='ltr'>iriter</span> <span class='ocrx_word' id='word_1_1406' title='bbox 1601 2993 1692 3023; x_wconf 61' lang='lat' dir='ltr'>dictos</span> <span class='ocrx_word' id='word_1_1407' title='bbox 1711 2992 1874 3024; x_wconf 88' lang='lat' dir='ltr'>Dominum</span> <span class='ocrx_word' id='word_1_1408' title='bbox 1893 2996 1988 3032; x_wconf 88' lang='lat' dir='ltr'>Regem</span> <span class='ocrx_word' id='word_1_1409' title='bbox 2004 2997 2037 3027; x_wconf 83' lang='lat'>&amp;</span> <span class='ocrx_word' id='word_1_1410' title='bbox 2050 2999 2173 3037; x_wconf 86' lang='lat' dir='ltr'>Ducem,</span> <span class='ocrx_word' id='word_1_1411' title='bbox 2188 3009 2308 3029; x_wconf 61' lang='lat' dir='ltr'>eorum⁴</span> 
     </span>
     <span class='ocr_line' id='line_1_175' title="bbox 1245 3031 2303 3069; baseline 0.007 -9"><span class='ocrx_word' id='word_1_1412' title='bbox 1245 3041 1300 3068; x_wconf 88' lang='lat' dir='ltr'>que</span> <span class='ocrx_word' id='word_1_1413' title='bbox 1325 3032 1463 3062; x_wconf 67' lang='lat' dir='ltr'>Haeredes</span> <span class='ocrx_word' id='word_1_1414' title='bbox 1490 3032 1523 3062; x_wconf 88' lang='lat'>&amp;</span> <span class='ocrx_word' id='word_1_1415' title='bbox 1549 3031 1754 3069; x_wconf 73' lang='lat' dir='ltr'>Succeffore33</span> <span class='ocrx_word' id='word_1_1416' title='bbox 1781 3041 1829 3069; x_wconf 87' lang='lat' dir='ltr'>per</span> <span class='ocrx_word' id='word_1_1417' title='bbox 1853 3042 1919 3069; x_wconf 67' lang='lat' dir='ltr'>quas</span> <span class='ocrx_word' id='word_1_1418' title='bbox 1938 3035 2079 3065; x_wconf 86' lang='lat' dir='ltr'>tenebitur</span> <span class='ocrx_word' id='word_1_1419' title='bbox 2096 3040 2228 3066; x_wconf 78' lang='lat' dir='ltr'>Dominus</span> <span class='ocrx_word' id='word_1_1420' title='bbox 2242 3041 2303 3068; x_wconf 77' lang='lat' dir='ltr'>Rex</span> 
     </span>
     <span class='ocr_line' id='line_1_176' title="bbox 1244 3069 2305 3112; baseline 0.007 -12"><span class='ocrx_word' id='word_1_1421' title='bbox 1244 3070 1385 3108; x_wconf 82' lang='lat' dir='ltr'>Adjuvare</span> <span class='ocrx_word' id='word_1_1422' title='bbox 1403 3073 1548 3100; x_wconf 83' lang='lat' dir='ltr'>Dominum</span> <span class='ocrx_word' id='word_1_1423' title='bbox 1567 3072 1686 3106; x_wconf 83' lang='lat' dir='ltr'>Ducem,</span> <span class='ocrx_word' id='word_1_1424' title='bbox 1710 3069 1820 3108; x_wconf 87' lang='lat' dir='ltr'>ejusque</span> <span class='ocrx_word' id='word_1_1425' title='bbox 1839 3070 1975 3102; x_wconf 78' lang='lat' dir='ltr'>I-Jaeredes</span> <span class='ocrx_word' id='word_1_1426' title='bbox 1993 3073 2026 3103; x_wconf 65' lang='grc' dir='ltr'>ὃς</span> <span class='ocrx_word' id='word_1_1427' title='bbox 2044 3073 2239 3112; x_wconf 81' lang='lat' dir='ltr'>successores,</span> <span class='ocrx_word' id='word_1_1428' title='bbox 2267 3077 2305 3106; x_wconf 89' lang='lat' dir='ltr'>de</span> 
     </span>
     <span class='ocr_line' id='line_1_177' title="bbox 1244 3107 2305 3151; baseline 0.006 -12"><span class='ocrx_word' id='word_1_1429' title='bbox 1244 3117 1307 3139; x_wconf 89' lang='lat' dir='ltr'>toto</span> <span class='ocrx_word' id='word_1_1430' title='bbox 1327 3108 1413 3139; x_wconf 82' lang='lat' dir='ltr'>Posse</span> <span class='ocrx_word' id='word_1_1431' title='bbox 1430 3108 1498 3146; x_wconf 91' lang='lat' dir='ltr'>suo,</span> <span class='ocrx_word' id='word_1_1432' title='bbox 1524 3118 1576 3146; x_wconf 89' lang='lat' dir='ltr'>pro</span> <span class='ocrx_word' id='word_1_1433' title='bbox 1595 3107 1783 3150; x_wconf 76' lang='lat' dir='ltr'>Deffensione</span> <span class='ocrx_word' id='word_1_1434' title='bbox 1800 3108 1925 3146; x_wconf 86' lang='lat' dir='ltr'>ipsorum</span> <span class='ocrx_word' id='word_1_1435' title='bbox 1945 3107 2102 3151; x_wconf 62' lang='lat' dir='ltr'>Patraeque</span> <span class='ocrx_word' id='word_1_1436' title='bbox 2121 3115 2153 3143; x_wconf 83' lang='lat'>&amp;</span> <span class='ocrx_word' id='word_1_1437' title='bbox 2170 3113 2305 3145; x_wconf 72' lang='lat' dir='ltr'>Ducatfis</span> 
     </span>
     <span class='ocr_line' id='line_1_178' title="bbox 1243 3146 2301 3186; baseline 0.007 -10"><span class='ocrx_word' id='word_1_1438' title='bbox 1243 3147 1282 3176; x_wconf 92' lang='lat' dir='ltr'>sui</span> <span class='ocrx_word' id='word_1_1439' title='bbox 1294 3146 1460 3185; x_wconf 72' lang='lat' dir='ltr'>Britanniae,</span> <span class='ocrx_word' id='word_1_1440' title='bbox 1477 3156 1577 3177; x_wconf 87' lang='lat' dir='ltr'>contra</span> <span class='ocrx_word' id='word_1_1441' title='bbox 1591 3148 1786 3185; x_wconf 79' lang='lat' dir='ltr'>quoscumque</span> <span class='ocrx_word' id='word_1_1442' title='bbox 1803 3148 1927 3179; x_wconf 88' lang='lat' dir='ltr'>volentes</span> <span class='ocrx_word' id='word_1_1443' title='bbox 1939 3148 2014 3186; x_wconf 81' lang='lat' dir='ltr'>Ipsos</span> <span class='ocrx_word' id='word_1_1444' title='bbox 2026 3160 2073 3180; x_wconf 86' lang='lat' dir='ltr'>aut</span> <span class='ocrx_word' id='word_1_1445' title='bbox 2088 3150 2208 3181; x_wconf 84' lang='lat' dir='ltr'>Patriam</span> <span class='ocrx_word' id='word_1_1446' title='bbox 2224 3152 2301 3184; x_wconf 68' lang='lat' dir='ltr'>suam·</span> 
     </span>
     <span class='ocr_line' id='line_1_179' title="bbox 1242 3185 2302 3227; baseline 0.006 -13"><span class='ocrx_word' id='word_1_1447' title='bbox 1242 3185 1408 3223; x_wconf 65' lang='lat' dir='ltr'>praedistam</span> <span class='ocrx_word' id='word_1_1448' title='bbox 1428 3185 1575 3215; x_wconf 73' lang='lat' dir='ltr'>invadere:</span> <span class='ocrx_word' id='word_1_1449' title='bbox 1603 3186 1635 3216; x_wconf 90' lang='lat'>&amp;</span> <span class='ocrx_word' id='word_1_1450' title='bbox 1655 3194 1704 3224; x_wconf 89' lang='lat' dir='ltr'>per</span> <span class='ocrx_word' id='word_1_1451' title='bbox 1721 3195 1788 3223; x_wconf 89' lang='lat' dir='ltr'>quas</span> <span class='ocrx_word' id='word_1_1452' title='bbox 1802 3187 1990 3224; x_wconf 82' lang='lat' dir='ltr'>pariformiter</span> <span class='ocrx_word' id='word_1_1453' title='bbox 2007 3190 2137 3227; x_wconf 82' lang='lat' dir='ltr'>Dominus</span> <span class='ocrx_word' id='word_1_1454' title='bbox 2155 3193 2223 3218; x_wconf 81' lang='lat' dir='ltr'>Dux</span> <span class='ocrx_word' id='word_1_1455' title='bbox 2241 3191 2302 3221; x_wconf 86' lang='lat' dir='ltr'>Te-</span> 
     </span>
     <span class='ocr_line' id='line_1_180' title="bbox 1241 3223 2302 3264; baseline 0.005 -11"><span class='ocrx_word' id='word_1_1456' title='bbox 1241 3224 1353 3254; x_wconf 89' lang='lat' dir='ltr'>nebitur</span> <span class='ocrx_word' id='word_1_1457' title='bbox 1376 3224 1409 3254; x_wconf 88' lang='lat' dir='ltr'>ad</span> <span class='ocrx_word' id='word_1_1458' title='bbox 1434 3223 1635 3261; x_wconf 84' lang='lat' dir='ltr'>Adjuvandum</span> <span class='ocrx_word' id='word_1_1459' title='bbox 1663 3227 1808 3254; x_wconf 85' lang='lat' dir='ltr'>Dominum</span> <span class='ocrx_word' id='word_1_1460' title='bbox 1830 3228 1926 3263; x_wconf 85' lang='lat' dir='ltr'>Regem</span> <span class='ocrx_word' id='word_1_1461' title='bbox 1943 3248 1953 3263; x_wconf 88' lang='lat'>,</span> <span class='ocrx_word' id='word_1_1462' title='bbox 1978 3227 2011 3256; x_wconf 69' lang='grc' dir='ltr'>ὃς</span> <span class='ocrx_word' id='word_1_1463' title='bbox 2039 3227 2095 3264; x_wconf 80' lang='lat' dir='ltr'>ejus</span> <span class='ocrx_word' id='word_1_1464' title='bbox 2113 3227 2249 3258; x_wconf 69' lang='lat' dir='ltr'>Haeredes</span> <span class='ocrx_word' id='word_1_1465' title='bbox 2267 3232 2302 3261; x_wconf 73' lang='lat' dir='ltr'>&lt;Se</span> 
     </span>
     <span class='ocr_line' id='line_1_181' title="bbox 1241 3261 2305 3307; baseline 0.005 -15"><span class='ocrx_word' id='word_1_1466' title='bbox 1241 3262 1439 3299; x_wconf 81' lang='lat' dir='ltr'>Succeffores,</span> <span class='ocrx_word' id='word_1_1467' title='bbox 1457 3262 1494 3292; x_wconf 89' lang='lat' dir='ltr'>de</span> <span class='ocrx_word' id='word_1_1468' title='bbox 1512 3270 1576 3293; x_wconf 86' lang='lat' dir='ltr'>toto</span> <span class='ocrx_word' id='word_1_1469' title='bbox 1592 3261 1677 3292; x_wconf 82' lang='lat' dir='ltr'>Posse</span> <span class='ocrx_word' id='word_1_1470' title='bbox 1693 3263 1761 3301; x_wconf 86' lang='lat' dir='ltr'>suo,</span> <span class='ocrx_word' id='word_1_1471' title='bbox 1777 3263 1812 3294; x_wconf 91' lang='lat' dir='ltr'>ad</span> <span class='ocrx_word' id='word_1_1472' title='bbox 1832 3263 2036 3293; x_wconf 78' lang='lat' dir='ltr'>Defensionem</span> <span class='ocrx_word' id='word_1_1473' title='bbox 2054 3274 2154 3295; x_wconf 88' lang='lat' dir='ltr'>eorum</span> <span class='ocrx_word' id='word_1_1474' title='bbox 2174 3268 2206 3297; x_wconf 73' lang='grc' dir='ltr'>δε</span> <span class='ocrx_word' id='word_1_1475' title='bbox 2223 3267 2305 3307; x_wconf 77' lang='lat' dir='ltr'>Reg:</span> 
     </span>
     <span class='ocr_line' id='line_1_182' title="bbox 1240 3300 2303 3345; baseline 0.007 -15"><span class='ocrx_word' id='word_1_1476' title='bbox 1240 3302 1270 3330; x_wconf 90' lang='lat' dir='ltr'>ni</span> <span class='ocrx_word' id='word_1_1477' title='bbox 1287 3301 1324 3331; x_wconf 89' lang='lat' dir='ltr'>sui</span> <span class='ocrx_word' id='word_1_1478' title='bbox 1344 3311 1376 3332; x_wconf 90' lang='lat' dir='ltr'>ac</span> <span class='ocrx_word' id='word_1_1479' title='bbox 1396 3301 1554 3331; x_wconf 77' lang='lat' dir='ltr'>Tei-rarum</span> <span class='ocrx_word' id='word_1_1480' title='bbox 1572 3301 1605 3331; x_wconf 83' lang='lat'>&amp;</span> <span class='ocrx_word' id='word_1_1481' title='bbox 1624 3300 1832 3333; x_wconf 87' lang='lat' dir='ltr'>Dominiorum</span> <span class='ocrx_word' id='word_1_1482' title='bbox 1851 3302 1981 3338; x_wconf 80' lang='lat' dir='ltr'>suorum,</span> <span class='ocrx_word' id='word_1_1483' title='bbox 2008 3312 2105 3333; x_wconf 90' lang='lat' dir='ltr'>contra</span> <span class='ocrx_word' id='word_1_1484' title='bbox 2129 3311 2230 3335; x_wconf 80' lang='lat' dir='ltr'>omnes</span> <span class='ocrx_word' id='word_1_1485' title='bbox 2253 3308 2303 3345; x_wconf 81' lang='lat' dir='ltr'>qui</span> 
     </span>
     <span class='ocr_line' id='line_1_183' title="bbox 1239 3338 2301 3407; baseline 0.006 -38"><span class='ocrx_word' id='word_1_1486' title='bbox 1239 3338 1317 3407; x_wconf 60' lang='lat' dir='ltr'>Ipslos</span> <span class='ocrx_word' id='word_1_1487' title='bbox 1334 3350 1380 3384; x_wconf 72' lang='lat' dir='ltr'>aut</span> <span class='ocrx_word' id='word_1_1488' title='bbox 1399 3339 1555 3378; x_wconf 82' lang='lat' dir='ltr'>Regnum,</span> <span class='ocrx_word' id='word_1_1489' title='bbox 1575 3339 1695 3379; x_wconf 83' lang='lat' dir='ltr'>Terras,</span> <span class='ocrx_word' id='word_1_1490' title='bbox 1717 3343 1750 3371; x_wconf 63' lang='grc' dir='ltr'>ὃς</span> <span class='ocrx_word' id='word_1_1491' title='bbox 1770 3340 1909 3370; x_wconf 83' lang='lat' dir='ltr'>Dominia</span> <span class='ocrx_word' id='word_1_1492' title='bbox 1928 3339 1973 3370; x_wconf 85' lang='lat' dir='ltr'>sua</span> <span class='ocrx_word' id='word_1_1493' title='bbox 1990 3340 2148 3378; x_wconf 82' lang='lat' dir='ltr'>hujusmodi</span> <span class='ocrx_word' id='word_1_1494' title='bbox 2169 3345 2301 3376; x_wconf 82' lang='lat' dir='ltr'>invadere</span> 
     </span>
     <span class='ocr_line' id='line_1_184' title="bbox 1239 3387 2232 3415; baseline 0.006 -6"><span class='ocrx_word' id='word_1_1495' title='bbox 1239 3388 1279 3409; x_wconf 93' lang='lat' dir='ltr'>vo</span> <span class='ocrx_word' id='word_1_1496' title='bbox 1292 3387 1390 3409; x_wconf 86' lang='lat' dir='ltr'>uerint.</span> <span class='ocrx_word' id='word_1_1497' title='bbox 2230 3413 2232 3415; x_wconf 91' lang='lat'>.</span> 
     </span>
    </p>

    <p class='ocr_par' dir='ltr' id='par_1_39' title="bbox 1232 3415 2300 3955">
     <span class='ocr_line' id='line_1_185' title="bbox 1274 3415 2299 3458; baseline 0.004 -11"><span class='ocrx_word' id='word_1_1498' title='bbox 1274 3416 1386 3456; x_wconf 77' lang='lat' dir='ltr'>ITEM,</span> <span class='ocrx_word' id='word_1_1499' title='bbox 1404 3415 1612 3453; x_wconf 83' lang='lat' dir='ltr'>Conventum,</span> <span class='ocrx_word' id='word_1_1500' title='bbox 1629 3415 1866 3458; x_wconf 81' lang='lat' dir='ltr'>Concordatum‚</span> <span class='ocrx_word' id='word_1_1501' title='bbox 1893 3417 1926 3447; x_wconf 89' lang='lat'>&amp;</span> <span class='ocrx_word' id='word_1_1502' title='bbox 1946 3416 2124 3448; x_wconf 86' lang='lat' dir='ltr'>Conclusum</span> <span class='ocrx_word' id='word_1_1503' title='bbox 2142 3419 2201 3457; x_wconf 74' lang='lat' dir='ltr'>est,</span> <span class='ocrx_word' id='word_1_1504' title='bbox 2226 3421 2299 3453; x_wconf 78' lang='lat' dir='ltr'>inter</span> 
     </span>
     <span class='ocr_line' id='line_1_186' title="bbox 1236 3453 2298 3498; baseline 0.003 -12"><span class='ocrx_word' id='word_1_1505' title='bbox 1236 3455 1331 3486; x_wconf 67' lang='lat' dir='ltr'>dictos</span> <span class='ocrx_word' id='word_1_1506' title='bbox 1348 3459 1444 3492; x_wconf 86' lang='lat' dir='ltr'>Regem</span> <span class='ocrx_word' id='word_1_1507' title='bbox 1461 3455 1494 3485; x_wconf 90' lang='lat'>&amp;</span> <span class='ocrx_word' id='word_1_1508' title='bbox 1512 3458 1613 3484; x_wconf 81' lang='lat' dir='ltr'>Ducem</span> <span class='ocrx_word' id='word_1_1509' title='bbox 1626 3477 1635 3492; x_wconf 88' lang='lat'>,</span> <span class='ocrx_word' id='word_1_1510' title='bbox 1660 3455 1739 3492; x_wconf 78' lang='lat' dir='ltr'>quod</span> <span class='ocrx_word' id='word_1_1511' title='bbox 1756 3478 1766 3493; x_wconf 91' lang='lat'>,</span> <span class='ocrx_word' id='word_1_1512' title='bbox 1791 3453 1862 3484; x_wconf 79' lang='lat' dir='ltr'>Casu</span> <span class='ocrx_word' id='word_1_1513' title='bbox 1882 3464 1940 3492; x_wconf 92' lang='lat' dir='ltr'>quo</span> <span class='ocrx_word' id='word_1_1514' title='bbox 1959 3460 2019 3485; x_wconf 89' lang='lat' dir='ltr'>Rex</span> <span class='ocrx_word' id='word_1_1515' title='bbox 2037 3457 2190 3498; x_wconf 72' lang='lat' dir='ltr'>Ludo-victer</span> <span class='ocrx_word' id='word_1_1516' title='bbox 2206 3462 2298 3489; x_wconf 84' lang='lat' dir='ltr'>Fran-</span> 
     </span>
     <span class='ocr_line' id='line_1_187' title="bbox 1237 3490 2300 3533; baseline 0.006 -10"><span class='ocrx_word' id='word_1_1517' title='bbox 1237 3498 1300 3533; x_wconf 88' lang='lat' dir='ltr'>ciae,</span> <span class='ocrx_word' id='word_1_1518' title='bbox 1319 3490 1468 3532; x_wconf 81' lang='lat' dir='ltr'>Delphinus</span> <span class='ocrx_word' id='word_1_1519' title='bbox 1485 3496 1616 3531; x_wconf 83' lang='lat' dir='ltr'>Viennae,</span> <span class='ocrx_word' id='word_1_1520' title='bbox 1635 3493 1711 3523; x_wconf 83' lang='lat' dir='ltr'>suive</span> <span class='ocrx_word' id='word_1_1521' title='bbox 1726 3503 1771 3524; x_wconf 83' lang='lat' dir='ltr'>aut</span> <span class='ocrx_word' id='word_1_1522' title='bbox 1787 3493 1894 3522; x_wconf 82' lang='lat' dir='ltr'>alterius</span> <span class='ocrx_word' id='word_1_1523' title='bbox 1908 3503 2010 3523; x_wconf 88' lang='lat' dir='ltr'>eorum</span> <span class='ocrx_word' id='word_1_1524' title='bbox 2026 3494 2162 3526; x_wconf 72' lang='lat' dir='ltr'>Haeredes</span> <span class='ocrx_word' id='word_1_1525' title='bbox 2177 3499 2210 3528; x_wconf 62' lang='grc' dir='ltr'>ὃς</span> <span class='ocrx_word' id='word_1_1526' title='bbox 2227 3498 2300 3529; x_wconf 64' lang='lat' dir='ltr'>Suc-&#39;</span> 
     </span>
     <span class='ocr_line' id='line_1_188' title="bbox 1235 3531 2295 3572; baseline 0.004 -9"><span class='ocrx_word' id='word_1_1527' title='bbox 1235 3534 1357 3563; x_wconf 79' lang='lat' dir='ltr'>cessores</span> <span class='ocrx_word' id='word_1_1528' title='bbox 1372 3556 1381 3571; x_wconf 88' lang='lat'>,</span> <span class='ocrx_word' id='word_1_1529' title='bbox 1403 3541 1450 3562; x_wconf 87' lang='lat' dir='ltr'>aut</span> <span class='ocrx_word' id='word_1_1530' title='bbox 1467 3533 1516 3561; x_wconf 85' lang='lat' dir='ltr'>alia</span> <span class='ocrx_word' id='word_1_1531' title='bbox 1534 3531 1655 3561; x_wconf 82' lang='lat' dir='ltr'>Persona</span> <span class='ocrx_word' id='word_1_1532' title='bbox 1673 3533 1716 3561; x_wconf 80' lang='lat' dir='ltr'>seu</span> <span class='ocrx_word' id='word_1_1533' title='bbox 1737 3531 1828 3560; x_wconf 80' lang='lat' dir='ltr'>Natio</span> <span class='ocrx_word' id='word_1_1534' title='bbox 1847 3540 2053 3570; x_wconf 65' lang='lat' dir='ltr'>quaecumque,</span> <span class='ocrx_word' id='word_1_1535' title='bbox 2077 3544 2126 3571; x_wconf 89' lang='lat' dir='ltr'>per</span> <span class='ocrx_word' id='word_1_1536' title='bbox 2145 3535 2242 3572; x_wconf 85' lang='lat' dir='ltr'>Opem</span> <span class='ocrx_word' id='word_1_1537' title='bbox 2261 3538 2295 3567; x_wconf 72' lang='grc' dir='ltr'>δε</span> 
     </span>
     <span class='ocr_line' id='line_1_189' title="bbox 1236 3568 2297 3612; baseline 0.003 -10"><span class='ocrx_word' id='word_1_1538' title='bbox 1236 3571 1380 3602; x_wconf 88' lang='lat' dir='ltr'>Favorem</span> <span class='ocrx_word' id='word_1_1539' title='bbox 1403 3570 1471 3600; x_wconf 68' lang='grc' dir='ltr'>ἀίξὶί</span> <span class='ocrx_word' id='word_1_1540' title='bbox 1491 3572 1567 3606; x_wconf 77' lang='lat' dir='ltr'>Regis</span> <span class='ocrx_word' id='word_1_1541' title='bbox 1584 3569 1719 3599; x_wconf 77' lang='lat' dir='ltr'>Ludovici</span> <span class='ocrx_word' id='word_1_1542' title='bbox 1736 3568 1827 3602; x_wconf 68' lang='lat' dir='ltr'>ejusve</span> <span class='ocrx_word' id='word_1_1543' title='bbox 1845 3568 2004 3599; x_wconf 81' lang='lat' dir='ltr'>Haeredum</span> <span class='ocrx_word' id='word_1_1544' title='bbox 2023 3572 2057 3601; x_wconf 75' lang='grc' dir='ltr'>δε</span> <span class='ocrx_word' id='word_1_1545' title='bbox 2075 3572 2297 3612; x_wconf 58' lang='lat' dir='ltr'>successorum,</span> 
     </span>
     <span class='ocr_line' id='line_1_190' title="bbox 1234 3607 2294 3649; baseline 0.004 -12"><span class='ocrx_word' id='word_1_1546' title='bbox 1234 3609 1347 3641; x_wconf 67' lang='lat' dir='ltr'>invadat</span> <span class='ocrx_word' id='word_1_1547' title='bbox 1366 3609 1513 3646; x_wconf 58' lang='lat' dir='ltr'>praefatum</span> <span class='ocrx_word' id='word_1_1548' title='bbox 1533 3611 1678 3636; x_wconf 84' lang='lat' dir='ltr'>Dominum</span> <span class='ocrx_word' id='word_1_1549' title='bbox 1697 3610 1799 3649; x_wconf 80' lang='lat' dir='ltr'>Ducem</span> <span class='ocrx_word' id='word_1_1550' title='bbox 1815 3615 1861 3637; x_wconf 87' lang='lat' dir='ltr'>aut</span> <span class='ocrx_word' id='word_1_1551' title='bbox 1873 3609 1929 3644; x_wconf 84' lang='lat' dir='ltr'>ejus</span> <span class='ocrx_word' id='word_1_1552' title='bbox 1941 3607 2079 3642; x_wconf 78' lang='lat' dir='ltr'>Haeredes</span> <span class='ocrx_word' id='word_1_1553' title='bbox 2094 3612 2127 3642; x_wconf 89' lang='lat'>&amp;</span> <span class='ocrx_word' id='word_1_1554' title='bbox 2146 3612 2294 3643; x_wconf 84' lang='lat' dir='ltr'>Ducaturn</span> 
     </span>
     <span class='ocr_line' id='line_1_191' title="bbox 1235 3644 2294 3684; baseline 0.003 -6"><span class='ocrx_word' id='word_1_1555' title='bbox 1235 3649 1315 3679; x_wconf 87' lang='lat' dir='ltr'>suum</span> <span class='ocrx_word' id='word_1_1556' title='bbox 1337 3647 1482 3677; x_wconf 78' lang='lat' dir='ltr'>Britanniae</span> <span class='ocrx_word' id='word_1_1557' title='bbox 1496 3667 1506 3684; x_wconf 84' lang='lat'>,</span> <span class='ocrx_word' id='word_1_1558' title='bbox 1535 3646 1569 3675; x_wconf 88' lang='lat'>&amp;</span> <span class='ocrx_word' id='word_1_1559' title='bbox 1587 3646 1683 3675; x_wconf 85' lang='lat' dir='ltr'>fecerit</span> <span class='ocrx_word' id='word_1_1560' title='bbox 1704 3646 1754 3674; x_wconf 79' lang='lat' dir='ltr'>libi</span> <span class='ocrx_word' id='word_1_1561' title='bbox 1773 3644 1916 3676; x_wconf 89' lang='lat' dir='ltr'>Guerram</span> <span class='ocrx_word' id='word_1_1562' title='bbox 1929 3669 1939 3683; x_wconf 94' lang='lat'>,</span> <span class='ocrx_word' id='word_1_1563' title='bbox 1967 3647 2128 3680; x_wconf 90' lang='lat' dir='ltr'>Tenebitur</span> <span class='ocrx_word' id='word_1_1564' title='bbox 2148 3650 2294 3681; x_wconf 89' lang='lat' dir='ltr'>Dominus</span> 
     </span>
     <span class='ocr_line' id='line_1_192' title="bbox 1234 3682 2297 3725; baseline 0.004 -9"><span class='ocrx_word' id='word_1_1565' title='bbox 1234 3689 1295 3716; x_wconf 85' lang='lat' dir='ltr'>Rex</span> <span class='ocrx_word' id='word_1_1566' title='bbox 1312 3684 1424 3723; x_wconf 81' lang='lat' dir='ltr'>Angliae</span> <span class='ocrx_word' id='word_1_1567' title='bbox 1443 3683 1613 3714; x_wconf 87' lang='lat' dir='ltr'>Succursum</span> <span class='ocrx_word' id='word_1_1568' title='bbox 1630 3682 1758 3723; x_wconf 68' lang='lat' dir='ltr'>praestare</span> <span class='ocrx_word' id='word_1_1569' title='bbox 1774 3686 1891 3714; x_wconf 81' lang='lat' dir='ltr'>Domino</span> <span class='ocrx_word' id='word_1_1570' title='bbox 1906 3687 1977 3715; x_wconf 84' lang='lat' dir='ltr'>Duci</span> <span class='ocrx_word' id='word_1_1571' title='bbox 1993 3708 2003 3723; x_wconf 90' lang='lat'>,</span> <span class='ocrx_word' id='word_1_1572' title='bbox 2029 3688 2062 3717; x_wconf 75' lang='grc' dir='ltr'>ὃς</span> <span class='ocrx_word' id='word_1_1573' title='bbox 2081 3689 2137 3725; x_wconf 86' lang='lat' dir='ltr'>ejus</span> <span class='ocrx_word' id='word_1_1574' title='bbox 2162 3688 2297 3721; x_wconf 68' lang='lat' dir='ltr'>Haeredi=</span> 
     </span>
     <span class='ocr_line' id='line_1_193' title="bbox 1235 3721 2298 3762; baseline 0.003 -8"><span class='ocrx_word' id='word_1_1575' title='bbox 1235 3726 1308 3762; x_wconf 88' lang='lat' dir='ltr'>bus,</span> <span class='ocrx_word' id='word_1_1576' title='bbox 1334 3725 1370 3754; x_wconf 92' lang='lat' dir='ltr'>de</span> <span class='ocrx_word' id='word_1_1577' title='bbox 1388 3723 1496 3752; x_wconf 85' lang='lat' dir='ltr'>Tribus</span> <span class='ocrx_word' id='word_1_1578' title='bbox 1517 3721 1632 3750; x_wconf 86' lang='lat' dir='ltr'>Milibus</span> <span class='ocrx_word' id='word_1_1579' title='bbox 1650 3722 1847 3759; x_wconf 81' lang='lat' dir='ltr'>Sagitariorum</span> <span class='ocrx_word' id='word_1_1580' title='bbox 1865 3745 1875 3760; x_wconf 95' lang='lat'>,</span> <span class='ocrx_word' id='word_1_1581' title='bbox 1897 3723 2163 3760; x_wconf 87' lang='lat' dir='ltr'>Stipendiandorum</span> <span class='ocrx_word' id='word_1_1582' title='bbox 2182 3728 2216 3757; x_wconf 86' lang='lat' dir='ltr'>ad</span> <span class='ocrx_word' id='word_1_1583' title='bbox 2236 3726 2298 3758; x_wconf 74' lang='lat' dir='ltr'>Ex·-</span> 
     </span>
     <span class='ocr_line' id='line_1_194' title="bbox 1234 3759 2293 3803; baseline 0.003 -10"><span class='ocrx_word' id='word_1_1584' title='bbox 1234 3764 1328 3801; x_wconf 77' lang='lat' dir='ltr'>pensas</span> <span class='ocrx_word' id='word_1_1585' title='bbox 1354 3764 1465 3792; x_wconf 81' lang='lat' dir='ltr'>Domini</span> <span class='ocrx_word' id='word_1_1586' title='bbox 1484 3762 1561 3796; x_wconf 78' lang='lat' dir='ltr'>Regis</span> <span class='ocrx_word' id='word_1_1587' title='bbox 1585 3761 1618 3790; x_wconf 91' lang='lat'>&amp;</span> <span class='ocrx_word' id='word_1_1588' title='bbox 1643 3759 1680 3801; x_wconf 81' lang='lat' dir='ltr'>de</span> <span class='ocrx_word' id='word_1_1589' title='bbox 1703 3760 1763 3796; x_wconf 88' lang='lat' dir='ltr'>ejus</span> <span class='ocrx_word' id='word_1_1590' title='bbox 1781 3763 1896 3798; x_wconf 87' lang='lat' dir='ltr'>proprio</span> <span class='ocrx_word' id='word_1_1591' title='bbox 1920 3761 2016 3800; x_wconf 79' lang='lat' dir='ltr'>AEre,</span> <span class='ocrx_word' id='word_1_1592' title='bbox 2042 3770 2093 3803; x_wconf 86' lang='lat' dir='ltr'>pro</span> <span class='ocrx_word' id='word_1_1593' title='bbox 2111 3773 2240 3802; x_wconf 86' lang='lat' dir='ltr'>tempore</span> <span class='ocrx_word' id='word_1_1594' title='bbox 2258 3767 2293 3797; x_wconf 68' lang='lat'>&amp;²</span> 
     </span>
     <span class='ocr_line' id='line_1_195' title="bbox 1234 3797 2297 3839; baseline 0.006 -10"><span class='ocrx_word' id='word_1_1595' title='bbox 1234 3801 1321 3839; x_wconf 88' lang='lat' dir='ltr'>spatio</span> <span class='ocrx_word' id='word_1_1596' title='bbox 1347 3801 1452 3829; x_wconf 87' lang='lat' dir='ltr'>Trium</span> <span class='ocrx_word' id='word_1_1597' title='bbox 1474 3797 1625 3833; x_wconf 18' lang='lat' dir='ltr'>,Metilium</span> <span class='ocrx_word' id='word_1_1598' title='bbox 1650 3799 1757 3836; x_wconf 77' lang='lat' dir='ltr'>simul,</span> <span class='ocrx_word' id='word_1_1599' title='bbox 1783 3800 1816 3828; x_wconf 68' lang='grc' dir='ltr'>ὅτ</span> <span class='ocrx_word' id='word_1_1600' title='bbox 1842 3799 1877 3829; x_wconf 88' lang='lat' dir='ltr'>de</span> <span class='ocrx_word' id='word_1_1601' title='bbox 1901 3800 1956 3830; x_wconf 89' lang='lat' dir='ltr'>alio</span> <span class='ocrx_word' id='word_1_1602' title='bbox 1974 3801 2120 3835; x_wconf 20' lang='lat' dir='ltr'>,Numero</span> <span class='ocrx_word' id='word_1_1603' title='bbox 2137 3802 2297 3836; x_wconf 66' lang='lat' dir='ltr'>sufficiente*</span> 
     </span>
     <span class='ocr_line' id='line_1_196' title="bbox 1232 3835 2298 3880; baseline 0.002 -9"><span class='ocrx_word' id='word_1_1604' title='bbox 1232 3850 1322 3878; x_wconf 89' lang='lat' dir='ltr'>quem</span> <span class='ocrx_word' id='word_1_1605' title='bbox 1340 3841 1408 3868; x_wconf 85' lang='lat' dir='ltr'>Dux</span> <span class='ocrx_word' id='word_1_1606' title='bbox 1425 3839 1580 3866; x_wconf 84' lang='lat' dir='ltr'>Britanniae</span> <span class='ocrx_word' id='word_1_1607' title='bbox 1595 3835 1753 3866; x_wconf 63' lang='lat' dir='ltr'>antedictus</span> <span class='ocrx_word' id='word_1_1608' title='bbox 1765 3837 1857 3873; x_wconf 85' lang='lat' dir='ltr'>ejusve</span> <span class='ocrx_word' id='word_1_1609' title='bbox 1872 3838 2007 3870; x_wconf 69' lang='lat' dir='ltr'>Haeredes</span> <span class='ocrx_word' id='word_1_1610' title='bbox 2022 3841 2162 3877; x_wconf 81' lang='lat' dir='ltr'>requirent</span> <span class='ocrx_word' id='word_1_1611' title='bbox 2178 3842 2212 3871; x_wconf 87' lang='lat' dir='ltr'>ad</span> <span class='ocrx_word' id='word_1_1612' title='bbox 2227 3847 2298 3880; x_wconf 81' lang='lat' dir='ltr'>pro-·</span> 
     </span>
     <span class='ocr_line' id='line_1_197' title="bbox 1232 3875 2297 3919; baseline 0.001 -11"><span class='ocrx_word' id='word_1_1613' title='bbox 1232 3880 1303 3917; x_wconf 88' lang='lat' dir='ltr'>prias</span> <span class='ocrx_word' id='word_1_1614' title='bbox 1322 3877 1459 3914; x_wconf 79' lang='lat' dir='ltr'>Expensas</span> <span class='ocrx_word' id='word_1_1615' title='bbox 1478 3876 1589 3903; x_wconf 87' lang='lat' dir='ltr'>Domini</span> <span class='ocrx_word' id='word_1_1616' title='bbox 1604 3876 1688 3902; x_wconf 82' lang='lat' dir='ltr'>Ducis</span> <span class='ocrx_word' id='word_1_1617' title='bbox 1706 3875 1762 3904; x_wconf 81' lang='lat' dir='ltr'>live</span> <span class='ocrx_word' id='word_1_1618' title='bbox 1779 3875 1940 3907; x_wconf 87' lang='lat' dir='ltr'>Haeredum</span> <span class='ocrx_word' id='word_1_1619' title='bbox 1960 3878 2089 3915; x_wconf 89' lang='lat' dir='ltr'>suorum,</span> <span class='ocrx_word' id='word_1_1620' title='bbox 2106 3880 2139 3909; x_wconf 84' lang='lat'>&amp;</span> <span class='ocrx_word' id='word_1_1621' title='bbox 2158 3881 2243 3919; x_wconf 86' lang='lat' dir='ltr'>usque</span> <span class='ocrx_word' id='word_1_1622' title='bbox 2261 3883 2297 3914; x_wconf 80' lang='lat' dir='ltr'>ad</span> 
     </span>
     <span class='ocr_line' id='line_1_198' title="bbox 1232 3911 2253 3955; baseline 0.002 -7"><span class='ocrx_word' id='word_1_1623' title='bbox 1232 3917 1397 3948; x_wconf 88' lang='lat' dir='ltr'>Numerum</span> <span class='ocrx_word' id='word_1_1624' title='bbox 1418 3914 1548 3951; x_wconf 85' lang='lat' dir='ltr'>Quatuor</span> <span class='ocrx_word' id='word_1_1625' title='bbox 1566 3911 1694 3942; x_wconf 86' lang='lat' dir='ltr'>Millium</span> <span class='ocrx_word' id='word_1_1626' title='bbox 1713 3912 1912 3951; x_wconf 78' lang='lat' dir='ltr'>Sagitariorum</span> <span class='ocrx_word' id='word_1_1627' title='bbox 1932 3915 1951 3944; x_wconf 85' lang='lat' dir='ltr'>fi</span> <span class='ocrx_word' id='word_1_1628' title='bbox 1970 3924 2077 3946; x_wconf 86' lang='lat' dir='ltr'>tanturn</span> <span class='ocrx_word' id='word_1_1629' title='bbox 2097 3920 2253 3955; x_wconf 82' lang='lat' dir='ltr'>requirent:</span> 
     </span>
    </p>

    <p class='ocr_par' dir='ltr' id='par_1_40' title="bbox 1230 3950 2299 4180">
     <span class='ocr_line' id='line_1_199' title="bbox 1270 3950 2296 3997; baseline 0.003 -13"><span class='ocrx_word' id='word_1_1630' title='bbox 1270 3956 1354 3993; x_wconf 83' lang='lat' dir='ltr'>Quos</span> <span class='ocrx_word' id='word_1_1631' title='bbox 1375 3953 1489 3990; x_wconf 89' lang='lat' dir='ltr'>quidem</span> <span class='ocrx_word' id='word_1_1632' title='bbox 1508 3950 1673 3988; x_wconf 72' lang='lat' dir='ltr'>Sagitirios,</span> <span class='ocrx_word' id='word_1_1633' title='bbox 1694 3952 1726 3982; x_wconf 72' lang='grc' dir='ltr'>ὃς</span> <span class='ocrx_word' id='word_1_1634' title='bbox 1745 3952 1913 3983; x_wconf 88' lang='lat' dir='ltr'>Numerum</span> <span class='ocrx_word' id='word_1_1635' title='bbox 1931 3953 2017 3983; x_wconf 90' lang='lat' dir='ltr'>alium</span> <span class='ocrx_word' id='word_1_1636' title='bbox 2036 3953 2243 3997; x_wconf 82' lang='lat' dir='ltr'>sufficientem,-</span> <span class='ocrx_word' id='word_1_1637' title='bbox 2262 3960 2296 3991; x_wconf 69' lang='lat' dir='ltr'>uc}</span> 
     </span>
     <span class='ocr_line' id='line_1_200' title="bbox 1232 3989 2295 4032; baseline 0.005 -9"><span class='ocrx_word' id='word_1_1638' title='bbox 1232 3993 1427 4032; x_wconf 83' lang='lat' dir='ltr'>praemittitur,</span> <span class='ocrx_word' id='word_1_1639' title='bbox 1443 4000 1458 4019; x_wconf 90' lang='lat' dir='ltr'>a</span> <span class='ocrx_word' id='word_1_1640' title='bbox 1476 3991 1551 4018; x_wconf 81' lang='lat' dir='ltr'>Duce</span> <span class='ocrx_word' id='word_1_1641' title='bbox 1569 3998 1614 4018; x_wconf 89' lang='lat' dir='ltr'>aut</span> <span class='ocrx_word' id='word_1_1642' title='bbox 1634 3989 1692 4027; x_wconf 81' lang='lat' dir='ltr'>ejus</span> <span class='ocrx_word' id='word_1_1643' title='bbox 1709 3989 1878 4020; x_wconf 77' lang='lat' dir='ltr'>H:eredibus</span> <span class='ocrx_word' id='word_1_1644' title='bbox 1899 3992 2034 4028; x_wconf 89' lang='lat' dir='ltr'>petitum,</span> <span class='ocrx_word' id='word_1_1645' title='bbox 2052 3992 2143 4024; x_wconf 67' lang='lat' dir='ltr'>dietus</span> <span class='ocrx_word' id='word_1_1646' title='bbox 2161 3999 2295 4027; x_wconf 67' lang='lat' dir='ltr'>Dominae</span> 
     </span>
     <span class='ocr_line' id='line_1_201' title="bbox 1231 4027 2299 4070; baseline 0.001 -12"><span class='ocrx_word' id='word_1_1647' title='bbox 1231 4036 1291 4062; x_wconf 72' lang='lat' dir='ltr'>Rex</span> <span class='ocrx_word' id='word_1_1648' title='bbox 1309 4032 1400 4061; x_wconf 78' lang='lat' dir='ltr'>mittet</span> <span class='ocrx_word' id='word_1_1649' title='bbox 1413 4027 1502 4057; x_wconf 81' lang='lat' dir='ltr'>versus</span> <span class='ocrx_word' id='word_1_1650' title='bbox 1521 4029 1666 4056; x_wconf 79' lang='lat' dir='ltr'>Dominum</span> <span class='ocrx_word' id='word_1_1651' title='bbox 1684 4030 1801 4065; x_wconf 79' lang='lat' dir='ltr'>Ducem,</span> <span class='ocrx_word' id='word_1_1652' title='bbox 1818 4037 1864 4058; x_wconf 89' lang='lat' dir='ltr'>aut</span> <span class='ocrx_word' id='word_1_1653' title='bbox 1875 4030 1936 4066; x_wconf 32' lang='lat' dir='ltr'>ejus,</span> <span class='ocrx_word' id='word_1_1654' title='bbox 1948 4029 2100 4070; x_wconf 75' lang='lat' dir='ltr'>Haeredes,</span> <span class='ocrx_word' id='word_1_1655' title='bbox 2117 4033 2187 4065; x_wconf 68' lang='lat' dir='ltr'>infra</span> <span class='ocrx_word' id='word_1_1656' title='bbox 2205 4035 2299 4066; x_wconf 65' lang='lat' dir='ltr'>Men-,-</span> 
     </span>
     <span class='ocr_line' id='line_1_202' title="bbox 1230 4065 2293 4108; baseline 0.003 -7"><span class='ocrx_word' id='word_1_1657' title='bbox 1230 4073 1289 4101; x_wconf 88' lang='lat' dir='ltr'>sem</span> <span class='ocrx_word' id='word_1_1658' title='bbox 1317 4077 1363 4099; x_wconf 86' lang='lat' dir='ltr'>aut</span> <span class='ocrx_word' id='word_1_1659' title='bbox 1389 4067 1444 4096; x_wconf 85' lang='lat' dir='ltr'>Sex</span> <span class='ocrx_word' id='word_1_1660' title='bbox 1469 4065 1640 4102; x_wconf 83' lang='lat' dir='ltr'>Septimanas</span> <span class='ocrx_word' id='word_1_1661' title='bbox 1657 4076 1672 4095; x_wconf 90' lang='grc'><strong>3</strong></span> <span class='ocrx_word' id='word_1_1662' title='bbox 1691 4069 1820 4103; x_wconf 76' lang='lat' dir='ltr'>tempore</span> <span class='ocrx_word' id='word_1_1663' title='bbox 1839 4067 2042 4105; x_wconf 82' lang='lat' dir='ltr'>Requisitionis</span> <span class='ocrx_word' id='word_1_1664' title='bbox 2058 4074 2106 4108; x_wconf 84' lang='lat' dir='ltr'>per</span> <span class='ocrx_word' id='word_1_1665' title='bbox 2125 4075 2227 4103; x_wconf 83' lang='lat' dir='ltr'>Ducem</span> <span class='ocrx_word' id='word_1_1666' title='bbox 2245 4077 2293 4106; x_wconf 74' lang='lat' dir='ltr'>aut</span> 
     </span>
     <span class='ocr_line' id='line_1_203' title="bbox 1231 4104 2296 4180; baseline 0.004 -40"><span class='ocrx_word' id='word_1_1667' title='bbox 1231 4110 1290 4148; x_wconf 82' lang='lat' dir='ltr'>ejus</span> <span class='ocrx_word' id='word_1_1668' title='bbox 1306 4104 1441 4139; x_wconf 75' lang='lat' dir='ltr'>Haeredes</span> <span class='ocrx_word' id='word_1_1669' title='bbox 1461 4104 1543 4136; x_wconf 62' lang='lat' dir='ltr'>fastae</span> <span class='ocrx_word' id='word_1_1670' title='bbox 1557 4122 1569 4143; x_wconf 74' lang='lat'>,</span> <span class='ocrx_word' id='word_1_1671' title='bbox 1594 4106 1624 4136; x_wconf 73' lang='lat' dir='ltr'>in</span> <span class='ocrx_word' id='word_1_1672' title='bbox 1643 4113 1778 4174; x_wconf 52' lang='lat' dir='ltr'>quanlgum</span> <span class='ocrx_word' id='word_1_1673' title='bbox 1798 4105 1927 4144; x_wconf 83' lang='lat' dir='ltr'>poffibile</span> <span class='ocrx_word' id='word_1_1674' title='bbox 1947 4107 2046 4147; x_wconf 81' lang='lat' dir='ltr'>fuerit3</span> <span class='ocrx_word' id='word_1_1675' title='bbox 2074 4108 2194 4143; x_wconf 80' lang='lat' dir='ltr'>Proviso</span> <span class='ocrx_word' id='word_1_1676' title='bbox 2213 4111 2296 4180; x_wconf 50' lang='lat' dir='ltr'>qugd</span> 
     </span>
    </p>

    <p class='ocr_par' dir='ltr' id='par_1_41' title="bbox 1751 4151 2303 4180">
     <span class='ocr_line' id='line_1_204' title="bbox 1751 4151 2303 4180; baseline 0.011 -7"><span class='ocrx_word' id='word_1_1677' title='bbox 1751 4153 1770 4173; x_wconf 71' lang='lat'>2</span> <span class='ocrx_word' id='word_1_1678' title='bbox 2241 4160 2249 4178; x_wconf 91' lang='lat' dir='ltr'>i</span> <span class='ocrx_word' id='word_1_1679' title='bbox 2272 4151 2303 4180; x_wconf 64' lang='grc' dir='ltr'>,οξ</span> 
     </span>
    </p>
   </div>
   <div class='ocr_carea' id='block_1_16' title="bbox 2328 2796 2437 2878">
    <p class='ocr_par' dir='ltr' id='par_1_42' title="bbox 2328 2796 2437 2878">
     <span class='ocr_line' id='line_1_205' title="bbox 2328 2796 2437 2832; baseline 0.018 -2"><span class='ocrx_word' id='word_1_1680' title='bbox 2328 2803 2348 2822; x_wconf 64' lang='lat'>&#39;¹‘</span> <span class='ocrx_word' id='word_1_1681' title='bbox 2368 2796 2437 2832; x_wconf 58' lang='lat' dir='ltr'>Xif:</span> 
     </span>
     <span class='ocr_line' id='line_1_206' title="bbox 2333 2852 2394 2878; baseline 0 -9"><span class='ocrx_word' id='word_1_1682' title='bbox 2333 2852 2394 2878; x_wconf 70' lang='lat'>344:</span> 
     </span>
    </p>
   </div>
  </div>
 </body>
</html>
