2555 4266
744 207 856 248 ET
938 208 1203 250 ACTA

0 295 78 330 Ann-
90 293 133 325 D:
153 304 230 335 tum,
249 298 283 328 &
299 297 430 328 Firmum
446 293 591 324 habituros
606 301 699 326 totum
713 294 746 326 &
772 294 908 333 quidquid
933 304 983 333 per
1006 295 1098 325 ἀίέὶος
1118 292 1213 323 Com-

20 342 106 372 1502.

0 377 61 402 Heu.
81 381 109 407 7.

16 2210 36 2231 ἵ*
45 2210 130 2240 xm.

18 2259 62 2297 2⁹·

155 337 311 374 miffarios,
329 334 481 370 Oratores,
502 332 716 370 Procuratores,
742 332 899 369 Deputatos
913 357 923 372 ,
950 336 983 364 &
1003 333 1138 362 Nuncios
1160 340 1215 360 no-

156 373 228 405 stros
242 374 370 409 Actum,
387 370 530 410 Gestum,
545 372 590 402 seu
605 371 791 402 Procuratum
804 371 886 402 fuerit
897 373 928 400 in
941 370 1109 407 Praemiffis,
1128 369 1172 399 seu
1185 378 1215 398 a-

155 413 236 452 liquo
248 409 472 442 Praemifforum.

196 450 230 481 In
243 451 323 487 cujus
339 450 380 477 rei
394 448 611 478 Testimonium
626 447 800 478 Praesentem
815 446 874 477 fieri
884 446 1029 484 juffimus,
1052 444 1146 474 Manu
1161 453 1216 474 no·

157 489 212 519 stra
224 488 377 525 fignatam,
395 486 549 526 sigilloque
562 485 660 517 nostro
675 485 850 523 impendenti
862 486 1014 515 munitam.

197 564 269 595 Dat.
285 565 313 593 in
329 563 430 602 oppido
444 563 476 591 de
496 565 561 592 Kau
575 572 671 600 ueure,
697 561 757 591 Die
779 559 913 590 vicesima
935 558 1032 598 quarta
1056 557 1163 588 Mensis
1178 557 1219 587 A-

160 604 256 642 priris,
276 603 365 633 Anno
379 601 504 632 Domini
520 601 544 631 λ
560 600 676 630 illesimo
691 622 701 636 ,
728 599 963 636 Qingentefimo
988 598 1112 628 secundo
1124 619 1133 633 ,
1158 596 1219 627 Re-

154 651 278 681 gnorum
291 640 454 670 nostrorum
471 639 636 676 (videlicet)
656 637 784 669 Romani
798 637 913 667 decimo
931 636 1049 674 septimo
1064 659 1074 675 ,
1091 634 1217 674 Ungha-

156 682 204 711 riae
219 682 289 711 vero
304 678 425 713 decimo
440 678 532 709 tertio.

212 756 261 788 Sic
279 756 387 795 Signat.

288 832 350 863 Sub
368 831 462 867 Plica,

212 909 250 941 Et
265 909 344 948 supet
363 906 490 941 Plicam,

894 865 932 898 M
951 876 1007 898 A'x
1027 877 1040 898 1
1060 874 1099 898 Μ.

765 944 818 974 Per
836 947 940 982 Regem.

823 1020 862 1052 M
879 1031 899 1052 A
919 1030 943 1052 R
962 1028 990 1051 Μ
1012 1029 1025 1050 1
1049 1029 1067 1050 E
1088 1027 1121 1049 R.

194 1103 319 1141 Sequitur
333 1101 420 1130 Tenor
434 1099 619 1138 Commiffionis
630 1098 819 1137 praediHorum
837 1101 984 1128 oratorum
999 1096 1037 1132 ὢν
1061 1091 1187 1133 commis:

414 1138 552 1178 fizriorum
568 1137 726 1176 Serem'ffimi
740 1140 816 1174 Regis
837 1135 959 1173 Angltae.

202 1217 352 1253 Henricus,
366 1214 426 1245 Dei
441 1214 529 1253 gratia
538 1237 548 1253 ,
567 1217 625 1244 Rex
639 1213 752 1252 Angliae
763 1236 774 1251 ,
789 1212 827 1248 ό·
840 1215 961 1241 Franciae
971 1209 1009 1246 ὠ·
1026 1213 1156 1240 Dominus
1175 1209 1230 1236 Hi-

172 1254 291 1293 berniae,
309 1254 446 1284 omnibus
464 1276 474 1293 ,
491 1253 525 1284 ad
547 1263 618 1292 quos
636 1252 782 1293 praesentes
804 1252 911 1282 Literae
929 1249 1126 1290 pervenerint,
1151 1246 1230 1277 Salu-

162 1300 231 1324 tem.

197 1332 298 1362 Sciatis
315 1330 395 1369 quod
410 1330 495 1370 Nos,
1103 1364 1108 1369 ι
1153 1362 1157 1368 Ι

200 1369 250 1400 De
265 1370 453 1401 Fidelitatibus
466 1393 476 1408 ,
499 1368 662 1409 Industriis,
687 1370 722 1401 ὃς
743 1368 868 1408 providis
897 1362 1230 1402 circumspectionibus,

161 1406 350 1439 Dilectorum
362 1410 396 1440 &
416 1407 555 1439 Fidelium
571 1407 807 1438 Consiliariorum
821 1405 1000 1441 nostrorum,
1015 1401 1114 1432 Karoli
1125 1405 1229 1431 Somer-

157 1446 206 1486 fit
221 1448 301 1477 unius
315 1446 447 1477 Militum
463 1446 580 1477 Ordinis
591 1447 679 1478 nostri
693 1446 816 1477 Garterii
832 1444 979 1482 Capitanei
996 1441 1101 1472 Gardae
1115 1439 1230 1476 nostrae,

161 1495 198 1515 ac
214 1484 343 1524 Magistri
357 1484 503 1515 Willielmi
518 1484 649 1515 Warham
664 1485 778 1521 Legum
792 1483 932 1514 Doetoris
951 1481 1127 1511 Rotulorum
1151 1477 1230 1520 Can·

163 1523 285 1555 cellariae
310 1523 415 1553 nostrae
437 1522 575 1554 Custodis
595 1525 625 1554 in
653 1523 827 1562 Episcopum
853 1518 1085 1553 Londoniensem
1115 1516 1206 1547 Electi
1220 1538 1230 1554 ,

163 1561 407 1601 quamplurimum
421 1562 610 1602 confidentes,

202 1599 280 1638 Ipsos
294 1600 405 1630 nostros
419 1609 499 1631 vetos
514 1601 547 1631 &
563 1601 736 1632 indubitatos
749 1597 965 1631 Commiffarios
975 1619 985 1634 ,
1004 1595 1148 1639 OratoreS,
1157 1591 1229 1635 Pro-

164 1647 320 1676 curatores,
342 1638 522 1678 Deputatos,
539 1639 572 1670 &
585 1640 722 1670 Nuncios
737 1638 883 1674 Facimus,
903 1635 1122 1672 Constituimus,
1140 1631 1227 1662 Ordi-

165 1686 284 1715 namus,
302 1678 336 1708 &
350 1676 527 1715 Deputamus
539 1687 588 1718 per
603 1676 771 1716 Praesentes,

203 1715 311 1746 Dantes
327 1717 361 1748 δε
375 1715 576 1747 Concedentes
593 1717 632 1746 eis
647 1716 778 1754 plenam,
801 1715 919 1746 Tenore
938 1711 1122 1746 Praesentium
1136 1734 1145 1750 ,
1169 1710 1228 1742 Po-

164 1754 297 1785 testatem
310 1756 344 1786 δε
358 1754 565 1784 Auctoritatem
577 1765 610 1786 ac
626 1753 797 1785 Mandatum
821 1753 950 1791 generale
971 1754 1004 1783 &
1025 1751 1159 1790 speciale,
1175 1758 1228 1789 pro

163 1792 266 1823 Nobis
277 1793 312 1824 ὃς
325 1791 463 1823 Nomine
479 1792 578 1822 nostro
589 1816 598 1831 ,
624 1803 694 1823 cum
713 1793 904 1823 Sacratiffimo
926 1791 1058 1830 Principe
1082 1789 1177 1820 fratre
1195 1790 1228 1820 &

163 1830 392 1867 consanguineo
407 1831 504 1861 nostro
521 1829 676 1861 Cariffimo
689 1830 883 1860 Maximiliano
898 1833 1077 1860 Romanorum
1099 1832 1183 1865 Rege,
1199 1837 1229 1856 e-

161 1869 244 1908 jusve
257 1868 482 1906 Commiffiru‘s,
509 1869 747 1900 Procuratoribus
760 1893 770 1908 ,
794 1869 966 1900 Oratoribus
981 1892 990 1907 ,
1015 1868 1178 1908 DeputatiS,
1195 1866 1230 1897 ὅ(

166 1907 204 1938 N
207 1909 311 1945 unciis,
329 1906 517 1938 sufficientem
534 1907 706 1938 potestatem
719 1910 752 1939 &
771 1908 982 1939 Auc‘ioritatem
996 1908 1032 1937 ab
1053 1905 1157 1937 eodem
1179 1903 1230 1934 Sa-

166 1946 321 1977 cratiffimo
334 1946 470 1984 Principe
484 1945 518 1975 ad
533 1946 590 1977 hoc
607 1946 792 1985 habentibus,
810 1948 867 1977 tam
883 1946 918 1976 de
934 1948 968 1978 &
985 1944 1064 1983 super
1083 1953 1165 1982 vera,
1181 1941 1228 1972 fir-

166 1993 230 2023 ma,
249 1986 282 2017 &
297 1985 361 2014 reali
376 1984 461 2023 Paci,
480 1985 632 2022 Amicitia,
649 1994 732 2023 atque
748 1984 929 2023 Concordia,
948 1995 981 2015 ac
994 1984 1090 2022 Ligis,
1119 1982 1232 2012 Amici-

165 2025 228 2061 tiis,
256 2022 587 2062 Confoederationibus,
612 2024 754 2062 Treugis‚
779 2025 811 2055 ὃ(
833 2023 1008 2054 Guerrarum
1032 2021 1234 2058 Abstinentiis,

167 2061 356 2102 Foederibus,
375 2061 582 2098 Affinitatibus,
601 2064 634 2094 &
651 2062 860 2100 Intelligentiis,
878 2064 963 2101 qu'am
978 2061 1014 2091 de
1030 2062 1063 2092 ὃς
1075 2060 1154 2097 super
1170 2060 1232 2097 qui-

168 2100 346 2140 buscumque
360 2100 555 2131 Commerciis
572 2100 776 2140 Exercitioque
797 2101 1053 2132 Commerciorum
1077 2109 1110 2129 ac
1130 2107 1233 2129 mutuo

168 2140 204 2171 &
216 2140 357 2169 amicabili
370 2138 528 2170 Intercursu
548 2138 695 2170 Mercium
710 2141 744 2172 &
759 2138 1016 2175 Mercandisarum,

207 2181 286 2208 Inter
300 2179 374 2212 Nos,
394 2177 532 2208 Haeredes
547 2179 581 2209 &
596 2178 775 2209 Succeffores
789 2177 915 2216 nostros,
933 2187 1016 2216 atque
1030 2176 1144 2215 Regna,
1155 2175 1233 2205 Ter-

170 2225 230 2254 ras,
250 2216 409 2255 Dominis,
426 2218 546 2254 Patrias,
564 2217 597 2247 &
615 2216 695 2247 Loca
707 2216 800 2247 nostra
815 2218 834 2236 ³*
852 2226 1060 2254 quaecumque,
1079 2217 1112 2247 δε
1124 2214 1235 2244 dietum

169 2254 380 2293 Sacratiffimum
405 2258 552 2293 Principem
566 2277 577 2293 ,
603 2254 738 2285 Heredes
750 2279 760 2294 ,
786 2256 819 2285 ὃς
844 2254 1022 2285 Succeffores
1047 2254 1126 2290 suos,
1153 2261 1236 2291 atque

168 2293 290 2333 Regna,
309 2293 430 2332 Terras,
449 2294 605 2331 Dominia,
621 2294 735 2331 Patrias,
753 2295 786 2325 &
802 2293 880 2323 Loca
895 2293 938 2324 sua
954 2290 1234 2331 quaecumque,Sub-

170 2332 262 2370 ditos,
280 2331 431 2370 Vaffailos,
450 2332 688 2371 Confoederatos,
708 2333 844 2369 Arinem,
864 2332 1015 2372 Alligatos,
1034 2331 1182 2367 Favenres‚
1200 2331 1233 2360 ὃς

170 2371 358 2402 Adhaetentes
378 2372 489 2401 nostros
510 2372 543 2403 &
569 2371 630 2401 suos
655 2370 850 2409 quoscumque
880 2370 1036 2407 Ineundis,
1065 2367 1236 2406 capiendis,

170 2409 374 2447 Pasciscendis,
391 2409 606 2440 Conveniendis
615 2433 627 2449 ,
642 2409 858 2448 Componendis
867 2432 878 2448 ,
903 2407 1133 2446 Concordandis,
1150 2406 1232 2437 Con-

172 2448 338 2487 cludendis,
354 2450 387 2480 &
402 2447 568 2485 Habendis,

207 2487 340 2517 Necnon
355 2486 390 2516 de
407 2488 439 2517 &
455 2487 533 2526 super
545 2487 680 2517 omnibus
695 2486 728 2517 &
743 2485 857 2523 fingulis
871 2484 1124 2523 Contentionibus,
1144 2483 1236 2522 Qiae-

172 2526 331 2564 stionibus,
349 2525 486 2563 Guerris,
503 2524 615 2562 Cauiis,
637 2525 783 2564 Qerelis,
803 2524 916 2554 Litibus
931 2548 941 2561 ,
970 2523 1166 2562 Attemptatis,
1189 2521 1238 2552 In-

168 2566 264 2604 iuriis,
283 2564 523 2602 Gravaminibus,
541 2563 755 2601 &Demandis,
772 2563 827 2594 un‘a
843 2572 912 2593 cum
928 2563 979 2594 suis
994 2560 1240 2598 circumstantiis,

173 2603 411 2642 Emergentibus,
429 2602 639 2640 IncidentibuS,
661 2602 915 2641 Dependentibus,
933 2603 967 2633 δε
982 2601 1128 2631 Connexis
1144 2622 1153 2638 ,
1173 2609 1238 2636 quae

173 2643 248 2673 inter
264 2641 333 2671 Nos
347 2643 381 2673 ὃ(
395 2642 545 2678 praefatum
560 2640 771 2671 Serenissimum
791 2640 954 2677 Principem
964 2663 974 2677 ,
992 2650 1025 2670 ac
1039 2639 1151 2677 Regna,
1177 2638 1238 2668 Lo-

175 2691 230 2718 ca,
248 2679 370 2718 Terras,
395 2680 553 2717 Dominia,
580 2679 698 2717 Patrias,
722 2679 856 2710 Subditos
871 2700 880 2716 ,
906 2678 1062 2714 Vaffiillos,
1085 2677 1242 2715 Alligatos,

175 2718 414 2757 Confoederatos,
433 2718 572 2756 Amicos,
592 2717 741 2755 Faventes,
759 2718 792 2749 &
808 2717 991 2748 Adhaerentec
1000 2716 1110 2747 nostros
1121 2716 1153 2747 ὅτ.
1169 2714 1241 2753 suos,

175 2757 312 2790 hincinde
328 2756 451 2795 pendete
464 2757 665 2795 dinoscuntur,

215 2796 484 2835 Communicandi,
501 2794 676 2833 Traerandi,
693 2794 896 2826 Conveniendi
909 2817 918 2832 ,
936 2802 1018 2833 atque
1039 2803 1072 2823 ea
1093 2792 1192 2822 omnia
1209 2793 1242 2823 &

177 2834 285 2874 singula
299 2833 524 2872 Componendi,
542 2832 732 2871 Pasciscendi,
755 2832 993 2901 Appundfflandi,
1017 2842 1050 2862 ac
1071 2831 1193 2869 plenarie
1210 2832 1244 2862 &

175 2873 286 2912 integre
305 2871 525 2903 Determinandi
541 2893 551 2910 ,
575 2879 658 2909 prout
679 2873 718 2901 eis
738 2881 785 2901 me
796 2873 836 2901 ius
854 2870 948 2901 visum
969 2870 1054 2902 fuerit
1075 2871 1109 2901 &
1127 2878 1245 2908 oportu-

174 2921 246 2943 num

214 2934 413 2987 Universaque
431 2949 465 2980 &
482 2946 586 2986 singula
598 2957 662 2987 quae
676 2956 724 2986 pet
745 2957 795 2978 eos
817 2946 1017 2986 Appunetuata
1033 2969 1043 2984 ,
1072 2945 1245 2982 Conventa,

179 2988 343 3026 Conclusa,
362 2989 395 3019 &
410 2986 596 3018 concordata
612 2987 735 3024 fuerint,
755 2984 894 3023 Vallandi,
910 2984 1099 3021 Roborandi,
1117 2985 1150 3014 &
1165 2983 1245 3014 Affe-

179 3027 299 3097 ffirandi
319 3025 465 3096 pffiaFciidei
480 3025 724 3065 interpositionem
737 3024 770 3055 &
781 3024 980 3064 Juramentum
993 3025 1024 3053 in
1044 3023 1180 3053 Animam
1195 3031 1247 3052 no-

222 3076 268 3097 am
307 3075 345 3095 rae
387 3074 405 3094 n
427 3074 475 3095 um

223 3105 270 3135 Ac
283 3075 320 3134 <lie
335 3105 368 3135 &
384 3103 464 3141 super
477 3087 649 3141 ’Praemiffis‚
666 3102 704 3132 sic
719 3101 916 3142 appunc'ruatis
926 3101 960 3132 &
974 3099 1122 3138 conclusis,
1141 3098 1247 3130 Literas

180 3143 297 3175 vallidas
312 3143 347 3175 &
360 3141 490 3173 efficaces
502 3151 554 3182 pro
566 3142 649 3173 Parte
666 3140 760 3171 nostra
774 3139 920 3170 Tradendi
935 3139 968 3170 &
990 3137 1194 3175 Deliberandi,
1210 3176 1215 3181 ι

221 3180 447 3218 Confimilesque
463 3180 567 3211 Literas
580 3182 616 3211 ab
631 3180 734 3212 eodem
760 3177 952 3210 Sacratiffimo
973 3176 1105 3216 Principe
1125 3176 1171 3206 seu
1191 3185 1247 3213 ejus

182 3219 413 3256 Commiffariis,
431 3219 680 3257 Procuratoribus,
698 3217 883 3255 Oratoribus,
908 3215 1057 3253 Deputatis
1071 3238 1082 3254 ,
1106 3216 1140 3247 &
1157 3213 1246 3245 Nun-

183 3260 238 3290 ciis
255 3257 413 3297 Exigendi,
428 3256 562 3296 Petendi,
580 3256 774 3296 Requirendi,
790 3257 823 3287 &
839 3254 1022 3293 Recipiendi,

223 3296 393 3335 Caeteraque
409 3295 562 3334 Faciendi,
580 3295 769 3334 Exequendi,
786 3295 819 3326 &
836 3292 1011 3331 Expediendi
1033 3301 1096 3330 quae
1117 3292 1147 3321 in
1167 3289 1245 3320 Prae·

185 3335 275 3366 miffis
288 3336 334 3366 seu
347 3335 422 3365 circa
437 3343 468 3366 m
487 3334 639 3365 necessaria
660 3335 764 3365 fuerint
786 3333 831 3364 seu
853 3330 1072 3370 quomodolibet
1091 3337 1245 3368 oportuna,

187 3375 276 3406 etiam
286 3374 305 3404 fi
317 3373 380 3405 talia
393 3373 447 3404 fint
460 3382 525 3410 quae
541 3372 711 3404 Mandatum
725 3372 760 3402 de
771 3370 798 3401 se
816 3371 903 3410 magis
921 3371 1034 3406 exigant
1048 3367 1178 3407 speciale,

225 3412 448 3450 Promittemes,
466 3411 544 3442 bona
566 3411 636 3442 Fide
656 3414 689 3443 ὅ(
709 3412 738 3441 iti
760 3409 858 3440 Verbo
881 3408 1002 3446 Regio,
1027 3408 1096 3438 Nos
1124 3405 1250 3443 Ratum,

187 3450 370 3489 Gratum,&
387 3449 517 3480 Firmum
534 3449 676 3480 habituros
688 3458 783 3480 totum
800 3449 833 3480 &
846 3446 981 3486 quicquid
997 3456 1048 3484 per
1061 3445 1151 3489 di&os
1158 3444 1252 3475 Com-

187 3489 347 3526 miffarios,
366 3488 517 3525 Oratores,
536 3488 752 3525 Procuratores,
777 3486 935 3524 Deputatos
947 3507 958 3523 ,
982 3484 1016 3515 &
1042 3484 1178 3514 Nuncios
1197 3493 1251 3513 no-

187 3527 261 3558 stros
280 3527 391 3558 Αᾶυιτι
406 3550 417 3565 ,
431 3526 577 3565 Gestum,
593 3527 639 3557 seu
656 3527 846 3558 Procuratum
860 3524 945 3556 fuerit
963 3523 994 3554 in
1016 3522 1166 3553 Praemiffis
1180 3545 1190 3560 ,
1206 3521 1252 3552 seu

187 3565 283 3605 aliquo
298 3564 519 3595 Praemifforum.

230 3607 265 3633 ln
284 3603 361 3640 cujus
373 3604 413 3633 rei
425 3603 639 3634 Testimonium
655 3604 703 3634 has
724 3603 831 3635 Liteias
853 3601 961 3632 nostras
982 3599 1042 3630 fieri
1064 3599 1186 3631 fecimus
1201 3598 1255 3629 Pa-

188 3650 287 3673 tentes.

229 3678 319 3710 Teste
337 3677 444 3716 meipso
458 3678 531 3715 apud
546 3678 822 3718 Wstmonasterium,
838 3677 973 3709 vicesimo
986 3676 1092 3708 oetaxo
1109 3675 1168 3707 Die
1185 3674 1255 3712 Sep-

199 3719 333 3756 tembris,
351 3717 441 3748 Anno
456 3716 556 3755 Regni
569 3716 657 3748 nostri
670 3717 801 3748 Decimo
813 3717 941 3755 septimo.

854 3803 909 3832 Per
925 3799 1009 3840 ipfiam
1024 3803 1126 3839 Regem.

989 3887 1256 3920 WARtiAM.

234 3972 269 4003 In
285 3982 407 4010 quorum
423 3971 555 4003 omnium
571 3969 604 4001 &
617 3967 790 4006 singulorum
804 3963 1023 3996 Praemifforum
1037 3964 1137 3995 Fidem
1151 3966 1185 3996 &
1198 3963 1259 3995 Te-

199 4012 365 4043 stimonium
379 4011 465 4048 Nos,
483 4006 661 4040 Sacratiffimi
679 4008 756 4042 Regis
771 4007 947 4033 Romanorum
964 4002 1159 4033 Commiffarii
1181 4012 1257 4033 ante-

200 4050 287 4088 dieti,
303 4049 397 4087 Sigilla
411 4049 504 4079 nostra
523 4045 707 4078 Praesentibus
725 4041 902 4082 apposuimus
917 4065 928 4080 ,
945 4042 978 4074 &
1007 4041 1141 4074 Nomina
1166 4040 1259 4073 nostra

201 4088 339 4121 Manibus
338 4085 455 4156 pnoigris
449 4085 584 4155 Ιιίἶτορῐὶίε
595 4081 808 4122 subscripsimus.

247 4129 320 4157 Tom.
363 4148 372 4156 .
425 4147 432 4154 .
490 4147 498 4155 .

1286 189 1754 255 P'UssLicA.
2235 231 2314 269 179

1293 289 1462 335 Dataapud
1486 295 1688 340 Andwerpiam
1703 320 1713 336 ,
1740 298 1797 340 Die
1819 299 1957 331 vicesima
1980 297 2088 332 Mensis
2104 300 2200 340 Junii,
2225 303 2312 333 Anno

1257 327 1383 359 Domini
1400 330 1554 363 Milleurno
1570 334 1808 374 Qingenzelimo
1821 338 1951 369 secundo.

1314 404 1363 435 Sic
1377 404 1520 443 Signatum
1530 430 1540 445 ,

1267 748 1273 754 ο
1303 709 1389 753 Nos,
1407 710 1503 741 omnia
1517 711 1550 742 &
1565 707 1668 749 singula
1682 709 1834 754 supradicta
1849 714 1978 752 Capitula
1994 727 2026 747 ac
2042 716 2140 747 omnia
2164 717 2195 747 &
2218 717 2320 756 singula

1264 759 1293 778 iri
1309 749 1412 779 eudem
1427 759 1561 779 contenta
1575 751 1607 780 ὃς
1622 750 1794 788 specificata,
1813 751 1882 781 Rata
1917 754 2010 784 Firma
2049 757 2081 786 'ot
2106 755 2193 785 Grata
2214 756 2319 785 liaben-

1265 795 1323 830 tes‚
1341 797 1372 817 ea
1385 788 1484 830 omnia
1498 787 1530 817 &
1547 788 1586 816 lin
1608 788 1648 817 ula
1661 797 1712 823 pro
1727 788 1869 819 Termino
1884 774 1955 819 Q'irae
1968 778 2069 821 nolsrie
2079 816 2088 830 ,
2115 796 2147 822 δε
2171 803 2221 823 oro
2243 794 2319 823 Ter-

1265 834 1347 855 mino
1360 835 1441 855 unius
1457 825 1533 854 Anni
1547 831 1597 864 pol
1630 825 1755 855 Obitum
1776 826 1906 856 nostrum
1930 831 2059 866 proxime
2081 826 2215 867 sequenti³
2232 855 2241 868 ,
2262 832 2321 862 Ac-

1265 872 1409 899 ceptamus
1420 885 1430 900 ,
1449 864 1648 900 Approbamus
1683 865 1715 893 &
1732 863 1928 902 Ratificamus,
1943 875 2053 895 necnon
2068 869 2182 898 Tenore
2198 869 2323 899 Praesen-

1265 902 1338 931 tium
1365 900 1562 932 Concedimus
1584 902 1618 932 &
1639 901 1855 933 Confirmamus
1870 925 1880 941 ,
1899 902 2154 941 juramentumque
2178 908 2324 943 corporale

1266 940 1326 969 tam
1341 939 1374 968 ad
1390 939 1490 969 Sanora
1508 939 1567 970 Dei
1585 939 1843 979 Evanoeiia,quam
1861 940 1894 971 ad
1910 941 1943 971 &
1959 951 2007 980 per
2024 941 2238 974 sacrosanetum
2248 946 2325 974 Qir-

1266 987 1317 1021 pus
1335 977 1459 1008 Domini
1471 977 1559 1007 nostri
1575 977 1640 1016 Jesu
1655 963 1781 1016 (aristi,
1795 979 1872 1016 juxta
1889 979 2006 1009 modum
2024 980 2056 1010 δε
2070 979 2192 1010 formam
2209 982 2325 1012 Articu-

1266 1017 1285 1045 li
1300 1025 1348 1055 per
1361 1015 1472 1046 nostros
1485 1015 1704 1046 Commiss‘arios
1718 1016 1814 1047 nostro
1831 1017 1966 1047 Nomine
1987 1017 2115 1047 conclusi
2129 1040 2139 1054 ,
2159 1018 2325 1050 adveniente

1266 1054 1410 1084 Termino
1425 1056 1452 1083 in
1469 1055 1571 1084 eodem
1587 1055 1714 1085 Articulo
1730 1055 1872 1094 expresso,
1891 1056 2057 1086 inconcusse
2073 1064 2166 1086 tenere
2182 1058 2214 1087 δε
2233 1058 2327 1086 obser-

1268 1102 1351 1161 ἔατε,
1370 1102 1403 1122 ac
1420 1094 1456 1123 ab
1469 1093 1526 1123 aliis
1538 1094 1624 1124 teneri
1640 1094 1673 1125 δε
1687 1093 1825 1124 observari
1841 1093 1938 1124 Verbo
1951 1093 2046 1132 Regio
2070 1093 2265 1124 Promittimus
2280 1104 2329 1132 per

1295 1136 1430 1168 raelentes,

1309 1168 1341 1198 In
1359 1179 1481 1206 quorum
1505 1169 1640 1198 omnium
1669 1169 1702 1199 ὅτ
1733 1169 1907 1208 singulorum
1931 1169 2142 1201 Praemis'sorum
2172 1169 2272 1200 Fidem
2296 1171 2330 1201 &

2335 299 2411 332 Ann.
2426 301 2465 331 D.

2357 349 2367 368 1
2376 348 2439 377 502.

2337 382 2400 406 Hen.
2421 387 2447 413 7.

1270 1206 1483 1238 Testimonium
1499 1207 1551 1237 hiis
1573 1206 1758 1237 Praesentibus
1777 1208 1903 1246 Sigillum
1924 1208 2055 1238 nostrum
2082 1207 2208 1246 jussimus
2225 1218 2331 1246 appen-
2355 1213 2359 1215 ’

1271 1245 1415 1282 dendum‚
1451 1247 1484 1276 &
1499 1255 1542 1275 eas
1560 1244 1695 1275 Nomine
1709 1245 1806 1276 nostro
1821 1246 1914 1277 Manu
1931 1246 2045 1286 propria
2069 1246 2272 1283 subscripsimus
2299 1247 2334 1277 &

1270 1284 1497 1323 subsignavimus.

1308 1322 1418 1354 Datum
1435 1323 1466 1350 in
1483 1324 1606 1351 Civitate
1620 1321 1709 1360 nostra
1726 1322 1876 1362 Augusten.
1894 1322 1952 1353 Die
1967 1322 2102 1353 vicefima
2123 1322 2225 1352 0&an
2243 1322 2331 1352 Men-

1271 1361 1303 1392 sis
1318 1364 1330 1399 ‚l
1338 1361 1400 1398 ulii,
1418 1359 1506 1390 Anno
1523 1360 1645 1389 Domini
1664 1360 1820 1390 Millesimo
1839 1361 2076 1400 Quingentefimo
2096 1360 2218 1391 secundo
2235 1383 2244 1397 ,
2269 1360 2329 1390 Re·

1270 1409 1397 1437 gnorum
1410 1398 1568 1441 nostrorum
1582 1398 1751 1440 (yidelicet)
1771 1398 1899 1430 Romani
1912 1401 2028 1431 decimo
2044 1399 2167 1439 septimo
2178 1423 2189 1438 ,
2207 1399 2330 1438 Ungha-

1271 1440 1320 1469 riae
1336 1439 1405 1471 vero
1421 1436 1535 1468 decimo
1550 1444 1638 1467 tertio.

2009 1515 2169 1546 Maxr.

1947 1594 2001 1621 Per
2019 1594 2122 1631 Regem.

1978 1667 2280 1700 MARMteR:

1271 1850 1298 1877 δὲ
1322 1850 1542 1896 Acquietantia
1560 1847 1781 1880 Maximiliani
1792 1849 1993 1879 Romanorum
2012 1848 2098 1893 Regis
2108 1858 2163 1894 pro
2183 1859 2294 1882 10000
2309 1847 2334 1883 l.

1506 1900 1624 1943 receptis
1631 1907 1688 1942 pro
1707 1898 1826 1929 Guerra
1850 1905 1951 1927 contra
1971 1896 2093 1930 Turcos.

2354 1864 2461 1894 *XIII-

2347 1912 2392 1931 20.

1272 1995 1558 2052 MAximilianur,
1576 1992 1689 2024 Divina
1704 1992 1814 2024 favente
1829 1991 2006 2031 Clementia,
2020 1996 2198 2025 Romanorum
2223 1995 2252 2027 R
2265 2006 2283 2028 ε
2293 2005 2327 2035 x,
2345 2009 2420 2040 Anu,
2439 2007 2483 2040 D,

1366 2034 1426 2070 &a
1445 2033 1552 2071 semper
1565 2031 1729 2070 Augustus,
1744 2041 1777 2062 ac
1794 2031 1938 2069 Unghariae
1954 2055 1964 2070 ,
1988 2032 2139 2063 Dalmatiae
2155 2057 2164 2071 ,
2189 2038 2306 2065 Croatiae

1273 2071 1333 2108 ὠς,
1353 2072 1455 2111 REX,
1476 2071 1712 2102 ARcHrDux
1732 2070 1874 2108 Austriae,
1901 2069 1989 2100 Dux
2011 2072 2199 2110 Burgundiae,
2222 2074 2297 2102 Loth
2321 2057 2331 2074 '

2377 2057 2462 2086 ¹502·

2298 2086 2329 2102 α’
2347 2090 2398 2114 ΛΠ.
2425 2096 2468 2120 ΓΙ.

1275 2114 1385 2150 ringiae,
1400 2111 1580 2156 3Braba71tiae,
1599 2111 1687 2154 Stiriae
1700 2130 1711 2146 ,
1730 2111 1877 2147 Carintiae,
1901 2107 2051 2148 Carnoliae,
2075 2111 2254 2152 vLimburgiae,
2272 2114 2331 2141 Lu-
2348 2129 2381 2151 H.
2401 2134 2427 2157 7*

1274 2149 1428 2187 cemburgtae
1440 2172 1450 2187 ,
1473 2151 1507 2180 ὃς
1521 2148 1639 2178 Geldrrae
1653 2171 1662 2185 ‚
1688 2147 1714 2176 L
1724 2157 1741 2176 Α
1753 2154 1776 2176 N
1787 2154 1809 2176 T
1820 2156 1841 2176 G
1854 2156 1877 2176 R
1887 2156 1905 2176 Α
1916 2156 1955 2176 vr
1965 2154 1988 2175 U
2001 2156 2013 2177 s
2040 2148 2159 2186 Afitiae
2171 2171 2181 2186 ,
2199 2149 2223 2178 P
2235 2159 2255 2180 R
2269 2160 2282 2180 1
2294 2158 2333 2179 ις-
2355 2168 2391 2190 Ex
2406 2166 2464 2189 Au,

1275 2196 1368 2219 ceps
1389 2190 1520 2225 Zueviae,
1539 2186 1630 2216 Cori
1642 2195 1681 2215 ns
1700 2184 1784 2215 PAL
1796 2192 1849 2215 AT
1862 2193 1960 2214 tuus
1976 2189 2006 2215 in
2020 2186 2163 2225 Hahspurg
2177 2210 2185 2224 ‚
2204 2186 2242 2222 ὠ,
2256 2190 2335 2218 Hon-
2349 2211 2418 2238 503,-

1277 2229 1359 2264 gariae
1373 2225 1396 2256 P
1406 2235 1429 2256 R
1442 2236 1453 2256 1
1467 2233 1488 2255 N
1502 2235 1519 2255 c
1530 2234 1547 2255 i:
1557 2234 1574 2254 P
1583 2235 1595 2254 s
1612 2226 1645 2254 ὅ(
1662 2223 1690 2253 C
1699 2232 1755 2253 om
1764 2232 1783 2253 E
1793 2233 1805 2253 s
1823 2224 1985 2260 Burgundiae
1995 2247 2003 2259 ,
2012 2227 2146 2254 Hauon-1¹12
2156 2247 2164 2262 ,
2178 2224 2334 2265 flandrie,

1277 2264 1410 2301 ThiroL-s,
1428 2267 1558 2302 Goriciae,
1577 2261 1698 2301 Artefiae
1710 2284 1719 2299 ,
1738 2261 1912 2299 Hollandiae,
1930 2261 2106 2300 Zeellandm,
2126 2267 2244 2293 Ferretr‘r
2257 2287 2265 2299 ,
2284 2268 2338 2295 Ki-

1276 2303 1359 2340 burg,
1374 2305 1522 2339 Namurci,
1540 2306 1573 2333 &
1587 2300 1783 2338 Zeutphaniae,
1800 2300 1839 2330 M
1848 2309 1902 2330 AR
1912 2308 1961 2329 CH
1973 2310 1985 2329 1
1995 2311 2015 2330 o
2031 2304 2105 2330 Sacri
2119 2304 2233 2332 Romani
2249 2306 2336 2341 Impe-

1276 2345 1311 2371 rii
1321 2344 1401 2380 super
1415 2340 1542 2379 Anaficm
1557 2338 1595 2374 ό·
1610 2341 1807 2375 Bourgauviae,
1827 2337 1885 2368 Do
1893 2346 1917 2367 M
1931 2348 1943 2368 1
1954 2346 2028 2368 Nus
2044 2339 2152 2379 Frfiae,
2172 2344 2337 2381 Marceinaeg

1276 2381 1444 2418 Slavonicae,
1461 2377 1632 2415 stlechliniae,
1650 2376 1853 2416 Porwfhaom's,
1869 2376 2040 2414 Salinarum,
2057 2378 2189 2408 universis
2203 2379 2336 2419 &fingu-

1277 2420 1326 2458 lis,
1342 2420 1377 2449 ad
1391 2427 1513 2457 quorum
1527 2416 1672 2447 Notitiam
1689 2416 1833 2453 praesentes
1848 2416 1951 2446 Literae
1972 2418 2164 2454 pervenerint,
2185 2416 2319 2449 Salutem,

1315 2457 1394 2488 Cum
1410 2458 1496 2494 Nos,
1512 2455 1610 2485 auditis
1621 2454 1893 2483 Immaniisimorum
1907 2453 2092 2492 Turcorum,
2111 2455 2237 2486 adversus
2249 2456 2336 2488 Chri-

1281 2496 1404 2527 stianum
1421 2494 1580 2532 Populum,
1596 2492 1749 2523 saeviffimis
1770 2491 1986 2522 crudelitatibus
1999 2514 2009 2530 ,
2027 2493 2224 2524 cruentiffimis
2243 2495 2341 2526 Caedi-

1279 2537 1346 2573 bus,
1365 2536 1396 2565 &
1417 2533 1615 2563 miserabilibus
1630 2530 1865 2567 Captivitatibus,
1881 2529 1915 2559 ad
1928 2530 2092 2560 eorumdem
2107 2532 2182 2562 ausus
2193 2533 2340 2571 nepharios

1280 2572 1520 2610 compescendos,
1539 2572 1573 2601 δε
1588 2569 1768 2599 Ortliodoxae
1791 2569 1868 2598 Fidei
1891 2568 1974 2598 illatas
1996 2568 2110 2605 Injurias
2134 2569 2340 2610 Vindicandas,

1281 2622 1349 2643 cum
1366 2611 1499 2641 Exercitu
1511 2609 1625 2639 Potenti
1639 2607 1781 2646 Insurgere
1798 2629 1807 2645 ,
1833 2608 1866 2638 δι’.
1888 2607 2012 2637 adversus
2032 2608 2103 2644 ipius
2122 2609 2340 2640 Truculentiffi·

1283 2660 1346 2681 mos
1358 2649 1473 2680 Turcos
1486 2647 1664 2686 personaliter
1681 2644 1817 2684 proficisci
1830 2646 2054 2684 decreverimus,
2072 2646 2106 2676 ad
2119 2645 2272 2679 Facultates
2287 2659 2341 2680 no-

1284 2689 1349 2720 stras
1367 2688 1465 2718 oculos
1478 2686 1688 2723 convertimus,

1320 2727 1374 2764 Et,
1394 2726 1529 2764 quoniam
1543 2724 1577 2754 ad
1589 2732 1693 2754 tantam
1710 2722 1778 2752 Belli
1793 2721 1904 2764 molem⁴
1916 2720 2123 2760 sustinendam,
2149 2723 2198 2754 nifi
2222 2725 2342 2758 aliorum

1284 2766 1451 2803 Principum
1464 2763 1599 2794 Praelidiis
1619 2761 1706 2801 adjuti
1729 2760 1847 2790 essemus
1864 2783 1874 2797 ,
1898 2761 1963 2796 ipsae
1986 2760 2138 2791 Facultates
2159 2762 2261 2793 nostrie
2281 2775 2342 2795 non

1284 2804 1482 2842 suppetebant,
1498 2800 1650 2831 nonnullos
1665 2798 1759 2837 Reges
1772 2800 1805 2830 ὃς
1827 2798 1971 2835 Principes
1992 2798 2166 2830 Christianos
2182 2823 2191 2837 ‚
2211 2801 2274 2831 tum
2290 2802 2345 2834 Li-

1285 2844 1348 2874 teris
1361 2842 1426 2872 tum
1439 2840 1583 2875 Nunciis‚
1599 2837 1826 2875 Requiiivimus,
1843 2844 1874 2865 ut
1887 2836 1954 2865 huic
1970 2837 2028 2865 tim
2050 2836 2163 2875 sancio,
2191 2839 2250 2868 tim
2274 2842 2341 2879 pio,

1286 2882 1320 2912 &
1335 2879 1485 2911 necessario
1501 2877 1608 2916 Operi,
1627 2876 1743 2915 Opem,
1759 2874 1919 2910 Auxilium,
1937 2875 1969 2904 δε
1983 2874 2144 2905 Subli-{ium
2167 2877 2343 2913 iniparuren-

1287 2928 1332 2950 tur

1326 2942 1438 3000 Atque,
1456 2956 1527 2985 inter
1544 2960 1661 2984 caeteros
1679 2950 1854 2982 Christianos
1869 2949 1978 2989 Reges,
1997 2950 2210 2983 Sereniffimum
2232 2955 2265 2985 &
2280 2953 2340 2984 Po-

1285 2996 1441 3028 tentissium
1455 2993 1615 3031 Principem
1630 2994 1774 3021 Henricum
1789 2988 1900 3026 A›.¹gliae
1914 2992 2008 3026 Regem
2025 3013 2034 3028 ,
2061 2990 2187 3021 Fratrem
2207 2992 2239 3023 ὃς
2257 2991 2340 3022 Con-

1285 3035 1471 3072 sanguineum
1483 3030 1611 3061 nostrum
1625 3028 1843 3064 Chariffimum,
1864 3027 2015 3064 Rogatum
2029 3029 2178 3059 habuimus
2199 3039 2230 3060 ut
2243 3052 2252 3067 ,
2267 3040 2340 3068 quo.

1287 3076 1364 3104 niam
1382 3072 1464 3102 suum
1477 3070 1611 3108 Regnum
1625 3069 1658 3098 &
1675 3067 1804 3097 Potentia
1817 3068 1853 3095 ab
1867 3066 1923 3103 ipsa
1938 3065 2033 3097 Gente
2056 3067 2225 3097 Turcorum
2240 3069 2341 3106 procul

1289 3111 1422 3149 &longe
1442 3110 1492 3139 sint
1515 3106 1668 3137 constituta
1683 3128 1692 3143 ,
1711 3105 1748 3135 sic
1769 3104 1849 3142 quod
1870 3105 1920 3133 si'oi
1940 3104 2097 3135 admodum
2124 3104 2253 3136 Difficile
2274 3107 2342 3139 effet

1287 3150 1450 3180 Exceitium
1464 3144 1638 3177 Terrestrem
1653 3153 1699 3174 aut
1723 3142 1907 3172 Maritimum
1928 3152 2022 3181 parare
2044 3144 2077 3174 δε
2101 3143 2165 3173 illuc
2186 3144 2341 3184 destinare,

1288 3190 1355 3219 huic
1372 3187 1463 3217 saltem
1479 3184 1581 3214 nostrae
1597 3182 1773 3222 Expeditioni
1783 3189 1882 3211 contra
1892 3180 2019 3211 Rabidos
2031 3181 2136 3211 Hostes
2144 3181 2244 3212 Crucis
2253 3181 2341 3214 Chri-

1289 3228 1323 3257 sti
1338 3225 1498 3256 Subsidium
1513 3222 1625 3260 aliquod
1640 3219 1799 3252 concedere
1812 3220 1845 3251 δε
1856 3219 1986 3249 conferre
2005 3219 2161 3258 dignaretur
2170 3242 2179 3257 ,

1327 3265 1407 3303 Qui,
1430 3270 1561 3299 tanquam
1583 3259 1716 3297 Princeps
1738 3259 1805 3287 vere
1828 3256 1995 3287 Catholicus
2011 3279 2021 3295 ,
2046 3259 2097 3287 hiis
2116 3259 2344 3295 nephandiffimis

1290 3303 1460 3335 Turcorum
1479 3297 1694 3330 Crudelitatibus
1707 3297 1808 3326 intime
1820 3296 2012 3333 compatiens,
2027 3295 2061 3326 ad
2083 3296 2208 3326 nostrum
2225 3297 2243 3327 s
2259 3300 2343 3330 „ciale

1291 3344 1325 3374 &
1341 3340 1473 3380 fingulare
1491 3336 1688 3373 Deliderium,
1704 3334 1829 3374 quamvis
1842 3342 1890 3371 per
1903 3333 2052 3363 nonnullos
2070 3333 2165 3372 Reges
2177 3336 2210 3366 &
2257 3338 2343 3368 rinei-

1292 3390 1340 3419 pes
1350 3380 1447 3417 saepius
1461 3375 1632 3409 &instanter
1640 3373 1798 3413 Requilitus
1813 3372 1894 3402 fuerit
1910 3380 1940 3401 ur
1953 3372 2112 3409 hujusmodi
2121 3373 2282 3405 Subsidium
2293 3386 2344 3414 per

1293 3428 1393 3450 eorum
1413 3417 1517 3448 Manus
1530 3422 1631 3444 contra
1644 3412 1714 3451 ipsos
1725 3411 1839 3441 Turcos
1850 3419 1883 3439 ex
1924 3411 2052 3440 nendum
2071 3413 2108 3440 eis
2121 3413 2291 3444 concederet
2309 3416 2345 3446 δε

1294 3459 1409 3488 donaret
1421 3463 1526 3494 ,tamen
1543 3454 1583 3483 ob
1597 3452 1677 3482 illum
1692 3450 1867 3488 praecipuum
1911 3448 1985 3478 elum
2003 3448 2036 3479 &
2052 3448 2193 3480 Amorem
2211 3461 2297 3490 quem
2310 3453 2346 3484 ad

1294 3496 1374 3528 Fidei
1383 3493 1548 3526 Christianae
1554 3491 1722 3522 Tuitionem
1736 3490 1823 3527 gerit,
1841 3488 1938 3524 obque
1951 3487 2026 3530 illam
2039 3486 2186 3526 Sanguinis
2196 3489 2345 3521 neceffitu-

1294 3535 1407 3572 dinem,
1423 3541 1550 3563 mutuam
1566 3529 1745 3565 Amicitiam,
1770 3525 2056 3556 Confoederationem
2070 3550 2080 3563 ,
2098 3528 2131 3557 δε
2150 3527 2284 3558 intimum
2307 3529 2348 3558 Α.

1296 3582 1425 3609 morem,
1444 3571 1544 3609 quibus
1558 3569 1684 3598 invicem
1698 3564 1915 3601 connestimur,
1934 3572 1965 3593 ut
1978 3573 2013 3594 eo
2034 3564 2134 3595 melius
2156 3565 2189 3596 &
2210 3575 2345 3596 commo-

1296 3613 1357 3642 dius
1370 3612 1443 3642 hanc
1457 3608 1578 3639 ranetam
1593 3607 1625 3636 &
1643 3601 1821 3634 necessariam
1847 3602 2064 3638 Expeditionem
2079 3626 2087 3640 ‚
2107 3612 2204 3634 contra
2225 3604 2347 3642 perfido,-

1296 3651 1412 3681 Turcos
1426 3657 1476 3686 per
1490 3646 1557 3676 Nos
1569 3641 1731 3675 sumendam
1742 3663 1751 3678 ‚
1767 3641 1801 3671 ad
1821 3640 1952 3671 debitum
1972 3640 2107 3672 effectum
2129 3640 2266 3671 deducere
2285 3642 2349 3679 pos-

1297 3691 1405 3725 semus,
1423 3687 1570 3716 Summam
1586 3685 1683 3712 Decem
1700 3678 1821 3709 Milli'um
1835 3679 1983 3709 Librarum
2004 3679 2193 3717 Sterlingorum
2209 3701 2220 3716 ,
2237 3680 2266 3708 in
2280 3690 2348 3710 mn-

1296 3729 1363 3759 dem
1377 3725 1507 3757 Sanctam
1523 3720 1741 3758 Expeditionem
1757 3728 1806 3756 pet
1817 3716 1886 3747 Nos
1908 3717 2105 3755 exponendam
2125 3718 2158 3749 ὃς
2178 3725 2349 3750 converten-

1297 3767 1380 3801 dam,
1397 3759 1531 3794 concess'it
1549 3760 1580 3790 δε
1597 3759 1704 3796 largitus
1713 3756 1770 3793 est,

1336 3804 1436 3841 Qiam
1452 3799 1566 3838 quidem
1579 3796 1729 3827 Summam
1743 3796 1777 3826 &
1793 3794 1947 3833 quamlibet
1962 3795 2020 3832 ejus
2035 3794 2146 3825 Partem
2156 3791 2276 3824 fatemur
2282 3795 2350 3826 Nos

1297 3854 1313 3875 a
1328 3840 1476 3879 Deputatis
1483 3836 1594 3875 praefati
1608 3837 1685 3871 Regis
1703 3833 1814 3869 Angliae
1826 3833 1994 3871 integraliter
2008 3830 2172 3873 Recepiffe,
2191 3831 2225 3860 &
2244 3832 2279 3862 de
2295 3842 2351 3871 qua

1299 3891 1348 3920 per
1361 3878 1512 3909 Praescntes
1527 3874 1708 3904 Declaramus
1723 3871 1821 3902 Nobis
1835 3871 1953 3909 plenarie
1968 3869 2024 3899 esse
2042 3869 2216 3900 misfactum.

1336 3919 1371 3950 In
1384 3918 1460 3954 cujus
1474 3913 1529 3943 Rei
1542 3910 1756 3942 Testimonium
1770 3911 1822 3940 hiis
1838 3909 2031 3946 Prae-sentibus,
2049 3906 2142 3938 Manu
2154 3906 2269 3945 propria
2284 3907 2348 3939 sub-

1301 3957 1423 3995 scriptis,
1440 3951 1574 3990 Sigillum
1587 3949 1716 3979 nostrum
1730 3949 1835 3987 apponi
1849 3948 1974 3978 fecimus.

1341 4033 1452 4064 Datum
1468 4030 1496 4059 in
1509 4030 1633 4058 civitate
1645 4025 1734 4065 nostra
1749 4023 1898 4063 Augusten.
1915 4022 1975 4053 Die
1991 4021 2132 4053 Vicesimi'i
2145 4022 2249 4054 οᾶινᾶ
2265 4021 2370 4053 Men--

1305 4071 1338 4105 fis
1350 4072 1436 4111 juni,
1455 4068 1542 4101 Anno
1557 4065 1683 4099 Domini
1698 4063 1852 4132 Millefimzo
1867 4061 2112 4131 2Quingentesirno
2131 4061 2355 4139 secundgnbrlffizxi
