2555 4266
758 208 869 253 ET
956 205 1226 254 ACTA

1307 179 1787 250 PusstteA.
2290 211 2341 261 89

20 284 154 320 AumDi
174 297 279 331 Castro
304 300 338 331 &
363 296 486 328 Penteth
509 297 538 327 in
564 294 663 336 Anglia
687 298 779 328 versus
801 298 931 330 Scotiam
946 306 979 329 ex
992 306 1068 338 parte
1081 305 1154 334 una,
1173 292 1236 326 &³
1273 289 1308 321 ad
1338 284 1557 335 Rsspffl‘qndssm2
1584 291 1833 337 Refi)fmassd}¹m›
1859 293 1893 324 &
1921 292 2158 338 Emendandum,
2181 292 2335 335 Repafari>
2357 289 2487 324 ‘hm-D*

48 332 138 364 1459.
176 339 257 369 Villis
271 338 307 368 de
323 336 492 372 Edfinbufgh
509 337 542 367 &
556 335 696 367 Dumfres
710 337 800 368 versus
816 338 952 376 Angliam
970 336 1158 367 Inhabitantes
1174 333 1244 363 Par-
1283 328 1447 358 Reformari
1458 352 1467 366 ,
1485 331 1517 360 ὃς
1541 330 1695 361 Emendarr
1717 331 1880 361 faciendum
1893 334 2156 376 omnia'Darnpna,
2176 335 2207 365 &
2222 337 2335 366 Attem-
2376 338 2464 371 1459,

1279 374 1369 404 ptata,
1387 366 1593 405 Exceffusque,
1612 369 1683 399 faeta
1704 370 1737 400 &
1761 378 1930 407 perpetrata,
1948 370 2071 402 facienda
2094 375 2126 403 ὃ(
2141 374 2338 411 perpetranda,
2355 375 2417 400 ΗΜ-
2436 371 2465 399 6³

20 368 84 395 Heu.
99 366 126 392 6.

26 1733 50 1755 ὓ
66 1733 121 1762 x1.

27 1782 94 1810 434,-

171 386 200 409 te
221 377 257 407 ab
276 376 377 412 altera,
393 373 427 404 ad
450 374 632 405 Sacrosantsta
658 375 714 405 Dei
739 376 907 415 Evangelia,
926 385 1027 405 coram
1046 374 1085 404 eis
1099 373 1186 412 posita
1200 370 1233 400 &

169 414 354 454 corporaliter
373 423 421 450 per
434 412 548 443 eosdem
570 414 604 443 ὃς
617 423 717 444 eorum
733 416 887 453 quemlibet
900 414 970 442 taeta
980 435 988 450 ,
1005 412 1137 449 jurabunt
1153 407 1233 453 quod

167 454 316 495 praesentes
336 451 464 490 Treugas
484 452 512 481 in
539 453 674 482 omnibus
697 454 730 484 δε
754 452 864 490 fingulis
888 450 1025 487 Capitulis
1045 450 1082 492 ¹&
1100 446 1234 491 Articulis

167 491 354 527 eorumdem,
374 489 450 519 bona
472 489 543 527 fide,
562 490 664 528 absque
675 490 761 527 dolo,
782 490 896 526 fraude,
918 488 1029 518 malove
1043 495 1157 525 ingenio
1172 493 1234 527 qut-

165 529 359 567 buscumque,
376 528 581 566 observabunt,
598 530 630 559 δε
643 538 693 566 per
707 529 792 565 alios,
807 534 944 566 quantum
963 526 991 555 in
1012 527 1052 556 eis
1066 525 1123 562 est,
1140 524 1235 553 obier-

166 569 226 599 vari
248 568 371 604 facient,
389 568 422 597 &
443 566 540 606 quod,
559 567 638 596 nullo
661 575 785 603 unquam
809 574 939 603 ternpore
956 564 1109 605 durationis
1121 571 1233 594 carum-

167 607 235 637 dem
260 606 460 644 Treugarum,
476 615 527 642 per
550 605 593 641 st,
609 604 653 634 vel
677 604 764 640 alios,
781 603 855 633 clim
876 602 921 633 vel
936 603 1044 641 palam,
1063 603 1171 633 direffle
1187 599 1232 630 vel

167 645 327 683 indirecte,
346 654 389 675 eas
411 646 440 674 in
455 644 543 681 aliqua
557 643 597 672 sui
611 650 687 679 parte
704 642 863 679 violabunt,
885 651 939 672 nec
955 642 1053 672 violari
1070 641 1173 672 faciant
1187 650 1233 672 aut

170 684 334 722 permittant
348 684 476 721 quatinus
490 689 621 720 poterunt
635 679 835 718 quovismodo:

210 722 303 761 Qod
327 721 444 759 quidem
463 719 663 756 juramentum
686 719 821 748 omnium
835 718 868 749 δε
889 718 1066 755 fingulorum
1079 718 1235 756 praedicizo-

170 769 237 791 rum
259 760 320 790 fieri
334 759 436 796 debet,
454 758 568 796 publice
581 758 614 788 δε
631 756 828 795 solempniter,
848 759 917 788 citra
933 757 1064 796 Triginta
1085 757 1156 788 Dies
1169 767 1232 796 pro—

171 800 254 829 ximo
271 799 412 837 sequentes
424 794 488 833 post
502 795 607 825 Datam
623 794 805 825 Praesentium
818 798 956 827 continue
969 796 1174 835 numerandos,

211 836 421 868 Gardianorum
443 835 513 863 vero
539 832 739 864 Marchiarum
762 834 874 873 Angliae
898 836 927 865 in
944 836 1073 866 manibus
1089 833 1237 865 Excellen-

172 875 272 906 tiffimi
293 873 432 911 Principis
450 870 565 908 Angliae
588 870 626 906 ὠ
649 875 770 901 Franciae
790 875 886 912 Regis,
904 873 949 904 vel
966 873 1236 905 Commiffiriorum

170 914 289 945 suorum
304 912 337 942 ad
354 912 411 941 hoc
427 910 578 948 specialiter
593 909 823 947 deputandorum
833 935 841 950 ‚

211 951 248 982 Et
265 950 477 981 Gardianorum
502 947 699 978 Marchiarum
719 949 825 980 Scotiae
851 951 881 980 in
905 950 1040 982 Manibus
1061 950 1237 981 illustrissimi

171 990 310 1027 Principis
323 991 457 1017 Scotorum
469 989 564 1026 Regis,
577 996 623 1018 aut
637 986 911 1020 Commiffariorum
925 989 1040 1020 suorum
1055 990 1090 1020 ad
1105 990 1162 1020 hoc
1177 989 1238 1028 spe-

172 1028 277 1060 cialiter
289 1026 515 1064 deputandorum
524 1048 533 1061 ⁷

207 1065 392 1097 Notabilium
411 1066 482 1095 veto
499 1064 635 1095 Virorum
653 1065 794 1105 utriusque
807 1065 896 1099 Partis
909 1067 1053 1106 praeditstae
1067 1068 1096 1097 in
1112 1065 1240 1096 manibus

171 1104 384 1136 Gardianorum
401 1102 598 1133 Marchiarum
613 1104 795 1142 eorumdem,

173 1183 180 1189 ι
209 1143 401 1213 ίληὲὶιίςοωῐῃ
422 1142 590 1181 (videlicet)
611 1143 640 1172 in
663 1142 799 1174 Manibus
812 1142 1024 1175 Gardianorum
1043 1143 1239 1174 Marchiarum

171 1193 201 1213 1n
246 1191 283 1212 nv
294 1192 335 1220 ia,

209 1206 366 1251 Scossorum
380 1221 408 1250 in
426 1218 561 1250 Manibus
575 1218 788 1251 Gardianorum
806 1219 1002 1250 Marchiarum
1017 1219 1125 1250 Scotite
1141 1229 1147 1249 :

209 1259 345 1290 Nomina
367 1267 462 1289 autem
481 1268 597 1296 eorum,
616 1260 664 1296 qui
688 1259 726 1289 sic
746 1260 917 1297 juraverint,
937 1258 1007 1288 infra
1024 1258 1159 1289 Mensem
1174 1257 1239 1296 post

171 1297 383 1337 praestationem
395 1293 520 1336 ejusdem
531 1297 704 1335 Juramenti,
723 1297 955 1328 certificabuntur
967 1297 1131 1328 alterutrum
1145 1306 1241 1326 auten-

172 1338 232 1367 tice
252 1335 401 1367 Gardianis
425 1335 535 1372 singulis
556 1334 751 1366 Marchiarum
777 1337 994 1373 praedicstarum,
1017 1344 1048 1365 ut
1072 1335 1145 1373 apud
1167 1336 1240 1373 ipsos

177 1375 300 1412 fingulos
318 1374 454 1405 Nomina
469 1373 507 1403 fic
516 1372 676 1410 Jurantium
692 1373 786 1404 haberi
800 1375 909 1406 valeant
926 1376 962 1405 de
978 1374 1129 1405 Recordo.

214 1413 342 1451 ITEM,
361 1413 441 1442 fimili
464 1411 572 1449 mod0,
592 1411 814 1444 Concordatum
833 1413 875 1443 est
893 1414 925 1444 δε
949 1413 1130 1444 Conclusum
1145 1415 1242 1452 quod,

174 1460 292 1490 utraque
304 1452 433 1481 Partium
448 1450 591 1480 Publicari
605 1451 639 1481 &
656 1450 809 1482 Notificari
823 1451 905 1481 faciat
920 1452 1008 1482 dicias
1020 1451 1148 1490 Treugas
1164 1451 1238 1483 Sub-

173 1491 238 1520 ditis
259 1489 330 1527 suis,
347 1489 421 1519 infra
445 1487 576 1527 Triginta
597 1488 669 1520 Dies
691 1491 825 1530 proximo
847 1490 912 1529 post
933 1491 1041 1522 Datam
1056 1492 1242 1523 Praesentium

174 1529 298 1559 {imiliter
314 1527 452 1558 continue
462 1527 659 1558 numerandos.

213 1602 435 1635 conservatores
447 1606 524 1635 'vero
546 1603 744 1643 Treugarum,
769 1614 822 1643 pro
844 1605 926 1637 ἀῑᾶο
950 1606 1190 1639 Excellentiffimo
1208 1609 1242 1640 &

177 1641 417 1674 Christianiffimo
439 1641 572 1679 Principe
593 1643 708 1680 Angliae
724 1642 763 1679 (θ’
781 1649 903 1675 Franciae
925 1649 994 1684 Rege
1007 1669 1016 1684 ‚
1043 1646 1156 1684 eiusque
1180 1647 1242 1677 Re-

176 1682 238 1722 gnis
253 1705 262 1719 ,
283 1680 399 1717 Terris,
423 1679 588 1718 Dominiis,
614 1681 717 1719 Locis,
742 1693 775 1713 ac
801 1683 932 1715 Personis
956 1685 1181 1725 quibuscumque
1205 1687 1244 1718 eis

175 1726 193 1739 '²
209 1719 352 1757 Subditis,
370 1719 430 1750 tam
445 1729 494 1758 per
507 1719 646 1760 Terram,
667 1722 753 1760 quam
769 1731 818 1762 per
837 1722 920 1755 Mare
933 1733 1034 1762 erunt,

228 1795 392 1836 Humfridus
404 1800 474 1826 Dux
489 1798 722 1838 Bukynghamiae,

229 1836 376 1876 Johannes
391 1838 461 1865 Dux
479 1836 655 1876 Norffiilciae,

227 1875 360 1905 Ricardus
378 1878 468 1904 Comes
485 1877 600 1914 Sarum,

225 1915 359 1945 Henricus
377 1917 468 1942 Comes
485 1914 710 1955 Northumbriae,

227 1952 374 1993 Johannes
388 1955 478 1981 comes
495 1955 626 1991 Oxoniae,

258 1991 376 2020 ohannes
392 1994 483 2020 Comes
501 1991 630 2030 Salopiae,

255 2029 372 2059 ohannes
390 2031 418 2058 V
419 2031 538 2059 icecomes
558 2033 730 2070 Beaumont,

231 2070 368 2099 Henricus
381 2070 408 2095 V
409 2070 527 2097 icecomes
541 2068 727 2108 Burghchier,

228 2105 345 2137 Thomas
362 2108 494 2135 Dominus
512 2106 544 2135 de
563 2106 700 2146 clyfford,

232 2143 390 2182 Radulphus
407 2146 540 2174 Dominus
557 2145 590 2174 de
606 2146 754 2188 Graystok,

230 2183 347 2214 :thomas
358 2186 491 2212 Dominus
505 2186 572 2212 Fitz
586 2185 667 2222 Heu,

232 2221 350 2253 Thomas
367 2224 500 2251 Dominus
516 2221 549 2251 de
567 2225 677 2261 Dacre,

190 2284 191 2287 ,
232 2260 349 2292 :thomas
366 2259 499 2298 Neville,

233 2297 392 2336 Radulphus
405 2300 482 2337 Gray
490 2321 500 2337 ,

232 2336 357 2407 Zacobus
370 2340 566 2379 Strangways,

265 2380 367 2406 enricus
382 2376 501 2416 Fenwyk
508 2398 519 2414 ,

228 2414 362 2446 Robertus
377 2413 461 2453 Ogle‚

230 2453 345 2484 :thomas
361 2455 542 2493 Haryngton,

230 2491 349 2523 Thomas
366 2491 498 2530 Lumley,
586 2519 591 2526 ,

232 2530 366 2563 Ricardus
382 2531 552 2568 Musgraw,

233 2568 384 2608 Johannes
402 2571 513 2607 Heron,

231 2607 350 2638 Thomas
364 2607 396 2637 de
409 2606 438 2636 la
457 2610 556 2643 More,

232 2645 365 2676 Robertus
382 2649 521 2683 Manars,

234 2683 273 2715 Et
292 2693 379 2713 omnes
398 2681 554 2714 Admiralli
575 2681 720 2722 Marium,
737 2682 771 2715 δε
791 2682 915 2723 Custodes
928 2685 1119 2718 Marchiarum
1134 2686 1249 2726 Angliae

200 2722 294 2764 versus
311 2725 446 2764 Scotiam,

234 2798 296 2832 Pro
312 2798 502 2831 Illusttiffimo
517 2797 653 2838 Principe
669 2803 804 2830 Scotorum
822 2801 892 2838 Rege
910 2809 992 2832 erunt
1003 2823 1012 2838 ‚

237 2876 385 2917 Johannes
404 2879 494 2907 Comes
512 2873 656 2916 Atholiae,

238 2915 388 2955 Johannes
406 2918 496 2945 Comes
512 2915 597 2954 Ross,

237 2956 365 2992 Georgius
383 2957 471 2984 Comes
487 2953 617 2993 Angufiae
627 2975 636 2991 ,

234 2992 403 3025 Alexander
421 2996 511 3022 comes
528 2992 561 3020 de
577 2990 714 3032 Huntley,

240 3030 406 3062 Willielmus
421 3034 509 3060 Comes
528 3030 672 3060 Cathaniae
682 3053 691 3067 ,

239 3069 387 3108 Johannes
401 3073 534 3100 Dominus
549 3067 718 3107 Somerwell,

238 3107 370 3138 Robertus
389 3111 524 3138 Dominus
539 3106 698 3145 Maxwell,

239 3145 407 3177 Alexander
424 3149 559 3176 Dominus
576 3149 781 3184 Montgomery‚

240 3186 375 3216 Andreas
390 3187 523 3214 Dominus
537 3184 570 3214 de
585 3184 780 3221 Anandailia‚

242 3225 380 3253 Patricius
397 3225 530 3252 Dominus
544 3223 578 3252 de
594 3222 698 3261 Halys,

246 3261 379 3292 Andreas
392 3263 525 3291 Dominus
541 3262 566 3290 le
580 3264 669 3302 Gray,

246 3299 413 3330 Alexander
432 3302 460 3329 V
459 3303 576 3329 icecomes
595 3297 741 3339 Angusta,

240 3337 426 3369 Archibaldus
444 3340 591 3367 vicecomes
610 3338 641 3367 de
657 3334 820 3375 Rexburgh,

242 3375 408 3406 Alexander
425 3378 531 3414 Hume,

247 3412 386 3444 Walterus
403 3418 480 3453 Scot,

241 3454 332 3482 Simon
348 3452 556 3494 Glendynnyng,

248 3489 381 3520 Robertus
396 3491 542 3530 erechton,
560 3492 733 3524 Vicecomes
753 3490 792 3523 de
807 3489 843 3522 N
846 3490 987 3531 ithisdale3

245 3530 290 3558 W
289 3526 410 3557 illielmus
427 3530 570 3570 Crauston,

243 3567 344 3598 David
363 3568 468 3605 Hume,

244 3604 354 3636 Milites
374 3614 380 3633 ε

243 3643 356 3674 Thomes
370 3642 500 3681 Crauslon
517 3644 554 3676 de
569 3645 690 3685 eodem,

246 3682 368 3722 Jacobus
384 3679 510 3720 Ruyford
524 3683 560 3713 de
577 3685 679 3714 eodem
689 3707 700 3722 ,

247 3721 394 3762 Johannes
411 3719 548 3758 Johnston
565 3721 602 3752 de
616 3722 720 3753 eodem
730 3742 740 3757 ,

244 3760 380 3790 Andreas
395 3761 452 3788 Ker
469 3758 504 3789 de
522 3757 642 3790 Cesfotd
653 3782 663 3796 ,

248 3802 378 3835 Georgius
393 3796 519 3836 Ormston
536 3796 572 3826 de
591 3796 695 3826 eodem
708 3818 719 3834 ,

247 3836 368 3868 Karolus
387 3833 515 3874 Murrefe
531 3835 567 3866 de
585 3834 738 3873 Kokpole,

250 3878 295 3905 W
294 3875 417 3905 illielmus
435 3872 540 3904 Carlele
557 3874 594 3903 de
611 3871 850 3910 Torthorwalde,
867 3872 1012 3910 Scutiferi..

249 3912 290 3944 Et
307 3924 394 3943 omnes
411 3911 567 3943 Admiralli
581 3910 712 3942 Marium
726 3910 760 3941 &
776 3909 898 3949 Custodes
912 3912 1105 3944 Marchiarum
1120 3913 1153 3945 de
1167 3917 1258 3946 Scotia

211 3950 343 3990 adverfics
362 3951 515 3991 Angliam5

239 4028 304 4066 Qii
326 4037 426 4063 ornnes
447 4031 481 4062 &
505 4028 620 4068 singuli,
637 4036 670 4057 ex
685 4035 802 4064 utraque
822 4024 903 4069 Parte
915 4025 1134 4069 supranominati
1146 4029 1215 4060 hinc
1227 4030 1260 4061 &

200 4067 287 4104 inde,
305 4066 449 4098 habebunt
471 4068 589 4106 plenam
612 4066 804 4101 Potestatem,
823 4063 873 4094 soh
886 4065 919 4094 &
933 4074 963 4095 in
977 4067 1120 4106 solidum,
1135 4078 1168 4098 ac
1188 4068 1265 4099 Gar—

201 4105 504 4175 di3221&VAcIl'miIr}lli
521 4107 553 4139 in
575 4105 665 4140 Locis
683 4103 833 4138 Custodiae
851 4103 886 4137 &
906 4101 1116 4138 Admirauitatis
1135 4106 1263 4146 suatum,

1278 412 1380 434 contra
1400 405 1551 435 Tenorem
1573 407 1716 437 dietarum
1738 407 1935 446 Treugarum,
1953 408 1985 437 &
2000 409 2033 438 ad
2053 410 2232 441 Puniendum
2247 412 2340 442 Male-

1278 441 1401 511 lfaciliores
1423 452 1525 473 omnes
1546 444 1579 474 δε
1595 444 1716 483 ungulos
1729 444 1886 477 secundum
1901 444 2024 476 Causam
2039 448 2070 476 &
2084 447 2261 487 Exigentiam
2277 450 2340 481 De⁴

1289 490 1315 510 ie
1330 490 1425 511 orum.

1315 556 1445 589 Tenores
1462 560 1532 587 vero
1554 557 1734 589 Potestatum
1758 559 1812 597 (de
1835 559 1934 597 quibus
1956 560 2034 599 supra
2049 559 2078 590 fit
2095 564 2223 600 mentio)
2241 565 2338 596 secun=

1277 604 1339 635 tur,
1359 598 1392 628 ὃς
1407 596 1470 627 sunt
1485 596 1569 635 tales,

1315 675 1466 712 Henricus,
1487 673 1546 703 Dei
1569 672 1675 712 gratia,
1698 677 1759 703 Rex
1782 673 1895 709 Angliae
1918 674 1956 707 ὠ
1982 677 2124 713 Franciae,
2150 675 2187 710 ῤ’
2208 680 2338 709 Dominus

1277 713 1436 751 Hiberniae,
1450 713 1604 752 omnibus,
1622 713 1655 743 ad
1679 722 1751 749 quos
1769 713 1914 751 praesentes
1932 713 2035 743 Literae
2052 715 2245 754 pervenerint,
2262 718 2341 749 Salu-

1277 758 1349 781 tem.

1316 789 1416 820 Sciatis
1430 789 1527 827 quod,
1545 789 1582 819 de
1593 789 1765 820 avisamento
1783 790 1816 819 &
1830 788 1935 819 affensu
1952 788 2077 819 Concilii
2093 789 2196 828 nostri,
2217 790 2343 831 Affigna-

1278 829 1391 865 vimus,
1408 827 1636 866 Deputavimus,
1654 829 1687 859 ὃς
1703 828 1915 858 Constituimus
1932 827 2127 857 Venerabilem
2141 828 2251 859 Patrem
2267 834 2343 859 Lau⁴

1279 870 1396 896 rentium
1414 866 1507 905 Epifio
1525 877 1569 896 um
1593 866 1800 904 Dunolmensbm
1820 866 1984 897 Custodem
2008 866 2111 898 Privati
2134 867 2224 903 Sigilli
2242 869 2345 905 nostri,

1280 915 1315 935 ac
1339 904 1479 935 dilestum
1532 904 1754 935 onsanouineum
1777 905 1905 935 nostrum
1928 904 2087 943 Johannem
2111 909 2292 935 Vtcecomitem
2313 909 2345 936 de

1282 946 1435 973 Beaumont
1450 942 1595 982 Magnum
1612 930 1805 974 Camerarium
1823 944 1954 974 nostrum
1968 944 2094 981 Anglie,
2112 954 2243 983 necnon,
2264 945 2346 975 Dile-

1284 982 1348 1012 etos
1371 982 1405 1012 &
1431 981 1539 1012 Fideles
1565 982 1695 1020 nostros,
1716 982 1890 1020 Magistrum
1914 981 2076 1012 Richter-dum
2091 983 2237 1012 Andrewe
2252 983 2348 1013 Deca-

1285 1029 1356 1050 num
1379 1020 1514 1050 Ecclesiae
1531 1019 1706 1051 Cathedralis
1721 1022 1793 1051 beati
1807 1020 1885 1052 Petri
1899 1021 2043 1057 Eborum,
2061 1021 2220 1059 Johannem
2234 1022 2348 1051 Nee-ille

1286 1058 1412 1088 Fratrem
1427 1061 1536 1088 Comitis
1553 1059 1781 1097 Wstmerlandfae
1794 1058 1939 1097 Militem,
1949 1059 2083 1098 Jacohum
2098 1063 2270 1099 Strangweys
2286 1061 2349 1090 :ilia

1285 1096 1385 1136 litem,
1409 1097 1568 1135 Johannem
1592 1100 1687 1128 Heron
1705 1099 1740 1129 de
1758 1097 1849 1128 Forde
1866 1097 2014 1136 Militem,
2033 1098 2203 1136 Magistrum
2218 1099 2349 1128 Thon-mm

1285 1136 1381 1173 Kent,
1397 1136 1429 1165 &
1446 1136 1621 1174 Magistrum
1633 1136 1793 1175 Johannem
1808 1135 1959 1176 Lillefhrd,
1977 1137 2088 1175 Legum
2107 1137 2266 1175 Doctores,
2279 1138 2351 1175 Sep-

1285 1181 1365 1211 tem,
1383 1173 1455 1211 Sex,
1473 1174 1612 1212 Quinque
1623 1198 1631 1211 ,
1649 1176 1682 1206 &
1707 1175 1841 1214 Quatuor
1857 1184 1959 1205 eorum
1979 1177 2121 1213 (quorum
2139 1176 2260 1213 aliquem
2276 1186 2349 1215 prae-

1285 1212 1447 1248 dierorum,
1463 1214 1599 1251 Episcopi,
1618 1216 1786 1243 Vicecomitis
1811 1214 1845 1244 ὃς
1868 1216 1991 1252 Decani,
2009 1224 2099 1244 unum
2123 1214 2180 1244 esse
2201 1215 2351 1251 volumus)

1286 1249 1505 1280 Commissarios
1520 1250 1629 1281 nostros
1642 1252 1769 1291 speciales
1778 1275 1787 1290 ,

1328 1288 1376 1319 Ad
1400 1288 1667 1327 conveniendum,
1694 1290 1827 1321 Nomine
1849 1291 1965 1329 nostro,
1990 1298 2061 1321 cum
2083 1290 2351 1330 Ambaffiatoribus,

1288 1325 1516 1369 Commissarijs,
1536 1328 1590 1358 live
1613 1328 1739 1359 Nunciis
1758 1329 1860 1367 Jacobi
1885 1333 1962 1367 Regis
1983 1332 2115 1360 Scotorum
2140 1329 2353 1369 consanguinei

1287 1366 1377 1396 nostri
1392 1365 1525 1407 carissimi
1536 1389 1544 1402 ,
1562 1365 1746 1396 sufficientem
1764 1368 1936 1398 potestatem
1953 1368 1986 1398 ad
2005 1369 2061 1397 boc
2078 1369 2262 1406 habentibus,

1327 1403 1365 1434 Et
1377 1414 1445 1434 cum
1459 1404 1579 1443 eildem,
1595 1404 1630 1434 de
1645 1405 1677 1435 ὃς
1693 1406 1770 1443 super
1783 1407 1904 1444 Treugis
1916 1407 1948 1436 δε
1965 1406 2140 1437 Guetrarum
2157 1407 2353 1445 Abstinentiis,

1288 1444 1347 1473 tam
1373 1452 1421 1481 per
1441 1442 1586 1481 Terram,
1602 1444 1687 1481 quam
1710 1454 1759 1481 per
1782 1444 1882 1481 Mare,
1902 1446 1973 1474 inter
1989 1445 2057 1475 Nos
2074 1447 2107 1477 &
2119 1444 2268 1486 praefatum
2284 1449 2354 1475 Con·

1279 1480 1458 1520 fhnguineum
1471 1481 1605 1520 nostrum,
1625 1492 1676 1519 pro
1694 1481 1807 1520 Nobis,
1827 1483 1859 1513 δε
1873 1482 2086 1514 Succefforibus
2101 1486 2200 1514 nostris
2211 1507 2218 1521 ,
2231 1485 2354 1523 Regnis,

1288 1520 1401 1558 Terris²
1421 1520 1580 1558 Dominiis,
1601 1521 1632 1550 ὃς
1655 1521 1778 1551 Subditis
1795 1521 1912 1559 nostris,
1932 1522 1964 1551 &
1982 1523 2120 1560 utriusque
2135 1522 2283 1560 nostrum,
2302 1523 2353 1553 sub

1289 1558 1405 1594 Modo,
1425 1558 1547 1597 Forma,
1565 1560 1597 1589 &
1619 1558 1856 1596 Conditionibus,
1877 1561 1909 1589 ’ἐξ
1929 1560 1962 1589 ad
1981 1560 2127 1598 Tempus,
2142 1562 2176 1591 de
2190 1562 2291 1600 quibus
2310 1563 2355 1591 in-

1289 1605 1331 1628 ter
1353 1597 1446 1628 dietos
1469 1597 1707 1635 Ambaffiarores,
1724 1597 1962 1636 Commiffarios,
1981 1598 2036 1628 sive
2062 1600 2215 1638 Nuncios,
2233 1609 2264 1630 ac
2282 1610 2353 1636 prze-

1289 1636 1385 1667 fatos*
1399 1634 1511 1666 nostros
1525 1635 1741 1667 Commissarios
1753 1638 1901 1667 conveniri
1912 1646 1945 1666 ac
1953 1638 2122 1667 concordari
2131 1640 2231 1675 poterit
2241 1662 2249 1673 ,
2259 1638 2354 1669 Com-

1290 1674 1520 1744 gnuniicandum,
1544 1674 1713 1713 Iniendum,
1737 1674 2005 1713 Concordandum,
2030 1676 2062 1706 δε
2086 1676 2202 1707 finaliter
2224 1675 2355 1707 Conclu-

1311 1724 1345 1744 en
1370 1724 1439 1751 um,

1328 1751 1495 1790 Caeteraque
1509 1753 1606 1782 omnia
1622 1752 1655 1783 ὅ(
1674 1753 1778 1791 fingula
1792 1752 1981 1789 Faciendum,
1999 1752 2234 1791 Expediendum,
2252 1754 2285 1784 ὃς
2300 1753 2358 1784 Ex-

1291 1792 1467 1822 cercendum
1478 1801 1543 1828 quae
1553 1792 1581 1820 in
1598 1790 1748 1822 Praemiffis
1765 1793 1798 1822 δε
1813 1794 1887 1822 circa
1899 1801 1930 1820 ea
1945 1791 2095 1822 necesshria
2112 1791 2214 1823 fuerint
2228 1793 2359 1832 &opor-

1292 1838 1377 1868 tuna,
1395 1831 1480 1860 etiam
1496 1830 1515 1859 ii
1529 1830 1700 1860 Mandatum
1715 1830 1823 1868 exigant
1840 1832 1928 1868 magis
1940 1829 2075 1868 speciale,

1330 1868 1548 1906 PromittenteS,
1566 1869 1596 1898 in
1617 1867 1716 1898 Verbo
1733 1868 1845 1908 Regio,
1864 1869 1931 1898 Nos
1949 1868 2056 1898 Rarum
2066 1892 2076 1907 ,
2094 1868 2234 1907 Gratum,
2252 1870 2285 1900 ὃς
2296 1869 2357 1900 Fir-

1293 1916 1375 1937 mum
1397 1907 1542 1937 habituros
1562 1914 1656 1937 totum
1680 1907 1713 1937 &
1734 1908 1868 1945 quicquid
1887 1917 1935 1943 per
1955 1908 2048 1937 dictos
2071 1907 2288 1938 Commissarios
2302 1919 2357 1939 no-

1293 1945 1384 1984 stros,
1403 1945 1530 1984 Septem,
1552 1944 1623 1983 Sex,
1642 1946 1798 1984 Quinque,
1818 1947 1851 1977 &
1874 1946 2009 1986 Quatuor
2028 1955 2128 1976 eorum
2149 1948 2289 1986 (quorum
2305 1948 2357 1977 ali-

1292 1993 1380 2022 quem
1402 1983 1622 2024 praeditstorum,
1641 1984 1778 2024 Epistopi,
1804 1987 1989 2022 Vstecomists,
2007 1985 2040 2014 &
2060 1987 2164 2014 Decam'
2186 1995 2276 2016 unum
2298 1986 2356 2016 effe

1292 2023 1444 2058 volumus)
1461 2021 1594 2052 Nomine
1607 2023 1723 2060 nostro,
1743 2023 1854 2054 Actum
1870 2023 1926 2054 sive
1942 2021 2070 2054 Gestum
2084 2023 2166 2053 fuerit
2180 2025 2208 2053 in
2222 2025 2358 2055 Praemis—

1292 2061 1326 2092 sis
1362 2062 1407 2091 stu
1423 2060 1520 2098 aliquo
1534 2059 1759 2092 Praemifforum.

1329 2084 1362 2130 fn
1385 2100 1464 2138 cujus
1484 2100 1523 2130 rei
1548 2099 1768 2131 Testimonium
1791 2100 1838 2130 has
1854 2098 1961 2130 Litetas
1978 2098 2086 2130 nostras
2099 2099 2157 2130 fieri
2172 2100 2291 2131 fecimus
2304 2100 2360 2132 Pa-

1291 2146 1392 2170 tenter.

1331 2176 1422 2207 Teste
1443 2177 1550 2216 meipso
1567 2177 1639 2217 apud
1662 2180 1815 2216 Coventre,
1833 2176 1972 2208 vicesimo
1990 2179 2093 2216 quinto
2106 2177 2153 2208 die
2163 2177 2251 2217 julii,
2270 2178 2360 2210 Anno

1294 2215 1391 2255 Regni
1408 2215 1494 2246 nostri
1513 2217 1656 2247 triceiimo
1673 2216 1804 2255 septimo.

1714 2295 1770 2324 Per
1781 2292 1863 2333 ‘'Effim
1875 2296 1971 2332 Regem
1989 2292 2027 2329 ὠ·
2045 2292 2200 2324 Concilium.

2140 2369 2154 2401 Ι
2163 2381 2182 2402 ν
2191 2379 2221 2401 Ε.

1331 2446 1470 2487 Jacobus,
1488 2447 1547 2480 Dei
1567 2448 1672 2489 gratia,
1697 2448 1758 2478 Rex
1780 2450 1932 2486 Scotorum,
1958 2448 2093 2479 universis
2118 2449 2152 2480 &
2174 2447 2301 2488 fingulis,
2325 2448 2361 2480 ad

1292 2496 1417 2526 quorum
1434 2489 1565 2518 notitiam
1582 2488 1727 2525 praesentes
1742 2487 1845 2518 Literae
1860 2488 2055 2527 pervenerint,
2075 2487 2212 2517 Salutem.

1331 2525 1431 2557 Sciatis
1449 2527 1529 2565 quod
1548 2526 1633 2565 Nos,

1332 2563 1381 2595 De
1397 2565 1480 2602 Fide,
1499 2565 1666 2604 Legalitate,
1686 2565 1720 2595 ὃς
1736 2562 2020 2602 Circumspetstione,
2038 2564 2205 2601 Probitate,
2224 2564 2257 2596 δε
2274 2562 2363 2594 Indu-

1294 2601 1359 2634 stria
1373 2626 1382 2640 ‚
1408 2602 1572 2636 Reverendi
1593 2605 1622 2634 in
1644 2602 1762 2634 Christo
1782 2602 1868 2633 Patris
1892 2601 1997 2632 Thomae
2018 2602 2140 2642 Episcopi
2162 2603 2364 2643 Aberdouenfis

1294 2640 1452 2673 Confiliarii
1471 2642 1560 2672 nostri
1582 2642 1688 2672 sincere
1705 2642 1818 2678 dilecti,
1838 2642 2105 2680 Venerabiliumque
2130 2643 2158 2671 in
2179 2641 2296 2672 Christo
2309 2642 2363 2672 Pa·

1293 2688 1388 2718 trum,
1406 2680 1574 2711 Archibaldi
1591 2681 1625 2713 &
1643 2679 1767 2710 Andreae
1783 2680 1892 2709 Sancte
1911 2683 2003 2709 Crucis
2024 2680 2059 2710 de
2081 2679 2257 2720 Edynburgh
2279 2682 2311 2711 δε
2331 2681 2363 2710 de

1295 2719 1400 2749 Melros
1412 2719 1658 2750 Monasteriorum
1672 2718 1826 2755 Athacum,
1837 2718 1947 2748 Dileeti
1960 2717 2174 2755 Consanguinei
2188 2719 2277 2750 nostri
2289 2720 2364 2750 Wil-

1294 2758 1376 2789 lielmi
1394 2761 1507 2788 Domini
1529 2757 1695 2795 Borthwik,
1713 2757 1824 2786 Roberti
1845 2757 1878 2786 de
1892 2757 2067 2825 Levingsglon
2081 2757 2116 2787 de
2134 2757 2262 2790 Diumrv
2280 2758 2361 2788 Mili-

1295 2798 1347 2835 tis,
1365 2797 1399 2827 &
1417 2796 1549 2836 Magistri
1563 2795 1694 2826 Nicholai
1706 2795 1853 2825 Ottirburn
1870 2793 1979 2826 Clerici
2026 2796 2171 2826 otulorum
2188 2798 2221 2827 &
2239 2796 2363 2836 Registri

1294 2836 1402 2874 nostri,
1421 2836 1664 2874 quamplurimum
1678 2834 1871 2872 confidentes,

1333 2874 1410 2914 Ipsos
1432 2874 1504 2913 Sex,
1521 2874 1678 2913 Quinque,
1695 2873 1845 2912 Qatuor,
1865 2873 1898 2902 &
1919 2872 1995 2903 Tres
2014 2882 2131 2908 eorum,
2148 2872 2259 2903 nostros
2273 2873 2364 2903 leo-:ti-

1296 2923 1377 2952 mos,
1391 2922 1488 2951 verOS,
1503 2915 1536 2945 δε
1551 2913 1722 2943 indubitatos
1737 2910 1972 2948 Ambaffiatores‚
1988 2910 2261 2949 Commiffarios,&
2276 2898 2365 2942 N’un-

1296 2953 1358 2982 cios
1375 2952 1502 2991 speciales
1524 2951 1753 2990 DeputavimuS,
1773 2948 2002 2988 Constituimus,
2027 2951 2059 2981 δε
2072 2949 2296 2990 Ordinavimus,
2315 2961 2364 2988 ac,

1295 2990 1417 3023 Tenore
1432 2990 1635 3025 Praesentium,
1653 2987 1881 3025 Constituimus,
1902 2987 2078 3027 Deputamus
2110 2991 2144 3020 &
2159 2989 2348 3028 Ordinamus3

1335 3028 1447 3059 Dantes
1460 3030 1493 3060 ὅτ
1510 3027 1714 3059 Concedentes
1732 3026 1852 3065 eisdem,
1870 3025 1995 3064 Thomae,
2012 3012 2201 3067 Arcssibaldo,
2219 3029 2361 3065 Andreae,

1301 3067 1467 3104 Willielmo‚
1485 3066 1617 3104 Roberto,
1636 3067 1669 3096 &
1691 3064 1842 3101 Nicholao,
1860 3064 2018 3103 Quinque,
2039 3066 2171 3104 Quatuor
2182 3089 2190 3104 ‚
2208 3068 2241 3098 &
2255 3067 2362 3096 Tribus

1298 3106 1468 3136 eorumdem
1478 3128 1486 3139 ,
1503 3106 1614 3143 plenam
1632 3103 1860 3141 potestatem&
1875 3102 2046 3135 Mandatum
2063 3106 2120 3135 tam
2133 3105 2260 3143 generale
2272 3107 2360 3141 quam

1297 3144 1432 3183 speciale,
1451 3144 1588 3174 Nomine
1610 3143 1728 3179 nostro,
1751 3151 1819 3172 cum
1845 3141 2116 3181 Ambaffiatoribus,
2139 3143 2362 3180 Commissariis,

1298 3183 1465 3223 Deputaris,
1485 3182 1541 3212 five
1560 3182 1688 3213 Nunciis
1710 3181 1817 3218 praefati
1841 3180 2013 3211 Sereniffimi
2038 3183 2114 3218 Regis
2133 3180 2261 3218 Angliae,
2285 3180 2361 3210 suffi-

1297 3222 1423 3252 cientem
1447 3220 1620 3252 potestatem
1644 3222 1672 3250 in
1689 3219 1742 3249 hac
1759 3228 1835 3256 parte
1851 3219 2032 3256 habentibus,
2050 3220 2077 3248 in
2095 3219 2198 3249 Villam
2213 3221 2292 3248 Novi
2307 3224 2361 3249 Ca-

1294 3260 1364 3300 stri,
1382 3263 1491 3289 Decimo
1514 3262 1568 3289 Die
1586 3258 1712 3298 instantis
1728 3257 1829 3297 Mensis
1847 3258 2023 3296 Septembris,
2049 3267 2116 3288 cum
2137 3256 2363 3289 Continuatione

1297 3299 1439 3337 Dierum,
1458 3297 1674 3335 Conveniendi,

1339 3339 1385 3369 Ac
1408 3338 1443 3367 de
1457 3338 1489 3367 ὃ(
1505 3336 1584 3375 super
1598 3335 1737 3373 Treugis‚
1756 3334 1939 3372 specialitate,
1955 3334 1999 3364 vel
2016 3334 2187 3364 Guerrarum
2206 3333 2361 3366 Abstinenu

1298 3378 1362 3416 tiis,
1381 3375 1551 3416 Capiendis,
1569 3376 1628 3406 tam
1643 3384 1691 3412 per
1705 3374 1843 3410 Terram,
1862 3374 1949 3411 quam
1965 3382 2013 3410 per
2029 3372 2128 3409 Mire,
2147 3373 2219 3402 inter
2235 3373 2360 3404 Serenis-

1301 3416 1406 3446 simum
1436 3418 1532 3451 Regem
1558 3412 1671 3452 Angliae
1698 3412 1948 3451 Consanguineum
1980 3409 2110 3439 nostrum
2130 3411 2307 3443 carissimum
2325 3414 2359 3444 &

1302 3456 1386 3491 Nos,
1413 3463 1465 3493 pro
1487 3452 1606 3490 Nobis,
1629 3453 1662 3483 ὃς
1684 3450 1895 3481 Successoribus
1916 3448 2034 3490 nostris,
2058 3447 2220 3487 Regnoque
2243 3451 2358 3489 nostro,

1299 3491 1417 3530 Terris,
1434 3491 1599 3528 Dominiis,
1617 3491 1650 3520 &
1672 3489 1810 3526 Subditis,
1830 3486 2054 3529 Confoederafis,
2080 3486 2244 3526 Benevolis,
2261 3492 2294 3520 ὅ(
2315 3490 2359 3520 A·

1301 3533 1385 3562 micis
1400 3529 1515 3567 nostris,
1532 3529 1582 3560 sub
1593 3528 1710 3564 Modis,
1730 3526 1833 3557 Forma
1868 3527 1901 3555 &
1917 3524 2156 3563 Condinonibus,
2175 3537 2209 3557 ac
2223 3528 2257 3558 ad
2265 3529 2359 3558 Tem-

1300 3579 1354 3609 pus
1374 3570 1408 3601 &
1432 3568 1551 3604 Annos,
1569 3568 1604 3598 de
1619 3568 1720 3605 quibus
1743 3566 1815 3595 inter
1829 3549 1942 3593 dietum
1956 3562 2169 3594 Sereniffimum
2184 3569 2280 3603 Regem
2292 3569 2359 3595 An-

1294 3608 1377 3645 gltae,
1394 3606 1486 3645 ejusve
1500 3606 1733 3641 Ambaffiatores,
1749 3599 2156 3645 Deputatos2Cot-nmiffarios
2171 3604 2204 3633 δε
2222 3604 2256 3633 N
2261 3605 2360 3634 uncios

1301 3646 1432 3681 nostros,
1447 3644 1595 3674 conveniri
1614 3645 1647 3674 &
1664 3641 1830 3682 concordari
1843 3647 1962 3677 poterit,
1982 3641 2038 3670 irve
2052 3642 2136 3671 etiam
2152 3642 2229 3679 super
2243 3643 2358 3672 ulterio-

1300 3686 1326 3715 ri
1340 3683 1543 3720 prorogatione
1557 3682 1734 3718 Trengarum
1747 3680 1800 3715 jam
1814 3680 1946 3707 initarum
1962 3678 1996 3708 ad
2010 3688 2101 3709 certos
2118 3680 2215 3710 Annos
2225 3680 2357 3710 &Tem-

1299 3733 1368 3762 pus,
1388 3722 1424 3752 de
1445 3722 1546 3758 quibus
1569 3721 1605 3748 eis
1629 3718 1786 3753 videbitur,
1810 3714 2073 3755 Communicandi,
2089 3718 2262 3755 Tractat-idi,
2294 3719 2357 3756 Ap-

1298 3760 1491 3800 punetuandi,
1510 3756 1645 3794 Ineundi,
1661 3755 1882 3796 Concordandi,
1900 3755 1933 3785 &
1949 3754 2168 3794 Concludendi,

1338 3799 1507 3835 Caeteraque
1527 3796 1625 3826 omnia
1649 3795 1682 3824 &
1703 3793 1804 3830 ungula
1825 3793 1974 3832 Faciendi,
2001 3794 2145 3830 Gerendi,
2164 3794 2360 3834 Excercendi,

1299 3839 1333 3869 δε
1355 3835 1547 3874 Expediendi,
1564 3843 1627 3871 quae
1640 3833 1669 3861 in
1685 3829 1837 3861 Praemiffis
1850 3832 1884 3862 &
1901 3833 1976 3863 circa
1989 3843 2021 3862 ea
2037 3833 2182 3862 necessaria
2195 3834 2298 3864 suerint
2313 3835 2360 3866 seu

1299 3874 1519 3915 quomodolibet
1533 3880 1693 3909 oportuna,

1339 3914 1556 3947 promittentes,
1574 3911 1603 3939 in
1628 3908 1726 3938 Verbo
1744 3908 1857 3947 Regio,
1881 3907 1950 3939 Nos
1973 3908 2098 3945 Ratum,
2125 3905 2274 3949 Gratum,
2300 3909 2364 3941 Fir-

1303 3963 1403 3990 mum,
1421 3953 1454 3982 δε
1480 3948 1583 3979 Stabile
1601 3948 1744 3978 habimros
1757 3956 1854 3978 totum
1866 3949 1900 3979 &
1917 3946 2050 3985 quicquid
2066 3956 2114 3984 per
2128 3947 2220 3977 dictos
2238 3949 2361 3981 Ambas-

1303 3993 1429 4027 statores,
1447 3986 1667 4017 Commissarios
1674 4009 1684 4024 ,
1703 3985 1881 4025 Deputatos,
1896 3986 1930 4015 δε
1945 3984 2078 4014 Nuncios
2092 3983 2219 4023 nostros,
2237 3988 2362 4027 ipsorum

1305 4031 1456 4068 Qiinque,
1473 4026 1624 4063 Quarum,
1639 4033 1686 4055 aut
1708 4023 1781 4055 Tres
1799 4024 1985 4061 eorumdem,
2004 4022 2129 4062 Auum,
2150 4022 2293 4065 Gestum,
2311 4026 2364 4057 Fa-

1305 4069 1405 4103 dium,
1424 4063 1662 4134 Concordatumss,
1681 4063 1867 4099 Tractatum,
1885 4062 2141 4101 Appumstuatum,
2164 4064 2210 4095 vel
2233 4063 2366 4095 Conclu-

1306 4107 1368 4140 sum
1383 4104 1466 4139 fuerit
1480 4103 1511 4134 in
1522 4101 1630 4135 Praemi
1653 4111 1692 4141 is,
1709 4102 1755 4134 seu
1769 4099 2102 4173 aliunIPraemifforum.
2303 4139 2372 4178 ὣς,

2376 1649 2390 1664 s
2408 1647 2459 1677 xi,

2376 1695 2443 1724 435·
