2555 4266
61 345 81 365 ²¹¹
98 346 139 373 X.

60 386 125 420 637.

35 1559 112 1593 Ann.
126 1558 169 1590 D.

33 1682 69 1706 H.
93 1680 120 1708 6.

36 1720 97 1743 Pat.
113 1726 155 1751 14-

34 1758 70 1782 H.
86 1756 113 1782 6.
127 1762 152 1792 p.

34 1801 165 1833 ann-34.

62 3164 82 3183 '1‘
102 3165 141 3192 X.

59 3203 124 3240 638.

189 95 240 136 28

187 306 251 327 rum
264 295 360 335 Regni
374 296 463 326 nostri
480 297 615 338 Angliae,
633 300 665 331 ὃς
678 301 715 330 de
732 307 810 330 tanto
825 300 936 338 gravius
971 309 1057 330 uanto
1071 310 1170 331 contra
1177 310 1250 338 prae-

645 95 1454 151 CONVENTIONES,
1508 98 1916 156 LITERAE,

37 183 104 215 Ann
129 180 172 211 D.
185 190 247 211 mus
264 181 298 211 &
314 178 485 224 Mai-»damus
498 181 604 221 ipsum,
619 183 659 214 fic
673 184 921 223 Attemptantem,
939 184 1074 215 fimssibus
1095 184 1192 215 Modo
1207 185 1242 217 &

76 231 111 260 43
138 242 144 248 .
187 218 432 263 Possnssa<Cf¹st¹g²¹¹
450 220 483 250 &
498 219 613 260 Puniri,
628 223 706 260 juxta
722 223 801 261 quod
821 224 931 253 veniret
951 222 1132 262 Puniendus‚
1150 223 1170 254 fi
1195 224 1247 254 ali-

38 266 104 289 Hen.
124 262 150 286 6.
186 262 254 296 quid
270 259 357 288 11m11e
372 262 476 289 taceret
490 260 534 290 vel
557 270 732 298 attemptaret
751 263 780 292 in
803 262 925 301 aliquem
951 261 1112 298 Ligeorutn
1134 261 1249 292 nostro-

1320 183 1468 224 Johannes
1483 188 1565 225 nte,
1581 187 1614 217 in
1633 185 1779 219 Holandia
1794 188 1950 228 oriundus,
1975 189 2050 228 apud
2071 190 2256 226 Rouchestre
2272 202 2359 226 com·
2376 192 2510 263 Ann.6D.

2377 244 2450 302 ⁸¹55?
2460 257 2490 302 ἐ.

1283 231 1363 254 mora
1400 248 1406 254 .

1322 234 1458 293 Hetnsricus
1472 264 1610 294 Everard
1621 263 1674 303 de,
1690 263 1751 300 &a
1768 272 1800 295 ut
1814 264 1905 305 [upra.

1323 302 1490 339 Regmaldus
1514 302 1684 341 Inglebright
1701 325 1713 342 ,
1734 303 1764 334 in
1779 302 1964 336 Clevelandia
1985 307 2137 348 oriundus,
2159 310 2238 349 apud
2263 309 2356 343 Roon

189 335 295 365 sentem
315 335 333 353 ²*
354 334 588 369 prohibitionem
619 338 743 369 nostram
767 339 960 376 contemptib'
974 339 1025 369 iter
1049 339 1252 379 praesumpserit
1286 349 1480 372 commorans.

190 373 416 454 facfejsssenR-ege
433 414 506 453 apud
527 414 802 456 Wstmonasterium,
819 415 959 447 vicefitno
966 416 1074 447 ockavo
1087 416 1134 447 die
1143 415 1251 447 Martii.

915 493 970 522 Per
987 492 1140 523 Concilium.

190 564 360 600 Confimilia
374 568 474 600 Brevia
484 568 640 609 diriguntur
653 568 882 600 vicecomitibus
899 568 1102 602 Comitatuum
1117 568 1256 607 subscrip-

446 617 542 639 torum
560 609 612 639 sub
630 608 730 639 eadem
744 607 836 646 Data3
853 607 1005 647 videlicet,

227 683 356 715 London.
717 687 829 715 Devon.

229 725 308 753 Surr.
722 722 836 752 Cornub.

227 761 330 800 Suffiw.
722 760 843 800 Brssoll.

229 801 354 830 Kantiae.
722 799 867 839 Gloucesbr.

229 837 326 876 Effix.
725 842 804 867 oxon

228 876 327 915 Hertf.
723 877 807 906 Berk.

228 915 360 945 cantebr.
722 914 805 951 Bedf.

230 956 323 985 Hunt.
723 954 795 983 Buk.

227 991 357 1023 Lincoln.
724 990 808 1031 Staffi

228 1035 365 1061 Civitatis
377 1030 504 1063 Lincoln.
724 1033 766 1060 W
766 1041 823 1060 arr.

228 1069 359 1100 Eborum.
725 1071 810 1109 Leyce
834 1079 857 1099 r.

227 1111 364 1138 Civitatis
381 1108 511 1139 Eborum.
723 1111 791 1137 Rote

230 1146 312 1177 Villae
321 1149 402 1178 Novi
409 1146 582 1187 Castrifitper
590 1148 702 1189 Tyriam.
728 1130 896 1184 Norbampt.

231 1185 386 1226 Suthampt.
723 1183 869 1224 Heresord.

231 1226 272 1255 W
273 1224 332 1255 ilts.
722 1227 741 1253 S
742 1223 811 1262 alop.

229 1262 344 1303 Somers
727 1264 762 1291 N
761 1259 862 1299 otingh.

227 1302 311 1341 Dorfi
672 1330 677 1334 ,
727 1300 817 1331 Derb.

191 1426 242 1459 De
256 1424 456 1471 Juramentis
471 1424 642 1460 fidelitatis
657 1429 695 1465 (ῥ’
723 1428 884 1473 Ligeantiae
897 1452 906 1467 ,
921 1436 977 1473 per
995 1422 1194 1459 Brabantinos
1213 1429 1250 1466 (ῥ’

481 1475 556 1507 alios
575 1475 768 1523 Alienigenas
776 1473 923 1521 praestitis.

189 1558 321 1630 REX
339 1561 474 1592 omnibus
488 1560 599 1592 Ballivis
614 1561 647 1592 &
662 1559 803 1593 Fidelibus
827 1560 891 1600 suis,
910 1560 946 1592 ad
968 1570 1061 1601 quos,
1084 1561 1149 1594 &c.
1172 1561 1253 1593 Salu-

273 1607 342 1630 tem.

227 1639 326 1670 Sciatis
342 1638 422 1677 quod
440 1637 607 1668 Rumbaldus
623 1639 750 1679 Bostare,
768 1639 798 1668 in
815 1638 934 1679 Loveyn
943 1640 974 1670 in
987 1639 1137 1671 Brabantia
1152 1640 1251 1670 oriun-

187 1678 293 1717 dus,ut
306 1678 391 1716 dicit,
407 1678 482 1717 apud
498 1677 700 1715 Londoniam,
726 1678 797 1708 infra
820 1677 957 1718 Regnum
972 1678 1101 1710 nostrum
1118 1679 1250 1719 Angliae,

190 1727 390 1787 ffimmoranS,
402 1717 601 1756 Jurarnentum
616 1716 766 1748 Fideh'tatis
779 1718 813 1749 &
828 1716 982 1756 Ligeantiae
1001 1717 1056 1749 suae
1070 1716 1105 1749 N
1107 1718 1169 1749 obis
1175 1727 1251 1756 prae·

230 1765 263 1787 tit

223 1795 262 1827 Et
268 1779 341 1826 'ideo
354 1794 436 1825 vobis
449 1793 624 1824 Mandamus
639 1792 716 1832 quod
732 1793 821 1832 ipsum
837 1793 1022 1825 Rumbaldum
1036 1792 1177 1832 Regnum
1195 1804 1251 1824 no-

185 1833 274 1865 strum
291 1833 460 1873 praedictum
475 1831 593 1871 pacifice
615 1832 648 1862 &
668 1834 762 1871 quiete
785 1832 943 1865 Inhabitare
956 1857 966 1873 ,
991 1844 1025 1866 ac
1051 1834 1142 1873 ipsum
1165 1832 1251 1864 Bonis

183 1873 236 1905 suis
249 1874 362 1910 integre
376 1871 510 1903 Gaudere
525 1871 707 1910 permittatis3

221 1911 400 1943 Dumtarnen
415 1910 485 1940 idem
502 1908 681 1947 Rumbddus,
699 1919 731 1940 ut
746 1909 834 1941 fidelis
849 1909 957 1948 Ligeus
971 1909 1067 1942 noster
1077 1933 1087 1949 ,
1107 1912 1137 1941 in
1153 1912 1250 1941 omni·

181 1951 234 1982 bus
249 1950 276 1981 se
289 1959 367 1990 gerat
382 1950 416 1980 δε
427 1949 584 1989 gubernet,
603 1958 636 1978 ac
653 1948 757 1979 Debita
771 1951 804 1981 ὃς
820 1949 942 1981 Deveria
955 1949 1002 1982 sua
1016 1972 1028 1989 ‚
1049 1959 1134 1990 prout
1149 1960 1250 1989 peran-

182 1997 226 2021 tea
241 1989 334 2020 facere
350 1989 464 2027 debuit,
482 1988 567 2018 solvat
583 1988 615 2018 &
632 1987 737 2018 solvere
752 1997 886 2019 teneatur.
1077 2012 1081 2018 ,

218 2027 255 2060 In
273 2028 370 2065 cu'us‚
389 2028 451 2058 &c.

187 2105 226 2138 Μ
254 2037 345 2111 Τςὲὶε
374 2065 458 2104 Rege
477 2064 552 2104 apud
577 2063 856 2106 Wstmonastertum,
892 2064 1035 2097 vicefimo
1061 2065 1171 2098 oetavo
1201 2065 1249 2098 die

228 2113 299 2137 artu.

687 2144 742 2173 Per
756 2145 847 2174 Breve
861 2143 893 2173 de
906 2144 1026 2174 Privato
1041 2142 1141 2184 Sigillo.

121 2247 132 2252 -
186 2220 357 2253 Confimiles
378 2220 488 2251 Literas
506 2219 596 2257 Regis
609 2218 737 2250 Patences
752 2220 858 2252 habent
880 2219 1025 2260 subscripti
1042 2243 1053 2259 ,
1077 2221 1128 2253 sub
1148 2220 1249 2253 eadem

557 2258 633 2290 Data
643 2270 653 2298 3
671 2260 807 2290 videlicet
815 2283 825 2298 ,

214 2339 347 2367 Henricus
362 2335 515 2378 Derykson,
532 2337 562 2367 in
575 2335 703 2368 Partibus
718 2336 754 2368 de
773 2336 939 2368 Gilderland
953 2337 1096 2369 oriundus.

216 2379 298 2405 Court
315 2378 447 2414 Warner,
467 2376 497 2404 in
513 2378 633 2414 partibus
652 2376 808 2407 Alemaniae
830 2376 963 2406 oriundus
978 2400 988 2415 ‚
1005 2378 1080 2415 apud
1095 2375 1203 2408 Boston
1217 2376 1247 2407 in

178 2412 327 2445 Comitatu
345 2414 524 2452 Lincolniae,
543 2415 612 2445 infra
626 2414 766 2454 Regnum
782 2415 872 2452 Regis
886 2415 1015 2454 Anghae,
1032 2425 1227 2446 commorans.

217 2455 349 2483 Henricus
363 2452 494 2492 Vanorfiy
511 2454 705 2485 Cordewaner
720 2454 756 2484 de
773 2453 863 2485 Cleve
879 2455 908 2484 in
934 2455 1055 2491 partibus
1077 2454 1112 2486 de
1130 2454 1250 2485 Duche-

179 2491 246 2522 land
264 2492 415 2530 oriundus,
435 2502 464 2522 ut
487 2491 577 2532 dicit,
592 2492 665 2531 apud
683 2492 865 2523 Londoniam
879 2515 890 2531 ,
915 2492 987 2523 infra
1001 2493 1139 2533 Regnum
1162 2494 1249 2534 Regis

185 2531 320 2569 Angliae,
341 2540 537 2561 commorans.

217 2569 365 2609 Johannes
378 2572 436 2599 Van
452 2572 548 2609 steyn,
565 2570 594 2600 in
612 2568 735 2600 Mastrik
752 2570 782 2599 in
799 2568 942 2600 Laufluke
960 2569 1104 2601 oriundus.

220 2609 305 2638 Dirik
318 2607 462 2647 Johnfim‚
481 2610 511 2638 in
528 2607 648 2639 Harlam
661 2610 691 2638 in
704 2607 850 2645 Holandia
863 2607 1012 2639 oriundus.

216 2646 363 2686 Johannes
379 2649 479 2685 Ware,
497 2648 527 2677 in
544 2647 661 2677 Alkmer
674 2648 704 2677 in
719 2646 861 2677 Holandia
873 2648 1017 2678 oriundus.

216 2688 307 2719 Simon
321 2685 445 2724 Johnson
454 2707 464 2723 ‚
483 2687 511 2715 in
527 2685 682 2716 Gelekirke
704 2687 734 2715 in
748 2685 956 2724 Hennesberyk
968 2685 1110 2718 oriundus.

218 2727 366 2753 Arnaldus
383 2724 494 2760 Frank,
511 2725 542 2755 in
556 2724 580 2754 V
585 2725 665 2755 eloue
680 2725 709 2754 in
725 2724 882 2754 Landfluke
897 2725 1042 2755 oriundus.

215 2761 375 2801 Godefridus
390 2762 536 2802 Mustard,
554 2764 584 2793 in
598 2762 689 2802 Gogh
708 2765 737 2792 in
751 2763 924 2794 Geiderland
940 2763 1083 2795 oriundus.

217 2804 351 2831 Henricus
364 2801 520 2840 Thomaffon
529 2825 539 2840 ,
556 2803 586 2832 in
600 2800 700 2832 Celice
716 2803 744 2831 in
761 2801 889 2832 Seiandia
903 2801 1046 2832 oriundus.

215 2840 360 2879 Johannes
374 2840 527 2880 Gerardfim
544 2863 554 2878 ,
576 2842 606 2870 in
620 2840 787 2881 Herdewyk
803 2842 832 2870 in
852 2840 1025 2870 Gelderland
1043 2842 1193 2881 oriundus,
1213 2852 1244 2875 ut

177 2879 268 2918 dicit,
285 2879 359 2917 apud
382 2879 568 2910 Londoniam
588 2880 659 2910 infra
685 2878 821 2918 Regnum
852 2879 941 2917 Regis
963 2879 1078 2919 Angli-x
1104 2891 1241 2912 commo·

179 2929 252 2950 tans.

204 2957 353 3031 'Gerarg‘
365 2955 509 3033 Johsnfim,
528 2958 559 2987 in
574 2955 668 2987 Euluk
682 2956 835 2995 oriundus,
855 2964 884 2987 ut
904 2955 978 2987 dicit
994 2979 1004 2995 ‚
1028 2957 1103 2996 apud
1120 2958 1244 2990 Londo-

181 3006 259 3027 mam
335 3007 354 3025 c.
375 3003 406 3024 ut
434 3007 450 3024 u
484 3007 510 3024 a.

218 3019 298 3073 Hu}o
311 3004 520 3074 Alardsbnpjin
537 3032 660 3064 Skedam
679 3034 710 3063 in
725 3033 865 3065 Holandia
880 3033 1012 3065 oriundus
1027 3057 1038 3073 ‚
1062 3035 1136 3073 apud
1162 3036 1244 3068 Lon-

180 3074 316 3111 doniam,
334 3071 394 3107 &a
413 3081 443 3102 ut
452 3076 547 3113 supra.

216 3112 361 3143 Arnaldus
374 3113 514 3151 Hosman,
531 3112 561 3140 in
574 3109 705 3142 Partibus
718 3110 892 3150 Brabantiae,
909 3119 938 3142 ut
958 3111 1044 3151 dicit,
1062 3113 1204 3145 oriundus.

182 3189 202 3220 d
218 3153 236 3170 ²*
256 3150 403 3181 Arnaldus
417 3149 535 3188 Mellor,
551 3150 625 3187 apud
640 3150 753 3180 Loven.
772 3152 802 3180 in
819 3150 980 3190 Brabantia‚
998 3159 1030 3181 ut
1044 3151 1243 3191 dicit‚0riun-

205 3199 242 3220 us.

223 3231 319 3258 Petrus
332 3228 452 3268 Jamy5‚
469 3227 504 3257 de
518 3226 653 3264 Degowe
669 3228 698 3256 in
713 3226 857 3257 Hoiandia
873 3226 1064 3265 oriundus‚ur
1077 3228 1243 3269 dicit,apud

183 3267 352 3306 Shatesbury
370 3267 443 3297 infra
458 3266 596 3304 Regnum
611 3266 739 3296 nostrum
754 3266 868 3303 Angliae
883 3275 1078 3296 commorans.

187 3343 207 3374 d
218 3304 362 3343 Johannes
379 3304 528 3346 Robertfim
543 3328 553 3343 ,
575 3306 606 3334 iu
628 3305 750 3342 partibus
771 3304 927 3334 Holandiae
941 3327 951 3342 ,
977 3314 1007 3334 ut
1022 3305 1096 3336 dicit
1112 3328 1123 3344 ,
1141 3307 1240 3338 erlun-

210 3354 248 3374 us.

219 3380 364 3421 Johannes
378 3385 507 3421 Speryng‚
524 3383 554 3412 in
570 3382 694 3420 partibus
709 3380 882 3419 Holandiae‚
900 3389 931 3411 ut
948 3380 1037 3419 dicit,
1055 3382 1203 3414 oriundus.

222 3420 366 3460 Johannes
382 3421 509 3459 Watfim,
527 3423 556 3451 in
572 3422 675 3452 Selixse
689 3423 718 3450 in
733 3420 860 3450 Seiandia
875 3421 1016 3450 oriundus.

223 3458 368 3498 Johannes
387 3458 497 3486 Michell
505 3483 514 3496 ,
528 3460 563 3490 de
580 3460 648 3491 Lese
665 3461 694 3490 in
709 3459 855 3489 Hoianoia
870 3458 982 3496 Capper
995 3458 1149 3498 oriundus,
1167 3460 1241 3499 apud

192 3498 379 3530 Londoniam
397 3506 588 3528 commorans.

225 3534 393 3566 Rumbaldus
406 3536 536 3572 Hounde,
553 3538 582 3566 in
594 3536 738 3568 Brabantia
753 3535 899 3566 oriundus.

225 3574 372 3613 Ifelbertus
386 3571 477 3615 Defhn
493 3571 701 3614 Qrdewaner,
719 3577 748 3604 in
767 3575 839 3606 Vilia
856 3575 892 3604 de
905 3572 1052 3613 Haymard
1073 3574 1103 3605 in
1124 3576 1240 3609 Gilder-

189 3615 279 3645 landia
294 3614 323 3642 in
340 3611 488 3642 Almannia
501 3613 651 3650 oriundus,
670 3625 698 3644 ut
712 3615 798 3651 dicit,
812 3613 886 3651 apud
904 3613 1005 3643 Lewes
1015 3635 1025 3650 ‚
1043 3613 1103 3643 &c.

226 3651 374 3682 Nicholaus
390 3649 540 3686 Morogard
549 3650 676 3680 Tainour
690 3675 700 3690 ,
725 3654 754 3683 in
776 3653 847 3684 Villa
866 3652 902 3682 de
923 3650 1112 3688 Hartogobus
1128 3655 1157 3684 in
1173 3653 1239 3687 Bra-

187 3693 282 3724 bantia
298 3688 449 3725 oriundus,
467 3689 528 3719 διε.

185 3769 358 3836 ’βφῖἵῆινὶιισ
370 3803 495 3841 Loebm,
512 3803 541 3832 in
554 3802 676 3842 partibm
696 3802 869 3835 Teutonicis
889 3806 1040 3846 oriundus,
1058 3815 1089 3838 ut
1103 3807 1191 3847 dicit,
1209 3820 1238 3841 a-

190 3847 250 3884 pud
265 3844 463 3881 sandwicum,
480 3843 542 3872 &c.

229 3881 329 3911 Paulus
340 3880 468 3919 Johnson
482 3904 492 3918 ‚
516 3881 551 3911 de
574 3878 769 3910 Rotherdame
789 3881 819 3910 in
840 3880 982 3915 Holandia
1000 3884 1150 3924 oriundus,
1163 3885 1238 3924 apud
1278 3880 1421 3944 PLeaft
1437 3894 1474 3913 au
1486 3885 1541 3922 Roy
1556 3890 1633 3914 notre
1646 3887 1798 3914 souverain
1813 3887 1925 3924 Seignur
1944 3884 1981 3916 de
1995 3883 2120 3916 Grantet
2134 3891 2195 3914 voz
2212 3884 2336 3926 Lettrss,

187 3920 478 3952 Westmonasterium
494 3927 686 3949 commorans.

227 3958 370 3997 Johannes
385 3957 518 3995 Ingelbote
533 3958 568 3989 de
582 3957 706 3997 Affligen
720 3957 751 3987 in
764 3955 907 3990 Brabanua
919 3960 1149 4001 oriundus,apud
1158 3963 1238 3996 Lon-
1279 3964 1415 4002 chequier
1435 3961 1571 4000 directes,
1589 3971 1641 3992 eux
1658 3963 1937 4001 commandantzpar
1949 3962 2048 4000 ycelles
2063 3957 2257 4003 d'Accounter
2263 3965 2332 3996 due-

1279 4010 1359 4034 ment
1370 4009 1448 4033 ovec
1468 3999 1562 4031 vostre
1582 4001 1700 4033 bumbie
1718 4001 1886 4039 Chapeliain
1905 3998 2007 4040 Johan
2019 4002 2154 4043 *Evesque
2168 4001 2202 4032 de
2214 4003 2332 4041 Ruth,

189 3997 309 4029 doniam
323 4005 517 4028 commorans·

1327 381 1440 409 Petrum
1454 383 1586 418 Bertum,
1603 381 1632 410 in
1648 379 1794 411 Holandia
1809 380 1953 412 oriundus.

1324 417 1437 448 :thomas
1445 418 1559 458 Tayser‚
1567 420 1598 449 in
1612 418 1757 450 Brabantia
1770 420 1922 457 oriundus,
1935 420 2009 459 apud
2019 420 2150 461 Reyham
2162 435 2357 460 commorans.

1328 460 1443 487 Mateus
1457 460 1518 488 Van
1538 457 1682 496 Arbright
1699 481 1708 496 ‚
1726 459 1758 488 in
1780 458 1958 498 Seyntrudyn
1979 460 2009 490 in
2026 460 2185 494 Landfluke
2206 467 2357 506 oriundus,

1292 495 1366 532 apud
1387 496 1539 527 Suthwerk
1554 506 1752 528 commorans.

1330 537 1420 564 Simon
1433 534 1560 573 Anghell
1569 536 1601 565 in
1619 535 1768 575 Lymmen
1781 536 1811 566 in
1828 534 1988 569 Landfluke
2008 538 2146 570 oriundus
2160 562 2171 579 ,
2186 543 2261 580 apud
2277 544 2361 577 Soon

1292 581 1485 605 commorans.

1332 611 1498 642 willielmus
1513 615 1654 642 Snerment
1668 613 1732 643 alias
1746 613 1837 644 dietus
1852 613 2018 644 Willielmus
2032 616 2359 655 BarbourinHoseden·

1293 659 1331 680 ne
1348 651 1377 680 in
1389 649 1534 682 Holandia
1549 651 1706 689 oriundus,
1724 652 1800 689 apud
1815 651 1868 692 Ely
1882 662 2075 686 commorans.

1329 689 1476 728 Johannes
1488 689 1679 729 Nicholaffim‚
1698 692 1729 720 in
1745 691 1934 731 Minykadam
1948 693 1978 722 in
1994 692 2139 726 Holandia
2152 697 2296 730 oriundus.

1332 727 1479 766 Johannes
1495 727 1596 768 castell
1603 751 1614 767 ‚
1631 730 1662 759 in
1677 728 1745 767 Roy
1759 731 1786 759 in
1804 730 2001 761 Gelderlandia
2016 733 2160 765 oriundus.

1322 769 1463 810 ’Henricus
1479 766 1580 805 tibive,
1598 769 1628 798 in
1644 767 1766 806 partibus
1778 768 1959 800 Alemanniae
1974 771 2125 811 oriundus,
2143 773 2216 812 apud
2233 775 2358 808 Londo-

1297 813 1378 834 niam
1394 815 1587 836 commorans.

1327 842 1476 882 Johannes
1487 845 1564 874 Hede
1572 867 1582 883 ‚
1589 845 1620 875 in
1635 843 1829 876 Gilderlandia
1835 846 1969 877 oriundus
1977 870 1987 886 ,
1995 848 2069 886 apud
2078 848 2263 883 Londoniam
2272 863 2360 884 com-

1295 890 1420 912 morans.

1330 921 1469 951 Gerardus
1483 920 1620 959 Albright
1629 944 1640 960 ,
1657 922 1686 952 in
1699 921 1819 953 Harlam
1832 923 1863 952 in
1877 921 2023 956 Holandia
2031 927 2166 958 oriundus
2174 950 2185 966 ‚
2201 930 2276 968 apud
2285 930 2359 962 Chi.

1292 958 1403 990 cbestte
1417 969 1612 990 commorans.

1328 1001 1419 1028 Simon
1431 998 1588 1036 Albright‚
1604 999 1633 1029 in
1648 997 1788 1037 Harlam,
1806 996 1866 1033 ὠς.
1886 1005 1917 1028 ut
1930 999 2025 1039 fhpra.

1325 1036 1474 1076 Johannes
1488 1040 1569 1067 Hunt
1582 1059 1593 1076 ,
1614 1039 1644 1068 in
1664 1036 1789 1069 Colonia
1803 1038 1833 1068 in
1854 1036 2006 1071 Almannia
2019 1042 2171 1082 oriundus,
2189 1045 2280 1086 apud,
2296 1046 2362 1084 &u

1291 1082 1323 1105 ut
1349 1087 1367 1105 u
1384 1087 1426 1105 ra.
2313 1101 2316 1103 v

1326 1077 1441 1153 {gedrus
1455 1114 1622 1155 Garretson‚
1638 1115 1668 1146 in
1682 1115 1807 1153 partibus
1830 1113 1983 1146 Holandiae
2004 1118 2155 1158 oriundus,
2180 1129 2211 1152 ut
2225 1122 2314 1164 dicit,
2330 1135 2360 1157 a-

1291 1154 1352 1191 pud
1367 1154 1553 1185 Londoniam
1567 1163 1759 1185 commorans.
2242 1170 2244 1173 ν

1329 1195 1418 1222 luccas
1435 1195 1518 1223 Horn
1533 1216 1542 1232 ,
1566 1194 1596 1224 in
1610 1192 1736 1232 Brugges
1756 1193 1786 1224 in
1810 1191 1938 1224 Flandria
1954 1194 2105 1235 oriundus,
2122 1205 2153 1228 ut
2167 1197 2258 1238 dicit,
2283 1201 2358 1240 apud

1291 1230 1444 1262 Suthwerk
1459 1241 1655 1263 commorans.

1329 1270 1477 1308 Jolaannes
1491 1268 1622 1341 Petreg‘on
1641 1271 1678 1301 de
1693 1269 1846 1301 Suthwerk
1868 1271 1898 1301 in
1921 1269 2072 1304 Comitatu
2094 1272 2198 1306 Surriae
2212 1275 2368 1311 Pursema-.

1291 1308 1360 1346 ker,
1378 1310 1409 1339 in
1423 1309 1498 1340 Villa
1515 1309 1551 1339 de
1588 1309 1681 1341 russell
1696 1310 1726 1339 in
1742 1308 1890 1340 Brabantia
1904 1310 2050 1342 oriundus.

1328 1349 1463 1377 Henricus
1481 1346 1543 1387 Asta
1561 1360 1579 1379 n
1596 1348 1632 1379 de
1645 1348 1796 1379 Suthwerk
1810 1346 1962 1380 Comitatu
1977 1349 2079 1381 Surriae
2093 1351 2308 1394 Haberdasher,
2325 1356 2357 1387 in

1291 1387 1414 1424 partibus
1427 1387 1464 1417 de
1480 1386 1531 1417 Gii
1553 1387 1675 1418 erlandia
1688 1386 1833 1418 oriundus.

1289 1463 1307 1494 d
1324 1424 1470 1463 Johandes
1484 1428 1573 1456 Grene
1584 1425 1621 1458 de
1635 1425 1728 1457 Exon.
1748 1424 1922 1466 Goldsmyth
1931 1448 1942 1465 ‚
1956 1426 2121 1465 inpartibus
2134 1427 2248 1462 Pruciae
2256 1432 2356 1464 oriun-

1311 1474 1347 1494 us.

1325 1502 1451 1542 Jacobus
1478 1505 1556 1533 Atte
1577 1507 1669 1534 Borne
1693 1502 1730 1534 de
1745 1502 1960 1543 Estgrenestede
1982 1505 2011 1535 in
2040 1504 2190 1539 Comitatu
2217 1506 2357 1542 Suffexiae

1289 1540 1392 1582 Smylb
1403 1564 1413 1581 ,
1430 1543 1461 1572 in
1476 1543 1600 1580 partibus
1613 1541 1649 1573 de
1662 1541 1866 1584 Gilderlandia·
1876 1543 2021 1574 oriundus.

1324 1580 1468 1619 Folpreght
1481 1583 1610 1610 Everton
1624 1581 1661 1611 de
1683 1579 1836 1612 Suthwerk
1858 1589 1889 1611 ln
1911 1580 2061 1614 Comitatu
2081 1582 2187 1616 Surriae
2207 1585 2357 1619 Pursema-

1289 1619 1357 1657 ker,
1376 1621 1405 1649 in
1421 1619 1498 1650 Villa
1512 1620 1547 1650 de
1560 1619 1695 1657 Utreght
1708 1620 1854 1651 oriundus.

1324 1658 1471 1697 Johannes
1483 1658 1620 1698 Herrysbn
1634 1658 1670 1689 de
1685 1658 1836 1690 Suthwerk
1850 1658 1999 1699 Skynner,
2019 1661 2051 1692 in
2059 1659 2134 1693 Villa
2146 1661 2184 1692 de
2197 1662 2358 1704 Oudekyrk

1287 1697 1366 1736 juxta
1382 1697 1538 1728 Coloniam
1554 1697 1697 1728 oriundus.

1327 1735 1497 1766 Willielmus
1512 1736 1643 1766 Sibrando
1663 1736 1700 1767 de
1720 1735 1871 1768 Suthwerk
1892 1738 1923 1768 in
1946 1735 2098 1770 Comitatu
2121 1738 2226 1772 Surriae
2243 1739 2360 1773 Haber-

1291 1775 1417 1812 dassher‚
1436 1776 1465 1805 in
1481 1775 1607 1813 partibns
1619 1773 1776 1805 Holandiae
1790 1776 1936 1807 oriundus.

1328 1815 1417 1855 Diryk
1432 1814 1576 1853 Johnson,
1594 1815 1625 1844 in
1640 1813 1708 1844 Shol
1728 1815 1845 1853 ngwold
1862 1815 1892 1845 in
1907 1813 2055 1845 Holandia
2068 1815 2203 1848 oriundus
2216 1840 2226 1856 ,
2252 1818 2282 1849 in
2303 1817 2360 1851 Pa-

1287 1853 1387 1884 rochia
1401 1853 1498 1884 San&
1513 1852 1642 1890 Sepulcri
1653 1853 1685 1883 in
1753 1855 1852 1884 mitam
1872 1852 2069 1884 Middlesexiae
2083 1864 2276 1888 commorans.

1327 1891 1447 1930 Parifius
1464 1890 1603 1932 Deryksc'm
1612 1893 1657 1930 ,in
1667 1892 1799 1923 Almkirk
1812 1893 1844 1922 in
1851 1891 1997 1923 Holandia
2011 1893 2148 1924 oriundus
2155 1897 2247 1933 ,apud
2256 1894 2359 1928 West·

1289 1931 1495 1962 monasterium
1511 1940 1707 1961 commorans.

1327 1969 1478 2000 Nicholaus
1493 1969 1654 2010 Symondson
1669 1992 1679 2007 ,
1705 1971 1736 2000 in
1750 1968 1870 2000 Harlam
1894 1971 1924 2000 in
1939 1967 2083 2000 Holandia
2100 1970 2236 2003 oriundus
2248 1995 2260 2011 ,
2284 1973 2359 2013 apud

1289 2008 1475 2041 Londoniam
1493 2017 1691 2039 commorans.

1323 2050 1458 2078 Henricus
1472 2050 1533 2079 Van
1547 2046 1681 2086 Mastrick
1691 2069 1701 2085 ,
1720 2047 1750 2077 in
1766 2044 1909 2077 Mastrick
1916 2046 1946 2077 in
1960 2045 2108 2079 Brabanu'a
2122 2049 2359 2092 oriundus‚apud

1289 2085 1475 2118 Londoniam
1492 2096 1687 2117 commorans.

1325 2125 1472 2165 Johannes
1486 2126 1613 2162 Tdman,
1635 2125 1672 2155 de
1684 2123 1852 2164 Dardryght
1865 2124 1895 2154 in
1913 2123 2058 2155 Holandia
2074 2126 2225 2166 oriundus,
2251 2129 2281 2159 in
2302 2127 2359 2162 Pa.

1288 2166 1388 2195 rochia
1404 2164 1502 2195 Sanffi
1516 2164 1644 2202 Sepulcri
1657 2165 1686 2194 in
1703 2162 1853 2193 Comitatu
1868 2162 2063 2194 Middlesexiae
2079 2174 2274 2198 commorans.

1327 2203 1493 2234 Willielmus
1510 2206 1570 2233 Van
1582 2201 1757 2234 Howebrake
1772 2224 1783 2240 ‚
1808 2202 1839 2231 in
1852 2201 2017 2240 Andewerp
2035 2202 2066 2233 in
2088 2202 2236 2237 Btabantia
2256 2208 2359 2239 oriun-

1287 2241 1354 2280 dus,
1371 2243 1446 2280 apud
1463 2242 1647 2272 Londoniam
1661 2250 1858 2271 commorans.

1325 2283 1496 2311 Laurentius
1513 2284 1611 2319 Couper
1625 2302 1635 2318 ,
1659 2280 1694 2311 de
1716 2278 1856 2318 Afflegyn
1880 2279 1911 2309 in
1934 2278 2080 2312 Brabantia
2105 2281 2260 2322 oriundus,
2280 2283 2356 2323 apud

1291 2319 1477 2352 Londoniam
1493 2329 1688 2350 commorans.

1323 2358 1448 2397 Jacobus
1461 2358 1568 2388 Bolard
1580 2381 1590 2397 ‚
1615 2359 1646 2387 in
1669 2355 1877 2395 Middelburgh
1892 2356 1923 2386 in
1945 2355 2076 2389 Selandia
2088 2359 2226 2391 oriundus
2240 2383 2252 2399 ,
2278 2361 2354 2400 apud

1288 2396 1441 2429 Suthwerk
1456 2406 1650 2428 commorans.

1324 2436 1470 2475 Johannes
1488 2434 1620 2476 Dirikfim
1635 2458 1644 2474 ‚
1668 2433 1705 2465 de
1727 2433 1857 2465 Dorston
1879 2434 1910 2465 in
1931 2433 2080 2467 Westvale
2099 2436 2254 2476 oriundus,
2279 2438 2355 2477 apud

1287 2474 1440 2506 Suthwerk
1460 2484 1657 2506 commorans.

1326 2514 1486 2553 Godefridus
1501 2512 1656 2554 Herryson,
1674 2512 1704 2541 in
1720 2510 1794 2542 Villa
1808 2510 1844 2541 de
1859 2510 2039 2551 Nuynhouse
2051 2512 2082 2542 in
2102 2511 2266 2554 Westfalyn
2292 2516 2352 2547 ori-

1286 2554 1376 2584 undus
1385 2576 1394 2592 ‚
1413 2554 1487 2592 apud
1500 2551 1650 2584 Suthwerk
1665 2560 1864 2581 commorans.

1326 2595 1343 2612 ⁸
1364 2595 1536 2622 Laurentius
1550 2591 1689 2628 Petirson,
1707 2590 1737 2619 in
1754 2588 1828 2620 Villa
1842 2589 1880 2620 de
1894 2587 2015 2620 Harlam
2030 2589 2062 2619 in
2076 2588 2227 2623 Holandia
2250 2594 2350 2627 oriun-
2386 2602 2408 2623 t
2433 2604 2472 2635 x·

2393 2645 2460 2684 639.

1286 2629 1354 2669 dus,
1371 2632 1444 2671 apud
1459 2630 1607 2662 Suthwerk
1621 2638 1816 2660 commorans

1322 2669 1461 2700 Gilbertus
1475 2668 1646 2708 Gilbertfon,
1666 2671 1694 2698 in
1709 2665 1878 2699 Amersford
1898 2666 1929 2696 in
1951 2665 2079 2706 Utright
2101 2667 2254 2709 oriundus,
2271 2671 2349 2710 apud

1287 2707 1473 2739 Londoniam
1489 2715 1684 2739 commorans.

1322 2748 1410 2777 Guido
1424 2750 1484 2777 Van
1498 2749 1607 2784 Howe,
1624 2747 1654 2776 in
1672 2744 1743 2776 Villa
1757 2744 1793 2775 de
1809 2742 1913 2785 Husyn
1930 2742 1960 2774 in
1981 2742 2128 2776 Holandia
2149 2744 2303 2786 oriundus,
2319 2758 2350 2780 a-

1283 2786 1341 2824 pud
1357 2786 1509 2817 Suthwerk
1525 2794 1720 2816 commorans.
2111 2802 2114 2806 -

1321 2824 1466 2863 Johannes
1483 2828 1543 2855 Van
1558 2822 1654 2863 Buffi,
1673 2824 1702 2853 in
1716 2821 1841 2853 Colonia
1863 2822 1896 2852 in
1917 2819 2089 2854 Alemannia
2103 2821 2258 2861 oriundus,
2275 2823 2352 2862 apud

1282 2862 1436 2895 Suthwerk
1450 2873 1646 2895 commorans.

1317 2905 1494 2933 Hermannus
1510 2902 1696 2940 deerpore,
1714 2900 1744 2930 in
1764 2898 1840 2930 Villa
1859 2898 1896 2930 de
1916 2897 2134 2940 Hertyngbuflb
2155 2900 2188 2931 in
2203 2897 2349 2933 Brabanu’a

1282 2942 1435 2980 oriundus,
1453 2941 1527 2980 apud
1541 2940 1693 2972 Suthwerk
1708 2947 1902 2970 commorans.

1320 2980 1486 3010 Willielmus
1498 2981 1580 3018 Buk,
1598 2980 1629 3009 in
1644 2978 1718 3010 Villa
1732 2977 1767 3008 de
1780 2976 1885 3017 Bryffei
1896 2976 1928 3007 in
1941 2974 2087 3008 Brabantia
2101 2976 2254 3016 oriundus,
2269 2977 2346 3016 apud

1281 3017 1434 3050 Suthwerk
1449 3028 1644 3050 commorans.
1943 3052 1949 3058 .

1319 3058 1457 3088 Gerardus
1471 3057 1604 3099 Vanfeld,
1622 3058 1654 3087 in
1667 3054 1740 3087 Villa
1756 3053 1793 3086 de
1814 3051 1919 3093 Brysell
1940 3062 1971 3084 ln
1987 3052 2133 3088 Brabantia
2145 3055 2301 3098 oriundus,
2318 3069 2350 3091 2-

1283 3098 1341 3136 pud
1360 3097 1543 3128 Londoniam
1558 3104 1770 3137 commorans.¹
2035 3131 2041 3137 ι

1319 3135 1468 3175 Johannes
1482 3134 1641 3175 Vanbulkyn
1655 3157 1666 3173 ,
1689 3134 1719 3163 in
1734 3130 1809 3163 Villa
1829 3128 1866 3161 de
1888 3128 2013 3171 Eyngyn
2032 3140 2064 3161 m
2078 3131 2230 3166 Henandia
2244 3136 2346 3169 oriun-

1283 3174 1351 3212 dus,
1370 3174 1444 3212 apud
1464 3173 1648 3204 Londoniam
1663 3179 1857 3213 commorans.
1880 3207 1885 3213 ·

1318 3215 1424 3242 Bowen
1438 3211 1536 3251 John,
1555 3212 1583 3241 in
1602 3210 1676 3241 Villa
1691 3209 1727 3240 de
1743 3208 1864 3247 Utnght
1877 3217 1909 3237 ln
1921 3206 2070 3251 Holandia
2083 3210 2233 3251 oriundus,
2251 3221 2284 3245 ut
2298 3214 2344 3245 di-

1284 3253 1342 3288 cit,
1361 3250 1435 3289 apud
1449 3250 1600 3281 Suthwerk
1614 3249 1686 3279 infra
1700 3248 1839 3290 Regnum
1854 3246 1940 3284 Regis
1955 3246 2070 3284 Angliae
2087 3257 2283 3282 commorans.

1319 3292 1453 3319 Henricus
1465 3290 1497 3318 de
1511 3291 1580 3318 Pere
1591 3287 1627 3318 de
1643 3287 1710 3318 Pete
1724 3287 1754 3315 in
1782 3284 1949 3324 Episcopatu
1966 3284 2003 3328 <ie
2024 3285 2174 3327 Ludwyke
2196 3291 2346 3332 oriundus,

1284 3337 1316 3360 ut
1331 3329 1416 3367 dicit,
1437 3339 1453 3358 a
1475 3327 1512 3358 ud
1528 3326 1699 3358 Parochiam
1722 3324 1818 3354 Sanffl
1838 3322 1996 3353 Clementis
2015 3322 2168 3356 Dacorum
2183 3336 2258 3359 extra
2277 3329 2344 3361 Bar.

1283 3377 1342 3397 ram
1358 3367 1439 3397 Novi
1487 3366 1574 3403 empli
1590 3364 1753 3394 Londoniae
1767 3371 1960 3405 commorans.

1320 3404 1466 3443 Johannes
1480 3403 1574 3433 Plenes
1590 3403 1736 3439 Tainour,
1754 3402 1784 3430 in
1798 3399 1872 3431 Villa
1886 3399 1921 3430 de
1937 3398 2133 3439 Henriscapell
2146 3404 2176 3434 in
2190 3404 2343 3441 Almannia

1283 3444 1437 3481 oriundus,
1455 3444 1485 3472 in
1500 3442 1573 3473 Villa
1587 3441 1622 3471 de
1637 3439 1788 3471 Suthwerk
1799 3438 1869 3469 infra
1879 3436 2019 3482 ⁴Regnum
2032 3438 2121 3479 Regis
2136 3443 2250 3480 Angliae
2257 3453 2344 3476 corn-

1283 3491 1416 3520 morans,
1432 3480 1494 3515 &c.
1512 3479 1594 3518 ufiyue
1609 3479 1649 3509 ad
1662 3480 1814 3508 Numerum
1837 3476 1935 3515 lele,
1961 3479 2211 3520 Septingentorum‚
2235 3486 2342 3521 Digin-

1281 3526 1331 3558 ta,
1350 3519 1388 3555 &⁴
1403 3521 1472 3549 030
1486 3520 1635 3548 Hominum
1648 3516 1879 3555 Alienigenarum
1893 3518 1923 3546 in
1936 3515 2050 3556 diverfis
2072 3520 2251 3552 comitatibus
2268 3532 2340 3552 com-

1281 3566 1457 3589 morannum.

1314 3597 1444 3628 Decimo
1463 3596 1571 3628 ocstavo
1586 3594 1704 3634 Aprilis.

227 3732 357 3759 Henricus
378 3726 484 3757 Crabbe
506 3724 697 3756 Cordewaner
714 3750 724 3765 ,
747 3729 778 3759 in
800 3728 874 3759 Vina
896 3728 1078 3767 Hartogobus
1094 3753 1106 3769 ,
1125 3729 1187 3766 &a
1204 3739 1238 3762 ut
1276 3743 1370 3786 Super
1393 3740 1532 3787 Expensts
1550 3739 1684 3786 Epiftopi
1702 3737 1869 3782 Euthana,
1896 3742 1928 3773 in
1953 3743 2106 3776 comitiva
2126 3742 2239 3788 Regis,
2262 3752 2341 3777 tem,

1545 3799 1618 3835 pore
1636 3792 1837 3821 Coronationis
1846 3789 1907 3834 suae
1923 3794 1999 3824 Pari
2007 3801 2064 3824 tus.

1347 3922 1466 3954 deffouz
1479 3923 1573 3953 vostre
1587 3923 1672 3955 Prive
1686 3923 1761 3962 Soel,
1779 3934 1806 3955 as
1821 3924 1952 3955 Tresorer
1967 3921 2113 3954 &Barons
2120 3922 2157 3952 de
2172 3925 2267 3955 vostre
2282 3926 2332 3956 Es-

2290 4049 2332 4072 ΟΒ

2357 3822 2433 3856 Anu.
2448 3823 2492 3857 D:

2375 3863 2464 3902 1436.

2353 3904 2404 3928 Aa.
2427 3912 2470 3938 ¹4·

2353 3943 2385 3965 H.
2406 3941 2433 3967 6.

2349 3979 2488 4009 Periclen

2351 4016 2414 4048 Pell.
2482 4014 2486 4017 ’
