2555 4266
0 292 106 328 mrD.

0 337 85 374 1482.

0 377 43 404 dv.
62 383 91 410 4.

20 525 90 552 xn.

0 570 44 600 47-

671 203 782 247 ET
869 202 1128 247 ACTA
1212 197 1694 246 PU‘BLICA.
2207 219 2286 262 117

121 293 328 329 Commiffariis
350 293 503 323 Provincia
515 291 546 322 de
562 291 708 331 Guipufioa
718 315 727 330 ,
746 302 780 323 ac
795 290 949 329 Villarum,
964 290 1132 326 Locorum,
1149 288 1182 318 &

122 335 341 367 Inhabitannum
358 333 387 361 in
400 331 517 370 eadem,
533 331 568 362 de
591 332 624 362 ὅ(
641 332 719 369 super
736 331 874 369 Treugis,
891 330 1071 373 Guerrarurii
1085 326 1183 357 Absti-

120 375 237 411 nentiis,
253 372 345 411 Ligis,
365 368 547 407 Foederibus,
565 371 598 401 &
610 370 668 400 aliis
684 369 878 401 amicabilibus
891 367 1100 410 Intelligentiis,
1118 374 1184 394 mu-

121 423 223 451 tuaque
238 409 512 441 communicatione
523 410 556 439 &
570 408 728 439 Intercursu
745 406 1002 442 Mercandisarum,
1019 412 1091 433 inter
1109 402 1183 432 Sub-

122 452 197 485 ditos
213 450 246 481 &
259 448 372 479 Incolas
384 447 526 485 utriusque
541 446 628 478 Partis
644 445 841 482 observandis,
859 454 892 475 ac
905 443 940 487 de
963 443 997 473 ὃς
1018 441 1098 477 super
1120 439 1184 469 Re-

120 489 290 522 formatione
318 486 578 523 Attemptatorum,
596 485 748 521 hincinde,
766 493 867 526 contra
889 480 958 510 Vim
980 480 1014 510 ὃ(
1035 477 1183 535 Εξΐεᾶιιᾟ

122 527 378 563 Intelligentiarum
401 525 585 562 hujusmodi,
609 521 873 564 Communicandiq,
899 518 1054 565 Traffitandi
1070 540 1080 554 ,
1105 516 1138 547 &

123 565 342 602 Conveniendi,
360 562 588 599 Concordandi,
606 563 639 593 &
659 557 863 590 Concludendi
878 557 1037 588 secundum
1056 554 1184 591 Modos,

123 604 331 641 Conditiones,
348 603 382 634 &
406 602 539 640 Formas,
557 607 643 638 prout
665 599 735 628 inter
759 606 807 627 eos
823 596 924 627 melitis
938 596 1041 634 poterit
1060 603 1186 625 concor-

118 643 332 719 dar&aeremque
343 678 495 716 Faciendi,
513 673 701 711 Excercendi,
718 674 750 704 δε
766 672 958 711 Expediendi,
976 682 1041 710 quae
1054 673 1084 702 in
1109 670 1186 701 Prae-

123 720 211 753 miffis
236 720 282 751 seu
306 721 380 750 circa
406 727 437 747 ea
461 715 608 746 necessaria
629 712 732 743 fuerint
752 713 798 742 seu
823 711 1045 751 quomodolibet
1066 718 1188 751 oportu-

123 770 177 797 na,
196 759 280 790 etiam
298 758 319 788 fi
340 757 402 788 talia
421 755 473 785 fint
496 762 563 791 quae
585 750 757 782 Mandatum
779 751 815 782 de
842 752 868 782 se
892 751 980 790 magis
1000 751 1113 787 exigant
1127 751 1188 786 ipe-

124 799 382 869 elall³er⁷omittentes,
406 829 485 861 bona
503 828 574 859 Fide
595 829 628 860 &
648 829 676 859 in
701 827 802 859 Verbo
826 827 924 867 Regio
939 850 949 866 ,
972 827 1042 871 Nos
1062 826 1187 863 Ratum‚

124 875 269 911 Gratum,
285 874 318 902 &
336 871 465 902 Firmum
479 870 616 905 perpetuo
630 868 775 898 habituros
788 867 925 905 quicquid
937 877 986 904 per
1007 866 1115 903 dictos,
1135 867 1189 894 Ro-

125 915 246 948 bertum‚
264 909 440 948 Johannem,
459 907 491 936 &
507 909 669 944 Henricum,
688 915 735 936 aut
751 904 836 936 Duos
858 916 958 936 eorum
969 927 978 942 ,
995 904 1167 948 Tractatum
1179 927 1189 941 ,

125 952 336 984 Conventum,
353 945 594 982 Concordatum,
610 945 654 975 seu
670 943 852 975 Conclusum
868 945 950 975 fuerit
962 945 992 973 in
1020 941 1190 979 Praemissis,

124 992 172 1023 feu
193 988 287 1026 aliquo
312 984 548 1021 Praemiiiorum,
569 983 620 1013 sub
644 983 772 1017 Pienore
787 984 820 1014 ὃς
834 983 970 1021 [potheca
984 983 1119 1013 omnium
1134 980 1191 1011 Bo-

123 1035 235 1060 norum
247 1023 414 1055 nostrorum
430 1022 608 1062 praesentium
620 1023 653 1054 &
666 1022 838 1053 futurorum.

162 1065 197 1095 In
209 1064 289 1094 cu'us
324 1063 385 1093 &c.

158 1074 254 1134 TesteJ
266 1085 352 1140 Rege
367 1100 442 1140 apud
465 1097 740 1139 westmonasterium,
759 1099 899 1131 vicesimo
921 1098 1047 1130 secundo
1072 1097 1119 1128 die
1137 1096 1193 1128 Fe-

121 1142 233 1174 bruaiii.

761 1216 817 1245 Per
829 1212 913 1254 ipficm
927 1217 1034 1253 Regem.

157 1355 218 1386 Pro
238 1352 321 1385 Filia
345 1352 451 1397 Regis,
476 1347 512 1381 de
536 1350 742 1440 Matijlmzio
765 1359 834 1381 cum
859 1350 1059 1395 Primogcnito
1082 1349 1171 1394 Regis

589 1399 632 1430 Ca
657 1398 684 1429 el
715 1421 724 1431 .

0 1494 59 1522 inn.
72 1489 117 1521 D.
133 1482 252 1540 REX
267 1481 429 1521 Omnibus,
447 1481 481 1514 ad
497 1492 588 1521 quos,
607 1482 668 1513 &c.
685 1481 822 1514 Salutem.

2 1530 88 1570 1482.

0 1574 32 1597 ln.
55 1580 83 1596 ιι
93 1591 100 1598 .

0 1618 57 1674 {io‘f‘

0 1694 19 1712 ι.
37 1692 67 1719 5.

13 3632 82 3663 xn.

229 1523 312 1553 Licet
333 1531 394 1551 non
415 1521 527 1559 solum,
546 1521 733 1559 superioribus
757 1521 864 1558 Annis,
882 1522 955 1551 inter
980 1519 1106 1550 Nobiles
1119 1518 1194 1550 Pro—

127 1561 268 1600 genitores
290 1559 417 1597 nostros,
435 1568 470 1589 ex
493 1560 566 1597 una,
589 1569 675 1598 atque
699 1559 894 1590 Sereniffimos
915 1558 1134 1603 Regis'Castellae
1155 1557 1194 1593 &-

127 1602 293 1638 Legionum,
313 1607 347 1628 ex
364 1596 449 1628 altera
470 1597 616 1634 Partibus,
634 1597 737 1629 verum
757 1599 859 1636 etiam,
878 1599 1055 1636 temporibus
1076 1597 1196 1636 nostris,

124 1638 197 1670 inter
211 1639 270 1668 Nos
289 1638 323 1669 ὃς
336 1636 421 1667 bonae
433 1637 580 1667 memoriae
595 1637 762 1667 Dominum
776 1639 925 1666 Henricum
943 1637 1074 1666 dic‘lorunz
1092 1639 1196 1673 Regno-

125 1687 186 1707 rum
201 1680 296 1715 Regem
312 1685 400 1713 nuper
420 1674 623 1713 Defunrstum,
641 1675 778 1706 nonnulla
801 1676 932 1713 Capitula
953 1685 1095 1713 perpetuae
1116 1675 1195 1705 Pacis

125 1715 161 1746 &
177 1714 341 1751 Amicitiae,
358 1713 394 1744 ad
408 1712 571 1745 Utilitatem
591 1714 759 1752 Principum
778 1715 811 1746 ὃς
832 1714 1058 1753 Regnicolarum
1083 1714 1196 1744 hincin*

125 1753 178 1792 de,
199 1753 360 1789 contrac’ta,
374 1751 481 1784 firmata
491 1776 501 1791 ,
513 1753 546 1784 ὅτ
559 1753 702 1783 observata
715 1753 835 1790 fuerint,
852 1754 991 1791 perpetuis
1007 1753 1107 1784 futuris
1121 1761 1195 1784 tem-

122 1793 259 1832 poribus,
274 1792 409 1824 Domino
424 1801 582 1830 annuente,
599 1791 796 1823 inviolabiliter
810 1791 958 1830 duratura,

167 1830 363 1863 Mediantibus
377 1838 472 1861 tamen
488 1831 652 1867 quibusdam
671 1831 805 1868 gravibus
817 1831 850 1862 &
865 1829 1074 1868 circumspectis
1095 1829 1197 1861 Perso—

123 1869 186 1908 nis,
203 1878 374 1909 perpetuum
391 1869 472 1906 ipfius
488 1868 567 1900 Pacis
583 1870 616 1900 &
634 1869 781 1900 Amicitiae
798 1869 887 1899 robur
901 1868 1013 1900 summa
1031 1878 1128 1898 mente
1145 1877 1194 1899 ze-

123 1907 262 1946 lantibus,
281 1907 317 1938 de
330 1906 541 1944 superaddendo
560 1917 640 1939 novo
661 1908 787 1943 quodam
809 1907 901 1938 Nexu
925 1916 1008 1946 atque
1030 1907 1192 1937 firmiffimo

122 1946 250 1978 Vinculo
267 1946 389 1984 eJusdem
404 1945 486 1976 Pacis
497 1945 600 1977 Sermo
614 1947 647 1977 ὃς
663 1946 813 1978 Τῑεᾶειωε
828 1947 925 1977 haberi
939 1947 1033 1984 cepit,
1049 1946 1086 1976 ita
1103 1946 1194 1983 (vide-

123 1984 205 2022 licet)
222 1995 252 2016 ut
269 1985 491 2015 Matrimonium
507 1985 580 2016 inter
590 1983 864 2016 Excellentiffimum
878 1983 1021 2024 Infantem
1036 1983 1196 2022 Johannem

124 2024 298 2055 Sereniffimi
313 2023 452 2059 Principis
466 2022 591 2054 Domini
611 2024 779 2054 Ferdinandi
801 2023 1013 2061 Consanguinei
1035 2023 1125 2053 nostri
1149 2033 1197 2053 ca—

125 2062 223 2093 riffimi
239 2066 277 2093 Re
295 2073 388 2093 norum
401 2061 523 2102 Castellae
533 2086 543 2102 ‚
562 2064 726 2101 Legionmn,
745 2065 928 2101 Arragoniae,
945 2061 984 2098 ό·
996 2061 1094 2092 Siciliae
1117 2064 1195 2100 Regis

125 2102 241 2138 suaeque
287 2101 442 2132 onthoi-alis
454 2100 576 2140 Reginae
596 2102 766 2132 eorumdem
791 2101 961 2141 Regnorum
985 2102 1196 2138 Primogenitum

127 2138 166 2176 (ξφ
182 2141 343 2179 Haeredem,
360 2151 492 2180 unamque
505 2140 539 2169 de
556 2139 651 2209 affin}
664 2139 785 2170 Filiabus
796 2142 882 2172 etiam
897 2142 924 2170 in
952 2139 1052 2170 AEtate
1074 2140 1196 2170 infantili

125 2177 326 2217 constitutam,
347 2178 559 2216 superveniente
621 2187 675 2211 tate
691 2178 834 2219 legitima,
853 2179 965 2211 Divina
981 2178 1122 2210 mediante
1131 2187 1194 2218 gra-

125 2217 199 2286 rial,1
202 2219 333 2262 contrahi
347 2216 438 2255 ροίῖἒῑ
452 2217 485 2248 &
502 2216 637 2256 deberet,

201 2266 253 2287 osi
276 2265 331 2286 itur

122 2291 125 2295 ’
162 2266 355 2333 δυτηηῗορετέ
369 2294 515 2331 cupientes
528 2293 702 2326 Sermonem
716 2294 750 2327 &
763 2295 931 2328 Tratstatum
946 2294 1083 2335 ejusmodi
1103 2293 1198 2334 quoad

125 2334 157 2364 in
173 2333 274 2364 Nobis
292 2333 333 2364 est
348 2333 459 2363 felicem
476 2333 567 2363 sortiri
581 2333 737 2373 effectum,

164 2371 215 2402 De
233 2369 396 2408 Fidelitate,
414 2371 575 2410 Probitate,
591 2373 625 2403 &
649 2371 933 2411 circumspectione,
953 2372 1140 2404 Dilee‘torutn
1163 2373 1197 2404 &

127 2405 272 2441 Fideliurn
293 2409 474 2447 nostrorum,
499 2409 629 2450 Magistri
651 2414 765 2442 Henrici
784 2411 973 2452 Aynesworth
996 2412 1109 2450 Legum
1127 2411 1196 2442 Do-

127 2448 230 2488 &oris,
251 2450 390 2479 Bernardi
402 2448 433 2478 de
449 2447 478 2477 la
495 2452 573 2479 Force
590 2449 730 2488 Armigeri
747 2451 779 2481 &
796 2451 944 2481 Servitoris
964 2449 1055 2481 nostri
1077 2450 1197 2481 Dome-

125 2485 210 2525 stici‚
227 2497 260 2519 ac
273 2485 396 2518 Arnoldi
411 2486 538 2526 Truffell,
558 2488 715 2525 plenissime
729 2488 918 2526 confidentes,

163 2524 241 2563 Ipsos
263 2525 377 2558 nostros
399 2525 635 2564 AmbaffiatoreS,
661 2527 814 2566 Oratores,
832 2526 1069 2566 Commissarios,
1085 2526 1197 2558 Procu-

126 2570 249 2603 ratores,
267 2566 300 2634 {t
317 2565 454 2607 Nuncios
468 2565 596 2603 speciales
612 2566 760 2605 Facimus,
778 2565 1003 2605 Censtituimus,
1021 2569 1055 2598 &
1071 2566 1197 2597 Ordina-

127 2611 194 2633 mus
227 2614 255 2634 er
296 2608 423 2636 raeientes

165 2614 274 2673 Daliites
293 2644 327 2674 &
350 2627 551 2674 Conc'edentes
570 2643 609 2673 eis
631 2642 807 2675 Potestatem
829 2643 988 2684 generalem
1016 2643 1050 2674 &
1074 2642 1196 2674 Manda-

126 2685 192 2709 tum
214 2680 330 2718 speciale
349 2682 385 2712 ad
405 2681 507 2720 Regna
528 2680 660 2712 Castellae
677 2683 711 2713 &
731 2683 918 2721 Legionum,
936 2683 983 2714 seu
1004 2691 1106 2712 eorum
1127 2682 1195 2712 alte-

126 2724 193 2747 rum
210 2741 220 2756 ‚
248 2719 341 2750 versus
361 2720 492 2759 praefatos
514 2718 748 2759 consanguineos
770 2721 901 2761 nostros,
926 2722 1051 2759 ipsorum
1074 2720 1197 2759 Regno-

124 2761 305 2824 rumsRegem
325 2757 363 2794 (φ
385 2762 533 2797 Reginam,
554 2758 599 2789 seu
622 2760 748 2797 ipsorum
773 2759 976 2799 Consiliarios,
1002 2760 1029 2792 se
1054 2761 1196 2797 transpor-

123 2802 172 2826 tan
196 2805 203 2824 ι

137 2870 143 2876 η
164 2817 346 2873 ibidemque,
362 2844 416 2873 pm
431 2835 532 2866 Nobis
544 2835 576 2866 ἃ
593 2835 725 2868 Nomine
738 2837 855 2876 nostro,
870 2838 906 2869 de
921 2838 954 2869 δί
977 2837 1057 2876 super
1074 2837 1196 2874 Sponsa-

123 2867 199 2901 libus
218 2873 250 2903 ὃς
274 2872 468 2905 Matrimonio
485 2898 496 2912 ,
527 2875 600 2904 inter
621 2874 732 2906 dietum
757 2875 1030 2908 Excellentissimum
1051 2877 1194 2916 Infantem

124 2908 288 2948 Johannem
308 2911 492 2950 nostramque
512 2911 611 2942 Filiam
631 2916 816 2953 Katerinam,
833 2924 897 2954 aut,
914 2915 973 2953 ipsa
997 2915 1087 2953 (quod
1111 2916 1191 2951 absit)

125 2947 302 2987 decedente,
325 2950 427 2981 Aliam
449 2952 647 2982 convenientis
670 2951 774 2983 AEtatis
788 2976 797 2990 ,
823 2954 880 2984 five
903 2952 994 2990 (quod
1018 2955 1099 2990 absit)
1122 2955 1192 2984 didio

123 2985 259 3024 Johanne
272 2988 446 3026 decedente,
466 2991 538 3020 inter
549 2989 649 3019 Alium
671 2991 840 3022 eorumdem
858 2995 936 3028 Regis
956 2988 994 3025 ὠ·
1017 2996 1127 3029 Regin-c
1146 2995 1193 3022 Fi-

127 3023 194 3053 lium
211 3027 245 3057 &
265 3025 420 3059 Haeredem
431 3051 441 3067 ,
459 3029 623 3065 dictamque
645 3030 813 3059 Katerinam
832 3030 878 3060 seu
902 3029 1003 3059 Aliam
1028 3031 1060 3060 de
1075 3031 1193 3062 Filiabus

127 3063 223 3106 nostris
236 3064 340 3097 AEtatis
353 3068 466 3106 aptioris
478 3067 691 3106 contrahendo,
706 3067 843 3107 Doteque
858 3069 892 3099 &
909 3068 1051 3100 Dotalitio
1063 3069 1108 3100 seu
1126 3070 1194 3101 Do-

126 3108 242 3133 natione
266 3112 379 3144 propter
401 3106 524 3144 Nuptias
539 3129 549 3143 ,
575 3107 604 3136 vi
626 3106 659 3137 ὃς
686 3108 789 3138 virtute
812 3107 993 3138 Matrimonii
1013 3109 1192 3147 hujusmodi,

123 3137 343 3182 PromittendiS,
360 3144 487 3184 Dandis,
507 3146 540 3177 &
556 3143 768 3185 Persolvendis,
786 3156 900 3177 necnon
914 3146 995 3184 super
1010 3147 1049 3178 sic
1064 3148 1192 3178 Promis-

124 3178 175 3217 fis,
200 3179 299 3220 Datis,
322 3184 356 3214 &
376 3183 525 3215 Persolutis
548 3183 708 3221 Repetendi
732 3185 765 3215 &
787 3184 965 3217 Restituendi
980 3209 990 3223 ,
1016 3196 1086 3216 cum
1110 3187 1193 3219 dietis

124 3216 310 3261 Sereniffimis
325 3221 406 3261 Rege
421 3224 455 3253 &
472 3222 584 3262 Regina
596 3221 821 3262 Consanguineis
840 3224 944 3254 nostris
965 3224 1129 3264 carissimis,
1145 3235 1192 3257 aut

124 3254 176 3284 suis
201 3255 393 3301 Oratoribus,
420 3261 650 3299 Commiffariis,
675 3261 722 3293 seu
748 3261 981 3293 Procuratoribus
1001 3262 1189 3295 sufficientem

125 3290 290 3337 habentibus
309 3298 498 3337 Potestatem,
516 3299 688 3338 Traeiandi,
707 3299 970 3340 communicandi,
983 3301 1191 3340 Appunc'tuan-

123 3330 170 3369 dt,
188 3331 409 3375 Concordandi,
427 3339 460 3370 ὃς
475 3338 696 3376 Concludendi‚

212 3381 329 3413 corum,
349 3375 532 3415 Modorum,
549 3377 781 3416 Conditionum,
800 3377 977 3409 Cautionum
989 3400 998 3415 ,
1020 3379 1053 3408 &
1075 3378 1188 3410 Securi-

122 3413 232 3453 tatum,
250 3413 350 3449 quibus
364 3413 508 3446 Praemiffa
523 3416 720 3454 compleantur
734 3417 766 3447 &
780 3416 973 3455 perficiantur,
989 3418 1188 3449 certitudinem

121 3447 358 3491 specificationem
382 3454 415 3484 δε
439 3454 604 3492 qualitatem
623 3455 766 3486 Statuendi
790 3456 917 3494 &super
933 3456 1037 3487 eisdem
1055 3456 1187 3487 Consen—

121 3486 210 3516 tlendi
223 3488 256 3518 &
270 3488 475 3523 Concordandi
484 3516 494 3531 ,
605 3527 608 3529 Α

162 3524 212 3555 De
225 3526 259 3557 &
272 3528 349 3565 super
361 3529 463 3568 firma,
481 3531 634 3571 perpetua,
648 3531 682 3564 &
697 3532 762 3563 reali
777 3531 854 3564 Pace
867 3532 900 3564 &
919 3532 1069 3572 Amicitia,
1090 3532 1186 3571 Ligi'sa

122 3570 178 3601 que
192 3564 225 3594 &
238 3562 554 3611 Confoederationibus,
571 3570 734 3609 Treugisve
747 3572 780 3602 &
793 3571 979 3602 Abstinentiis
997 3572 1186 3612 Guerrarum,

122 3611 177 3638 pro
193 3602 304 3646 Nobis,
322 3605 451 3644 Amicis,
471 3607 490 3627 ⁴¹²
507 3608 649 3649 Alligatis,
669 3609 901 3647 Confoederatis,
918 3610 1032 3647 Ligeis,
1051 3611 1188 3650 Subditis,

123 3640 296 3685 Haeredibus
335 3643 569 3686 Succefforibus,
592 3647 717 3686 Regnis,
734 3648 848 3686 Patriis,
868 3649 902 3679 &
925 3648 1088 3687 Dominiis,
1102 3651 1185 3680 hinc-

122 3679 188 3709 inde
202 3665 349 3719 ineundis,
367 3680 591 3726 Contrahendis,
608 3694 672 3724 aut,
691 3687 766 3724 prius
780 3685 964 3724 Contractis,
979 3687 1183 3727 Renovandis,

122 3717 156 3762 §c
174 3717 405 3758 Confirmandis,
420 3730 534 3752 necnon
547 3723 627 3760 fiiper
640 3724 882 3762 quibuscumque,
898 3732 947 3761 per
955 3725 1090 3758 Subditos
1103 3727 1184 3758 hinc-

122 3756 190 3787 inde
205 3767 306 3789 contra
320 3757 445 3796 Pacem,
461 3759 626 3791 Amicitiam
661 3763 695 3792 &
710 3761 995 3800 Confoederationes,
1014 3767 1090 3802 prius
1110 3776 1183 3796 con-

121 3795 235 3834 tractas,
252 3798 427 3836 perpetratis,
442 3797 477 3828 &
492 3799 602 3828 commi
656 3822 665 3837 ,
680 3799 1076 3842 Reformandisffraetandi,
1087 3804 1184 3835 Com-

122 3834 305 3876 municandi,
322 3835 538 3874 Conveniendi‚
557 3836 760 3868 Concordandi
771 3861 780 3876 ,
800 3838 1022 3878 Concludendi‚
1035 3843 1069 3872 &
1087 3843 1184 3874 Com-

162 3873 417 3943 ἓὲηάίᾊᾳῐὶαηιῃρ
430 3876 544 3905 Dietam
556 3885 609 3913 pro
627 3875 779 3906 Praemiffis
794 3876 813 3906 si
827 3886 958 3915 oporteat
979 3878 1126 3912 Statuendi
1148 3882 1182 3912 &

149 3919 161 3939 r
228 3921 262 3942 en
285 3924 290 3942 i

159 3920 333 3991 ΙΟεεὲεετειᾳῖιε
348 3951 497 3989 Faciendi,
516 3949 706 3990 Excercendi,
724 3951 758 3983 &
781 3949 956 3990 Expediendi
974 3963 1040 3995 quae
1056 3957 1086 3987 in
1107 3957 1184 3987 Prae·

123 3985 211 4015 miffis
223 3987 268 4018 seu
279 3991 373 4029 aliquo
388 3991 603 4022 Praemifforum
617 3991 766 4022 necessaria
779 3991 882 4023 fuerint
895 3993 941 4024 seu
963 3995 1183 4032 quomodolibet

123 4032 283 4094 ῗΡΟζῐῖιῠε,
302 4031 386 4060 etiam
403 4030 422 4061 si
438 4030 498 4061 talia
513 4030 565 4061 fint
578 4040 643 4069 quae
656 4031 692 4061 de
713 4030 740 4060 se
765 4029 936 4062 Mandatum
959 4035 1049 4071 magis
1071 4035 1182 4074 exigant

133 4072 213 4101 pecia
224 4073 255 4102 e,

159 4101 380 4146 Promittentes,
396 4107 475 4140 bona
490 4106 559 4140 Fide
576 4106 651 4140 &in
665 4106 764 4139 Verbo
779 4104 895 4148 Regio,
911 4115 965 4149 pro
980 4106 1097 4149 Nobis,
1110 4107 1184 4142 Hae-

1221 285 1334 316 redibus
1343 308 1353 324 ,
1369 287 1403 318 ὃς
1420 287 1635 320 Succefforibus
1652 287 1754 320 nostris
1765 315 1774 329 ,
1789 300 1820 322 ea
1836 291 1932 324 omnia
1949 290 2093 325 habituros
2111 290 2181 324 Nos
2200 294 2283 334 Rata,
2307 290 2378 322 Anss·
2394 286 2435 323 Da

1223 323 1330 361 Grata,
1353 326 1386 354 &
1409 325 1501 355 Firma
1523 328 1730 364 imperpetuum
1742 353 1751 366 ,
1770 340 1833 367 quae
1851 340 1901 369 per
1920 332 2012 363 dictos
2031 332 2143 363 nostros
2163 334 2283 365 Ambas-
2326 331 2409 369 ¹482-

1224 362 1349 398 sutores,
1368 362 1522 405 Oratores,
1540 367 1572 395 δε
1591 366 1744 404 Nuncios,
1764 379 1810 398 aut
1830 368 1914 400 Duos
1930 381 2029 401 eorum
2051 373 2188 409 (quorum
2213 382 2285 409 prze-
2304 372 2371 405 Eusv-
2387 379 2417 405 42

1223 400 1313 430 fatum
1327 399 1505 445 Magistrum·
1516 404 1660 433 Henricum
1673 406 1861 445 Aynesworth
1877 418 1964 438 unum
1979 410 2035 440 esse
2050 411 2195 446 volumus)
2211 411 2287 441 Tra-2

1225 438 1318 482 Ctata,
1346 437 1597 483 'Communicata,⁴
1612 443 1825 482 Appunetuata,
1851 445 2031 477 Concordata
2045 471 2054 484 ,
2078 448 2122 479 seu
2142 448 2286 480 Conclusa

1225 476 1326 506 fuerint
1343 486 1372 506 m
1391 475 1561 514 Praemiffis,
1581 485 1625 509 ieu
1644 482 1737 518 aliquo
1756 481 1987 522 Praemissorum,
2011 486 2060 516 sub
2080 487 2233 524 Ypotheca
2251 489 2286 519 δε

1226 514 1412 552 Obligatione
1430 516 1564 546 omnium
1582 516 1729 549 Bonorum
1749 521 1910 553 nostrorum
1929 524 2106 562 praesentium
2124 527 2157 556 ὃς
2176 527 2286 557 futuro-

1227 563 1301 584 rum.

1265 591 1544 670 sseftffllfibgzaapud
1562 630 1818 673 Wstmonasterium
1827 657 1837 673 ,
1854 635 1978 666 secundo
1992 638 2040 667 die
2055 637 2163 669 Martii,

1868 713 1922 741 Per
1933 713 2016 752 ipsimi
2027 715 2132 751 Regemi

1259 842 1433 875 Incolarum
1450 842 1615 889 Gutptaftoae
1627 866 1636 881 ‚
1661 855 1700 877 ex
1718 847 1856 878 Licentia
1873 843 2059 880 Ferdinandi
2074 853 2110 887 ,ζῇν
2128 848 2254 895 Islzbellae
2344 848 2365 893 ξ’
2384 849 2405 893 ff

1361 894 1449 938 Regis
1463 895 1500 930 &-
1520 895 1630 939 Reginca
1648 893 1891 939 Ifispauiszrum,
1917 896 2159 940 Capitulationes.

1231 976 1434 1037 UNiverfis
1459 978 1494 1008 &
1514 977 1627 1015 singulis
1642 1000 1651 1017 ,
1678 979 1823 1016 praesentes
1844 980 1951 1011 Lireras
1967 981 2130 1021 inspecturis
2144 1007 2154 1021 ,
2180 994 2271 1022 pateat
2285 1011 2294 1026 ,
2314 972 2387 1005 Am·
2399 974 2440 1005 D‘

1321 1025 1369 1053 per
1388 1015 1557 1054 Praesentes,
1573 1018 1654 1054 quod
1671 1017 1756 1055 Nos,
1776 1019 1945 1058 Sebastianus
1967 1019 2000 1048 de
2016 1020 2154 1052 Olsrabal
2168 1024 2294 1056 Bacliala-
2340 1015 2423 1052 43²·

1234 1054 1306 1090 rius,
1328 1053 1473 1091 Johannes
1491 1059 1525 1084 A
1527 1066 1621 1093 funes,
1640 1057 1673 1087 &
1694 1059 1837 1087 Martinus
1855 1060 1934 1087 Petri
1950 1059 1982 1087 de
2002 1062 2124 1101 Percaste
2140 1065 2189 1101 ni,
2207 1065 2239 1094 ὅ(
2260 1065 2293 1095 ad
2313 1056 2362 1098 “s''
2381 1063 2424 1080 ²²*

1231 1091 1406 1130 Infrascripta
1426 1093 1648 1132 Procuratores,
1676 1094 1835 1135 Deputati,
1864 1096 2022 1136 Oratores,
2048 1100 2080 1128 δε
2129 1102 2294 1135 ommiisaiii
2317 1104 2340 1118 ⁴·
2360 1101 2388 1125 4·
2423 1118 2425 1120 >

1234 1132 1386 1160 Provinciae
1404 1132 1436 1160 de
1450 1131 1597 1172 Guipustoa
1612 1143 1645 1163 ac
1664 1132 1819 1172 Villarum,
1847 1133 2015 1174 Locorum,
2043 1138 2077 1167 ὃς
2097 1138 2293 1172 Habitantium
2313 1133 2352 1155 Ex
2366 1132 2424 1156 ‘4¹¹'

1235 1170 1266 1199 in
1282 1169 1379 1199 eadem
1397 1170 1565 1201 sufficienter
1582 1172 1616 1202 &
1633 1172 1760 1210 legitime
1781 1172 1940 1212 constituti,
1964 1175 2131 1208 Tra-rantes
2149 1179 2182 1209 ὃ(
2200 1177 2296 1210 Com-
2310 1175 2375 1203 ΜΨ·

1235 1209 1411 1238 municantes
1431 1219 1519 1247 cum,
1537 1209 1763 1242 Honorabilibus
1783 1212 1873 1250 Viris,
1899 1214 2015 1244 Robcrto
2035 1217 2148 1246 Morton
2170 1217 2298 1249 Rutulo-

1234 1256 1298 1276 rum
1319 1245 1505 1278 Cancellariae
1525 1251 1634 1278 Domini
1649 1253 1727 1288 Regis
1745 1249 1892 1290 Custode,
1920 1251 2052 1290 Johanne
2070 1256 2137 1284 Coke
2154 1256 2300 1289 Secunda-

1235 1286 1277 1314 rio
1298 1285 1325 1313 in
1346 1284 1457 1316 Officio
1477 1285 1581 1318 Privati
1600 1288 1694 1324 Sigilli
1713 1289 1835 1326 ejusdem
1856 1289 1980 1321 Domini
2001 1290 2106 1331 Regis,
2131 1294 2163 1323 ὃ(
2180 1296 2298 1326 Henrico

1234 1323 1438 1367 Ai'neswortlo,
1464 1324 1576 1363 Legum
1595 1325 1792 1366 Dostonbus,
1817 1328 1984 1369 Deputatis,
2009 1330 2238 1371 Commiffiiriis,
2266 1337 2299 1365 &

1235 1361 1470 1392 Procuratoribus
1487 1364 1555 1394 dieti*
1571 1367 1683 1394 Domini
1709 1368 1787 1402 Regis
1810 1368 1923 1405 Angliae
1934 1391 1944 1406 ,
1972 1370 2008 1399 de
2026 1371 2058 1400 ὃς
2079 1370 2156 1407 liiper
2174 1371 2302 1404 Matetiis

1234 1401 1431 1444 infrascriptis,
1449 1402 1563 1432 tandem
1583 1403 1865 1443 Apputidtuztvimus,
1893 1406 2111 1446 Convenimus,
2132 1409 2302 1441 Concorda-

1235 1449 1348 1476 vimus,
1365 1439 1399 1469 &
1414 1440 1616 1472 Coticlusimus
1630 1452 1696 1472 cum
1711 1442 1795 1482 Ipsis,
1807 1445 1839 1474 ὃς
1856 1445 1909 1482 Ipsi
1924 1446 2035 1477 Nubisc
2049 1458 2104 1481 im,
2126 1450 2183 1478 ῥῶ
2200 1451 2301 1489 vigore

1237 1476 1394 1508 Literarum
1412 1477 1610 1510 Dominarum
1626 1480 1789 1511 nostrorum
1806 1485 1883 1517 Regis
1895 1483 1932 1517 «ἃ»
1952 1488 2060 1521 Reginae
2084 1485 2227 1527 Castellae,
2244 1491 2303 1518 Le-

1231 1519 1363 1559 glanum,
1373 1520 1558 1556 Ari-agonio,
1577 1517 1637 1553 &a
1656 1529 1771 1550 necnon
1786 1523 1939 1552 Provinciae
1952 1526 2114 1564 antedictae,
2129 1528 2216 1564 quam
2232 1527 2302 1559 dieti

1235 1555 1407 1585 Serenifl.mi
1427 1558 1503 1592 Regis
1520 1556 1649 1595 Angliae,

1274 1593 1323 1632 Q:
1336 1611 1348 1622 ‚2
1360 1604 1406 1624 „im
1422 1594 1582 1625 nterii-um
1596 1595 1728 1626 Tenores
1743 1596 1856 1628 inferius
1874 1598 2086 1639 describuntur,

1275 1631 1365 1663 Pte-,it
1379 1632 1407 1663 in
1423 1633 1579 1672 subscriptis
1595 1633 1728 1666 Articulis
1742 1637 1920 1675 crenzinerur,
1939 1638 2017 1669 salvis
2041 1640 2150 1677 semper
2169 1641 2250 1672 Pacis
2269 1643 2304 1673 &

1237 1670 1380 1702 Amicitiae
1398 1671 1568 1704 Foederibus
1585 1683 1618 1703 ac
1635 1674 1693 1704 aliis
1713 1673 1921 1714 intelligentiis,
1939 1677 2011 1707 inter
2032 1677 2164 1708 Castellae
2187 1681 2219 1710 ὃς
2244 1681 2304 1711 An-

1236 1710 1299 1754 glie
1318 1710 1420 1750 Regna
1443 1712 1520 1755 prius
1541 1712 1710 1751 contraistiS,
1729 1713 1833 1752 quibus
1852 1724 1902 1752 per
1921 1714 2101 1755 infrascripta
2121 1718 2254 1749 nolumus
2274 1721 2304 1750 in

1235 1749 1330 1788 aliquo
1345 1750 1496 1790 derrogari.

1274 1825 1321 1857 IN
1331 1835 1349 1857 Ρ
1361 1835 1505 1864 RIMls,
1536 1827 1614 1867 qubd
1634 1829 1704 1860 inter
1722 1828 1936 1862 Sereniffirnum
1955 1834 2051 1869 Regem
2067 1833 2180 1871 Angliae
2197 1834 2304 1865 antedi<

1235 1865 1335 1903 ctum,
1354 1876 1406 1904 pro
1425 1866 1477 1903 Se,
1493 1866 1681 1906 Haeredibus,
1700 1867 1930 1907 Successoribus,
1954 1871 2148 1910 Hominibus,
2173 1873 2303 1912 Vaiallis,

1237 1904 1354 1947 Ligeis,
1369 1904 1514 1944 Subditis,
1535 1905 1561 1936 R
1602 1908 1657 1944 nis,
1676 1906 1789 1945 Patriis,
1807 1908 1925 1946 Terris,
1951 1910 1983 1940 δε
2006 1909 2149 1941 Dominiis
2167 1912 2219 1942 suis
2238 1914 2304 1949 qui-

1236 1944 1428 1982 buicurnque,
1455 1953 1489 1974 ex
1508 1954 1562 1975 una
1604 1955 1678 1983 arte,
1701 1955 1734 1975 ac
1756 1946 1884 1977 Nobiles
1900 1950 1932 1978 ὅ(
1953 1948 2065 1978 Probos
2083 1950 2167 1980 Viros
2189 1950 2307 1982 Guber-

1236 1990 1364 2020 natoreS,
1382 1981 1508 2020 IncolaS,
1526 1982 1670 2014 Homines
1687 1994 1787 2015 omnes
1805 1986 1839 2015 ὃς
1860 1986 1979 2025 ungulos
1999 1988 2084 2017 dicite
2102 1991 2255 2019 Provinciae
2271 1991 2303 2021 de

1235 2020 1397 2064 Guioufioa,
1423 2030 1476 2064 pro
1495 2021 1551 2060 Se,
1569 2022 1759 2061 Haeredibus,
1783 2023 2015 2063 Succeisoribus,
2040 2027 2157 2064 Terris,
2181 2028 2302 2067 Patriis,

1237 2059 1401 2098 Dominiis,
1419 2059 1519 2097 Villis,
1544 2060 1577 2091 ὃ(
1596 2061 1683 2092 Locis
1701 2063 1933 2101 quibuscunque,
1959 2064 2039 2095 Parte
2055 2074 2087 2094 ex
2101 2067 2202 2103 altera,
2223 2076 2305 2097 erunt

1234 2098 1270 2129 de
1289 2107 1395 2129 caetero
1414 2098 1502 2128 bonae
1520 2099 1553 2130 ὃς
1572 2099 1663 2130 firmae
1686 2099 1765 2139 Ligae
1779 2125 1788 2139 ,
1817 2102 2006 2133 Abstinentiae
2035 2103 2211 2134 Guerrarum
2230 2127 2239 2141 ,
2269 2106 2304 2136 ὅτ.

1235 2137 1396 2168 amicabiles
1415 2136 1612 2177 Intelligentiae
1638 2140 1696 2169 tam
1724 2149 1772 2176 per
1792 2139 1914 2171 Terram
1933 2143 2020 2180 quam
2040 2151 2089 2181 per
2110 2142 2192 2173 Mare
2210 2143 2243 2174 &
2264 2145 2303 2173 A·

1237 2186 1304 2213 quas
1329 2176 1450 2214 dulces,
1475 2177 1514 2208 ita
1531 2177 1612 2214 quod
1632 2177 1774 2208 Homines
1792 2181 1873 2210 unius
1890 2190 1938 2211 aut
1956 2181 2066 2212 alterius
2084 2181 2211 2212 Partium
2230 2192 2305 2220 prze-

1236 2215 1374 2245 dicffarum
1394 2215 1447 2245 sese
1464 2217 1568 2246 mutuo
1587 2217 1691 2253 ubique
1708 2216 1841 2247 locorum
1860 2219 2042 2250 amicabiliter
2061 2220 2219 2251 traciabunt
2235 2244 2243 2257 ,
2271 2223 2305 2252 &

1236 2253 1299 2284 haec
1324 2253 1443 2284 durante
1465 2253 1552 2291 spatio
1577 2254 1692 2285 Decem
1716 2255 1871 2286 Annorum
1899 2268 1912 2287 a
1939 2257 1998 2289 Die
2016 2256 2103 2289 Datae
2120 2257 2305 2290 Praesentium

1238 2293 1373 2331 proximi>
1395 2292 1555 2322 futurorum
1572 2293 1606 2323 &
1624 2294 1747 2330 plenarie
1763 2296 1976 2332 completorum
1992 2308 2003 2333 ς
2028 2296 2079 2326 nifi
2097 2296 2189 2327 dicius
2208 2300 2306 2328 Domi—

1238 2342 1288 2362 nus
1303 2334 1363 2361 Rex
1382 2331 1511 2370 Angliae,
1536 2341 1584 2368 per
1601 2332 1655 2362 Sex
1675 2332 1788 2363 Menses
1807 2334 1946 2372 integi-os,
1972 2336 2118 2364 Dominum
2136 2338 2232 2373 Regem
2250 2340 2306 2366 Ca-

1227 2369 1317 2410 stellae
1336 2370 1539 2409 praemonuerit
1556 2370 1636 2407 quod
1655 2371 1706 2401 sub
1725 2370 1885 2410 hujusmodi
1903 2373 1974 2412 Liga
1992 2373 2026 2404 ὃ(
2048 2373 2224 2405 Abstinentia
2241 2375 2306 2406 diu-

1236 2409 1292 2441 tius
1311 2408 1453 2447 persistere
1470 2409 1607 2447 noluerit,
1624 2410 1669 2440 vel
1688 2410 1705 2440 ὲ
1725 2411 1865 2442 converso
1887 2414 2016 2442 Dominus
2031 2415 2092 2442 Rex
2107 2412 2231 2452 Castellae
2244 2416 2305 2444 Do-

1237 2451 1339 2478 minum
1356 2450 1451 2485 Regem
1469 2446 1598 2486 Angliae,
1618 2458 1668 2485 per
1685 2448 1848 2486 hujusmodi
1866 2450 1921 2481 Sex
1940 2450 2057 2481 Menses
2074 2452 2217 2490 integros,
2233 2462 2305 2490 prae—

1237 2487 1382 2517 monuerit
1409 2486 1489 2524 quod
1507 2485 1653 2517 Homines
1669 2487 1819 2519 antedidtae
1840 2487 2003 2520 Provinciae
2020 2489 2182 2527 hujusmodi
2201 2490 2306 2529 Ligam

1240 2526 1274 2557 &
1294 2524 1503 2556 Abstinentiam
1523 2525 1627 2555 diutius
1644 2526 1794 2556 observare
1811 2527 1963 2558 noluerint.
2118 2563 2120 2565 ,

1274 2563 1320 2594 Ιτ
1331 2574 1348 2594 E
1359 2572 1406 2602 M,
1425 2563 1522 2602 quod,
1541 2563 1704 2594 durantibus
1723 2564 1821 2604 LigiS,
1840 2565 2025 2597 Abstinentiis
2036 2589 2046 2604 ,
2064 2567 2098 2598 &
2113 2566 2306 2606 Intelligentiis

1236 2603 1397 2633 memoratis
1411 2625 1422 2640 ,
1445 2603 1519 2632 bene
1544 2602 1640 2633 licebit
1665 2602 1842 2635 Hominibus
1860 2606 1942 2635 unius
1961 2604 2049 2635 Partis
2065 2606 2153 2637 libere
2171 2607 2305 2637 accedere

1235 2641 1270 2672 ad
1289 2642 1408 2678 Terras,
1425 2641 1548 2679 Patrias,
1565 2641 1599 2672 &
1619 2641 1699 2672 Loca
1717 2642 1829 2673 alterius
1848 2642 1952 2681 Partis,
1972 2645 2006 2675 &
2025 2644 2130 2675 ibidem
2149 2654 2218 2676 cum
2236 2645 2305 2675 Ho-

1236 2681 1365 2711 minibus
1383 2679 1577 2718 cujuscunque
1595 2679 1746 2718 Nationis,
1765 2681 1831 2712 illuc
1849 2692 1902 2720 pto
1921 2690 2053 2720 tempore
2073 2685 2202 2721 repertis,
2229 2694 2302 2714 con·
2319 2711 2337 2731 ᾖ

1236 2720 1336 2751 versari
1357 2719 1390 2749 ὃς
1408 2720 1545 2756 mercari,
1564 2718 1716 2757 Emendo,
1739 2719 1912 2758 Vendendo,
1934 2720 2210 2761 communicando,
2227 2725 2243 2740 *
2257 2723 2302 2753 seu
2359 2711 2427 2742 Xli-

1237 2757 1386 2796 quodlibet
1402 2757 1475 2788 aliud
1494 2767 1583 2795 genus
1603 2757 1794 2789 Mercimonii
1812 2760 2018 2797 cujuscumque
2037 2760 2223 2798 Exercendo,
2243 2763 2304 2792 tali-
2325 2756 2385 2789 ¹49⁴

1236 2805 1278 2827 ter
1297 2798 1329 2827 δε
1346 2806 1381 2827 eo
1400 2796 1493 2827 modo
1510 2796 1580 2827 ficut
1598 2797 1637 2827 eis
1653 2798 1681 2826 in
1701 2808 1803 2828 eorum
1821 2800 1940 2837 propriis
1957 2798 2054 2829 Patriis
2077 2800 2198 2837 liceret,
2226 2799 2305 2831 salvis

1232 2835 1350 2874 Juribus
1368 2836 1401 2867 &
1422 2834 1698 2874 Consuetudinibus,
1722 2835 1910 2875 Civitatibus,
1929 2836 2028 2876 Villis,
2047 2837 2079 2868 &
2102 2837 2192 2868 Locis
2208 2837 2305 2870 haere-

1235 2884 1287 2904 nus
1306 2875 1340 2904 ab
1356 2874 1474 2911 antiquo
1492 2873 1630 2904 concessis
1646 2875 1679 2905 ὃς
1698 2874 1735 2904 ab
1751 2876 1791 2905 eis
1810 2875 1919 2906 usitatis,

1275 2910 1378 2943 ITEM
1390 2936 1399 2951 ,
1418 2912 1627 2950 Conventum,
1646 2911 1868 2944 Concordatum
1882 2937 1892 2952 ‚
1908 2914 1941 2944 &
1959 2913 2135 2945 conclusum
2153 2914 2192 2944 est
2232 2914 2302 2953 uod,

1235 2961 1285 2988 per
1303 2952 1427 2990 publicas
1447 2951 1707 2988 proclamationes,
1726 2953 1752 2981 in
1774 2952 1884 2991 singulis
1901 2952 2046 2983 Portubus
2059 2952 2201 2990 utriusque
2241 2956 2306 2985 artis

1235 2990 1419 3028 quamtocius
1438 2989 1590 3027 faciendis,
1609 2990 1784 3020 mandabitur
1802 2990 1883 3028 quod
1902 2990 1975 3021 nulla
1987 2990 2082 3022 Navis
2096 2991 2210 3022 Armata
2226 2994 2301 3029 prius

1233 3029 1269 3059 ad
1295 3029 1376 3059 Mare
1395 3037 1567 3065 exponatur,
1586 3029 1673 3065 quam
1700 3028 1915 3059 Praeiidentibus
1937 3029 2185 3060 Gubernatoribus
2205 3031 2300 3065 liuius-⁴

1234 3067 1316 3098 modi
1330 3068 1472 3098 Portuum
1496 3068 1529 3098 ὃ(
1549 3067 1698 3096 Locorum
1714 3066 1882 3098 sufficienter
1898 3066 2026 3098 Cautum
2039 3069 2120 3099 suerit
2132 3092 2140 3106 ,
2157 3079 2204 3108 per
2226 3071 2299 3101 Pos⁴

1232 3106 1347 3136 sessores
1361 3105 1529 3136 Vittellarios
1543 3105 1588 3135 seu
1602 3104 1638 3134 M
1657 3104 1757 3135 visti-os
1771 3105 1914 3144 ejusdcm,
1933 3107 2014 3144 quod
2035 3107 2101 3137 nihil
2124 3115 2206 3137 attem
2229 3110 2300 3139 tabi-1

1232 3153 1278 3175 tur
1297 3154 1346 3184 per
1369 3144 1515 3174 Homines
1536 3143 1607 3173 illius
1664 3145 1721 3174 avis
1738 3153 1836 3174 contra
1855 3145 1980 3175 formam
2003 3146 2035 3176 &
2059 3144 2195 3175 effeetum
2238 3149 2298 3185 iga-⁶

1232 3193 1317 3221 rum,
1344 3182 1606 3220 Abstinentiarum,
1634 3182 1668 3212 &
1690 3181 1939 3222 intelligentiarum
1961 3184 2173 3220 praedic‘tarum:
2200 3184 2254 3224 Et,
2276 3187 2295 3217 fi

1230 3223 1400 3259 contingat,
1417 3221 1580 3251 durantibus
1603 3220 1700 3260 Ligis,
1717 3221 1915 3260 Abstinentiis,
1934 3221 1968 3252 &
1992 3221 2183 3259 Intelligentiis
2202 3225 2295 3261 supi-aa

1229 3260 1331 3298 dietis,
1349 3260 1452 3298 aliquid
1479 3259 1570 3297 (quod
1592 3260 1672 3297 absit)
1701 3261 1731 3290 in
1753 3263 1925 3291 contrarium
1945 3261 2118 3297 attemptari,
2139 3261 2157 3290 si
2174 3261 2295 3294 Malefa-

1230 3299 1322 3329 <stores
1338 3299 1428 3329 absint
1443 3298 1488 3328 vel
1501 3308 1561 3328 non
1577 3298 1631 3327 sint
1643 3297 1807 3335 Solvendo,
1826 3299 1934 3335 statim,
1954 3298 2010 3328 sine
2025 3298 2158 3341 dilatione
2181 3300 2293 3341 aliqua,

1229 3338 1264 3368 ad
1287 3337 1392 3368 Literas
1411 3335 1584 3367 Serenissimi
1609 3339 1720 3366 Domini
1741 3340 1818 3374 Regis
1841 3336 2183 3379 Angliaehcenincantes
2206 3341 2290 3371 talem

1227 3376 1356 3406 Praedam
1373 3375 1430 3406 esse
1444 3376 1566 3411 factam,
1585 3375 1691 3406 facient
1705 3376 1835 3406 Satisfieri
1860 3376 2053 3405 Damoincatis
2077 3376 2112 3406 de
2136 3376 2221 3407 Bonis
2242 3379 2290 3409 Fid

1226 3414 1427 3453 dejussorum3
1451 3414 1518 3449 vel,
1547 3414 1567 3444 si
1592 3413 1776 3451 Fidejussores
1797 3415 1896 3450 reperti
1919 3413 2021 3443 fuerint
2046 3423 2106 3443 non
2130 3415 2290 3456 solvendo,

1225 3462 1296 3484 tunc
1319 3453 1355 3484 de
1381 3453 1466 3483 Bonis
1486 3452 1721 3483 Gubernatorum
1746 3451 1845 3488 Villae,
1872 3451 1981 3489 Opidi,
2004 3451 2048 3482 vel
2071 3452 2190 3492 Portus,
2212 3457 2287 3486 unde

1226 3492 1386 3531 hujusmodi
1407 3491 1609 3522 Malefactores
1631 3500 1699 3521 cum
1718 3490 1850 3520 Navibus
1868 3491 2010 3527 exierunt,
2029 3491 2078 3529 ὃς,
2096 3492 2135 3521 eis
2153 3503 2210 3522 non
2232 3495 2286 3524 sol*

1226 3531 1322 3562 vendo
1341 3529 1536 3567 existentibus,
1555 3531 1590 3559 de
1612 3528 1698 3560 Bonis
1719 3528 1837 3566 publicis
1858 3525 1957 3566 Villae,
1980 3527 2089 3572 Opidi,
2114 3529 2156 3561 seu
2182 3531 2285 3562 Portus

1224 3569 1385 3608 hujusmodi
1406 3569 1476 3599 dieti
1496 3568 1620 3598 Domini
1641 3568 1853 3597 Gubernatores
1877 3565 1936 3596 fieri
1958 3565 2062 3598 facient
2085 3567 2283 3600 Damnificatis

1223 3609 1358 3648 integram
1372 3607 1615 3642 Satisfadtiouem,
1631 3607 1663 3636 ὃς
1679 3605 1762 3634 fimili
1780 3603 1886 3642 modo,
1905 3606 1932 3634 in
1948 3606 2084 3636 omnibus
2100 3607 2132 3637 δε
2150 3617 2198 3645 per
2216 3618 2286 3638 om-

1224 3649 1286 3685 nia,
1305 3649 1436 3677 Dominus
1450 3648 1509 3674 Rex
1524 3646 1651 3681 Angliae,
1671 3653 1722 3680 pro
1738 3642 1821 3673 Parte
1838 3642 1883 3673 sua
1898 3642 1958 3673 fieri
1972 3643 2052 3675 faciet
2074 3645 2108 3675 ὃ(
2131 3653 2284 3683 exequetur

1223 3688 1302 3723 super
1320 3685 1455 3715 Subditos
1478 3683 1540 3712 suos
1560 3682 1663 3720 aliquid
1681 3691 1781 3711 contra
1800 3680 1960 3718 hujusmodi
1979 3682 2107 3722 Treugas
2127 3684 2160 3715 ὃ(
2176 3683 2283 3716 Intellia

1222 3725 1328 3764 gentias
1343 3724 1559 3758 Attemptantes.

1259 3762 1366 3798 ITEM,
1386 3759 1590 3796 Conventum,
1610 3756 1852 3796 Concordatum,
1871 3758 1904 3790 &
1918 3758 2096 3789 Conclusum
2116 3758 2156 3788 est
2181 3760 2281 3800 quod,

1222 3801 1384 3831 durantibus
1402 3797 1590 3835 intelligentiis
1602 3796 1776 3834 supradietis,
1795 3796 1815 3826 fi
1827 3799 1978 3836 contigerit
1993 3799 2095 3836 aliquas
2116 3797 2280 3834 Repriseilias

1220 3840 1262 3870 ob
1274 3837 1439 3877 praetensum
1456 3835 1610 3866 Deiectum
1629 3834 1768 3874 justitiae,
1786 3844 1835 3873 per
1858 3835 2019 3873 Principem
2041 3837 2120 3865 unius
2141 3845 2189 3866 aut
2212 3837 2281 3868 alte«

1220 3879 1274 3908 rius
1290 3878 1462 3913 Regnorum
1480 3872 1683 3911 predictorum
1694 3898 1703 3911 ,
1720 3874 1800 3911 super
1816 3873 1960 3904 Homines
1972 3883 2017 3903 aut
2041 3874 2190 3911 subjectos
2212 3877 2279 3906 alte-

1220 3918 1276 3947 rius
1294 3915 1434 3950 Principis
1447 3912 1585 3949 concedi,
1603 3920 1721 3949 propter
1741 3914 1832 3951 aliqua
1856 3912 2026 3949 Attemptat]
2046 3923 2110 3949 que
2135 3913 2282 3946 Homines

1219 3955 1291 3985 illius
1307 3952 1468 3985 Provinciae
1478 3950 1647 3988 originaliter
1660 3960 1719 3980 non
1736 3960 1932 3988 concernunt,
1943 3961 2002 3979 non
2017 3951 2134 3987 patietur
2147 3955 2281 3984 Dominus

1220 3997 1280 4023 Rex
1295 3990 1408 4025 Airrliae
1425 3989 1601 4027 Reprisalias,
1620 3998 1635 4018 a
1647 3988 1673 4018 se
1689 3999 1788 4019 contra
1803 3989 1941 4026 Hispanos
1953 3989 2116 4028 concessas,
2134 3992 2162 4030 in
2178 3991 2278 4022 Perso-

1221 4034 1264 4062 nis
1276 4040 1321 4061 aut
1338 4030 1436 4059 Rebus
1452 4028 1616 4057 Hominum
1639 4026 1724 4058 diere
1748 4027 1924 4064 Provinciae,
1944 4037 1997 4057 nec
2019 4028 2055 4057 illi
2075 4027 2110 4058 de
2133 4031 2281 4060 Provincia

1220 4069 1368 4107 Guipusc'oae
1384 4066 1532 4096 antedietae
1548 4067 1688 4101 patientsi·
1709 4065 1889 4104 Reprisalias,
1902 4075 1916 4094 a
1930 4066 1998 4102 Rege
2016 4065 2139 4105 castellae
2153 4069 2282 4099 adversus

1222 4108 1361 4147 Anglicos
1385 4103 1507 4138 fortaffis
1528 4104 1725 4174 ςοηεοάεηάἰξ
1737 4127 1746 4141 ,
1776 4104 1847 4136 infra
1866 4104 1949 4136 Loca
1966 4104 2013 4136 seu
2033 4105 2136 4138 Portus
2157 4107 2282 4175 ejusIdem

1744 4150 1759 4181 3
2236 4153 2285 4175 ²⁰⁸
