2555 4266
198 103 280 144 154-
675 86 1932 142 CONVENTIONsssgLITERAE‚

61 177 138 209 Arm*
149 175 191 207 D.
207 184 309 205 morum
319 177 433 213 Regem,
451 172 662 205 &numanum
675 173 708 203 de
722 174 858 212 Duudas,
875 174 948 206 dicti
969 174 1143 206 Sereniffimi
1157 176 1191 207 &
1213 175 1284 206 Illu-

89 214 177 253 1484.
209 214 335 244 striffimi
352 214 491 251 Principis
502 212 604 251 Jacohr·
619 215 756 242 Scotorum
778 217 856 251 Regis
875 214 1112 253 Ambaffiatores,
1131 213 1283 245 Commis-

62 256 112 283 nic.
134 264 160 291 3.
208 252 310 290 sariOS,
329 253 549 289 Procuratores,
568 251 745 289 Deputatos,
763 252 798 283 &
811 252 950 282 Nuncios
964 254 1106 291 generales
1120 254 1155 283 &
1177 254 1283 291 specia-

1324 173 1508 206 Matrimonii
1523 172 1631 204 Foedus
1644 183 1661 203 a
1680 173 1804 205 Summo
1816 175 1951 206 omnium
1975 185 2070 208 rerum
2090 175 2253 208 Conditore
2276 174 2402 208 Primae-
2413 163 2549 207 Anu-D}

1323 224 1362 245 vo
1381 213 1548 243 Hominum
1565 212 1696 242 Exordio
1710 213 1740 242 in
1753 211 1888 243 Paradiso
1902 214 2057 246 dinoscitur
2070 216 2249 254 institutum,
2267 215 2400 254 qque-
2436 212 2527 258 {484-

1324 253 1398 283 neris
1414 251 1545 282 Humani
1559 251 1732 291 Propagatio
1746 251 1904 290 legittima,
1922 253 2046 284 Foedere
2060 253 2245 286 Matrimonii
2262 254 2470 294 stabilita,.1³sc·
2487 262 2513 290 3·
2542 270 2550 277 -

80 2743 97 2761 ·
119 2743 189 2771 xit.

81 2791 147 2819 ²45·

209 291 251 321 les
273 300 309 322 ex
331 301 387 322 una
410 291 493 321 Parte
508 312 517 327 ,
534 292 568 320 δε
588 290 660 321 Nos
682 290 813 320 Thonmm
834 290 1066 330 Archiepiscopum
1087 292 1282 330 Eboracenfivm

210 330 328 367 Angliae
342 330 500 361 Primatem
513 328 548 358 &
562 328 740 366 Apostolicae
756 328 837 359 Sedis
858 330 996 368 {egaram
1005 353 1016 368 ,
1032 330 1194 369 Johannem
1211 333 1286 360 Lin-

209 368 366 408 colniensbm
385 365 596 398 Cancellarium
611 367 742 407 Angliae,
759 368 794 399 &
808 367 971 406 Johannem
987 368 1202 408 Wigorniensem
1212 392 1222 408 ‚
1241 371 1286 398 E-

205 406 338 474 ΡιΥηῖος,
356 405 517 444 Johannem
533 409 634 436 Ducem
647 405 822 445 Nmffoffle,
839 408 874 438 &
890 410 933 438 W
930 407 1069 438 illielmum
1085 411 1213 438 Com-item
1222 409 1287 437 No·-

212 450 271 483 tr'ng
292 449 370 474 amiae
381 468 392 484 2
409 445 571 483 John-anem
585 449 726 475 Suttonem
738 445 775 475 de
788 445 920 485 Dudlay‚
938 447 972 477 &
994 446 1155 486 Johannem
1175 450 1222 476 Scr
1248 454 1285 484 p,

214 484 251 515 de
268 483 382 524 Upsill,
399 483 526 521 Milites,
546 483 725 514 Willielmum
739 483 827 524 Huffy
839 483 998 523 Capitalem
1010 486 1204 525 justiciarium
1253 494 1287 513 o-

214 524 285 553 rnini
302 522 392 563 Regis
406 522 522 560 Angliae
536 523 570 552 ad
588 523 694 553 Placita
707 533 807 553 coram
819 523 879 563 ipso
896 523 982 559 Rege
995 524 1115 555 tenenda
1140 522 1287 559 Militem,

214 562 360 591 Ricardum
372 559 491 600 Raklenf
498 560 647 602 Nlilitern,
663 563 696 593 ὃς
712 561 893 591 Wilssielmum
908 562 1020 592 Catesbe
1037 563 1223 599 Armigerum
1233 569 1286 596 pro

215 600 365 638 Corpore,
384 599 617 631 Excellentiffimi
641 601 674 631 &
697 600 889 631 Potentissimi
912 601 1053 640 Principis
1072 600 1184 630 Ricardi
1197 623 1207 637 ‚
1226 598 1286 630 Dei

215 639 320 681 gratia,
339 642 416 678 Regis
433 638 549 675 Angliae
565 638 790 670 Commiffarios
806 649 839 669 ex
856 639 939 669 altera
950 661 959 677 ,

250 678 447 709 TESTATUR
467 677 551 716 quod
565 678 635 708 Nos
651 677 845 708 Commissarii
859 677 995 708 anredicsti
1005 700 1014 715 ,
1033 677 1063 707 in
1079 675 1156 707 Villa
1168 675 1205 707 de
1217 675 1289 707 No-

216 717 382 756 tinghame,
400 717 509 755 Anno,
529 715 633 747 Mense
649 739 659 756 ,
679 716 740 746 Die
758 716 939 754 infrascriptis
955 739 966 754 ,
984 717 1088 746 mutuo
1110 715 1290 746 convenien-

215 765 274 794 ωε,
292 756 357 794 post
371 755 567 786 ostenfionem
582 754 833 786 Commiffionum
850 756 884 785 &
896 755 1111 785 Auctoritaturn
1125 753 1288 784 nostrarum

214 795 351 826 hincinde
370 796 500 834 (quarum
509 794 641 824 Tenores
658 793 773 823 inferius
787 793 954 830 inseruntur)
970 793 1118 832 postquam
1135 792 1290 822 nonnullos

215 834 370 866 Tractarus
386 857 396 873 ,
422 833 712 864 Communicationes
728 855 738 868 ,
757 833 791 862 &
816 832 1044 862 Delibemtiones
1069 839 1190 861 maturas
1219 831 1290 860 inter

217 872 288 904 Nos
304 874 427 910 habitas,
444 872 559 903 tandem
576 871 752 901 Auctoritate
771 872 805 901 &
825 869 940 901 Virtute
959 869 1211 900 Comm't‘fionum
1235 879 1290 898 no-

217 911 339 943 strarum
364 911 526 949 hujusmodi
550 908 788 946 Nominibusque
811 908 979 949 Principum
1002 909 1171 939 nostrorum
1187 907 1291 944 praedi-

214 951 332 981 &orum
355 949 625 988 Appunftuavimus
642 970 651 985 ,
683 946 908 985 Convenimus,
944 946 1201 978 concordavimus
1218 969 1229 986 ,
1253 946 1288 976 &

214 988 418 1020 conclusimus
434 1011 443 1025 ,
462 987 699 1024 Appunc'tuzmus
713 1009 722 1024 ,
741 984 947 1016 Convenimus
962 1008 971 1023 ,
986 985 1209 1016 Concordamus
1226 1007 1236 1022 ,
1253 986 1288 1016 &

216 1027 427 1059 concludimus
442 1028 471 1056 in
487 1026 624 1056 omnibus
637 1025 671 1056 &
686 1035 737 1063 per
750 1025 864 1063 omnia,
882 1033 967 1062 prout
985 1025 1015 1054 in
1028 1024 1209 1064 sequentibus
1232 1023 1290 1054 Ar-

218 1067 310 1098 riculis
328 1067 509 1103 continetur,

254 1143 416 1174 lupanas
429 1166 439 1179 ,
457 1141 713 1172 Communicatum
733 1164 743 1178 ,
762 1139 935 1170 Tractatum
952 1163 961 1177 ,
979 1139 1188 1180 Conventurn,
1205 1138 1291 1170 Con-

217 1181 388 1218 cordatum,
405 1181 437 1212 &
453 1180 633 1212 Conclusum
648 1179 691 1210 est
707 1181 779 1210 inter
794 1178 864 1208 Nos
886 1177 1106 1209 Commissarios
1125 1179 1233 1211 Scotiae
1254 1180 1288 1210 δε

218 1220 331 1260 Angliae
345 1220 522 1258 antedictos,
539 1218 640 1258 quod,
656 1220 728 1248 curn
744 1217 803 1248 Die
826 1216 913 1248 Datae
936 1217 1118 1248 Praesentium
1129 1241 1138 1256 ,
1158 1218 1294 1249 Austori-

216 1268 274 1290 tate
291 1258 458 1297 Principum
475 1257 658 1295 nostrorum,
676 1267 726 1294 per
740 1265 834 1287 certos
847 1256 973 1295 ipsorum
988 1255 1210 1288 Commislarios
1223 1266 1291 1294 mp-

219 1306 247 1329 m
259 1300 293 1331 &
306 1297 438 1328 conclusa
453 1296 495 1328 est
511 1305 586 1327 certa
600 1296 692 1326 forma
708 1296 892 1333 Treugarum
906 1295 939 1326 &
963 1295 1143 1326 Abstinentia
1165 1295 1291 1326 Guerra-

218 1347 283 1367 rum
307 1338 379 1367 inter
400 1335 430 1366 R
487 1345 503 1366 a
527 1335 635 1366 Scotiae
658 1336 692 1366 ὃ(
716 1333 847 1373 Angliae,
864 1343 915 1371 per
933 1333 1113 1365 Terminum
1128 1345 1147 1364 a
1164 1333 1290 1375 Vicefimo

218 1386 287 1407 nono
308 1379 363 1406 Die
378 1378 447 1404 Men
457 1385 483 1404 cs
499 1373 629 1415 instantis
638 1373 797 1412 Septembris
812 1373 1071 1411 observandarum,
1088 1381 1176 1414 prout
1197 1375 1226 1403 in
1243 1373 1290 1404 In-

216 1414 343 1445 denturis
365 1413 481 1450 desuper
507 1413 648 1444 confestis
670 1413 707 1443 de
730 1411 807 1443 Data
827 1411 964 1450 praedieta
985 1412 1096 1449 plenius
1108 1413 1292 1451 continetur,

217 1452 268 1484 sub
284 1453 330 1490 spe
345 1453 469 1483 fortioris
483 1452 628 1483 Amicitiae
644 1451 678 1482 &
691 1449 887 1490 Intelligentiae
901 1450 1042 1488 pendente
1057 1452 1291 1491 temporeTreu-

216 1501 317 1532 garum
339 1491 499 1530 hujusmodi
523 1492 593 1522 inter
614 1490 759 1528 Principes
777 1489 954 1529 antedictos,
972 1489 1125 1521 occasione
1149 1500 1289 1521 novarum

218 1530 401 1562 Affinitatum
427 1540 492 1574 quae
512 1531 542 1561 in
564 1539 668 1560 eorum
687 1528 860 1568 Sanguinem
882 1538 933 1566 per
950 1528 1086 1560 Medium
1106 1528 1292 1560 Matrimonii

218 1570 349 1600 contrabi
368 1569 504 1614 possunt,
521 1568 671 1600 succedere
690 1568 825 1605 debeant,
844 1567 1044 1605 contrahetur,
1062 1567 1238 1605 perficietur,
1257 1569 1291 1598 ὃς

219 1608 269 1639 fiet
306 1607 418 1639 Divina
433 1606 533 1638 Gratia
546 1607 702 1642 mediante,
720 1606 840 1641 Sacrum
859 1605 1018 1638 Vinculum
1042 1606 1224 1637 Matrimonii
1247 1608 1291 1637 in-

219 1631 417 1679 terriuustrem
430 1645 597 1684 Principem
612 1645 749 1684 Jacobum
764 1647 974 1682 Primogenitum
989 1644 1028 1680 ό·
1043 1646 1188 1676 Heredem
1210 1645 1291 1676 Sere-

224 1686 328 1717 nisfimi
349 1685 486 1723 Principis
508 1685 611 1724 Jacobi
633 1687 712 1721 Regis
733 1687 870 1714 Scotorum
887 1707 896 1722 ,
920 1685 955 1715 &
975 1683 1106 1715 inclitam
1128 1684 1291 1715 Dominam

220 1729 341 1755 Annam
357 1724 590 1755 Excellentisfimi
607 1723 640 1754 &
656 1722 845 1753 potentissimi
860 1721 1000 1761 Principis
1010 1724 1124 1753 Ricardi
1134 1726 1213 1759 Regis
1224 1726 1293 1754 An-

217 1762 282 1802 gliae
303 1765 420 1802 Neptem
444 1771 479 1793 ex
501 1762 628 1800 Sorore,
645 1760 765 1792 Nobilis
784 1761 818 1793 &
841 1760 969 1792 Potentis
990 1761 1131 1800 Principis
1149 1761 1293 1800 Johannis

221 1805 306 1832 Dua’s
323 1800 474 1841 Suffilchiae
494 1801 619 1838 Filiam,
638 1801 854 1839 quamprimum
875 1801 947 1831 intra
967 1809 1081 1839 tempus
1094 1801 1228 1831 Triennii
1250 1805 1295 1832 lu-

221 1841 357 1880 pradiffi,
374 1849 492 1878 utraque
507 1839 593 1870 Prole
605 1838 639 1870 ad
658 1838 791 1871 AEtatem
805 1839 974 1878 legittimam
997 1841 1181 1878 perveniente
1201 1839 1295 1879 quoad

221 1879 409 1911 commodius
422 1879 497 1917 fieri,
516 1878 725 1917 Solemnizari,
743 1878 776 1909 &
792 1877 994 1909 Consummari
1049 1880 1120 1909 terit.

260 1917 369 1957 ITEM,
386 1926 500 1956 propter
523 1917 687 1949 Absentiam
708 1918 789 1947 unius
811 1918 845 1949 &
867 1917 978 1948 alterius
1006 1889 1132 1949 &olium
1146 1917 1296 1956 praediffl-

221 1967 285 1987 rum
301 1967 317 1987 a
330 1958 399 1987 loco
413 1957 462 1987 ubi
471 1957 530 1994 jam
547 1956 664 1994 praesens
677 1955 830 1986 ‘ructatus
850 1956 985 1991 habetur,
1003 1958 1037 1988 &
1060 1958 1126 1995 quia
1146 1957 1293 1988 nunnullae

223 1995 446 2033 Promisiiones,
465 1994 674 2032 Conditiones,
692 1993 866 2031 Cautiones,
886 1994 1071 2033 Securitates,
1092 1996 1126 2026 &
1143 1996 1205 2026 aliae
1219 1995 1296 2026 Pro-

223 2035 345 2066 viliones
362 2033 523 2065 neceffiriae
537 2034 626 2064 solent
642 2034 675 2065 ὅ(
689 2032 796 2069 debent
814 2035 841 2063 in
858 2032 1115 2065 Conventionibus
1131 2033 1295 2073 hujusmodi

223 2074 395 2104 intervenire
407 2073 443 2103 de
460 2073 564 2111 quibus
577 2073 748 2110 oportuni-cis
768 2073 826 2102 aliis
847 2072 934 2103 Loco
954 2073 988 2104 ὅτ
1007 2073 1160 2112 Tempore
1183 2073 1295 2104 tracian·

224 2114 346 2150 poterit,
363 2112 600 2150 Appuntftuatum
615 2113 649 2142 &
665 2110 843 2141 Conclufiim
867 2110 909 2141 est
929 2113 1002 2142 inter
1025 2111 1094 2143 Nos
1119 2111 1296 2143 Commissa-

225 2153 282 2181 rios
294 2151 453 2188 anredkstos
464 2150 500 2181 de
515 2150 570 2180 unzi
588 2149 676 2180 Dicta
693 2149 837 2180 statuenda
850 2150 884 2180 δί
901 2149 1025 2181 tenenda
1046 2151 1117 2181 infra
1138 2151 1260 2181 Annum
1280 2161 1296 2181 a

224 2189 288 2230 Die
302 2190 386 2221 Datae
402 2189 590 2225 Praesentium
605 2190 634 2218 in
648 2189 744 2226 aliquo
761 2197 843 2220 certo
859 2189 892 2219 &
907 2191 1093 2220 convenienti
1108 2189 1194 2220 Loco
1203 2189 1298 2230 Regni

220 2229 337 2268 'Angli-22
352 2252 361 2267 ,
387 2228 423 2259 ad
443 2233 532 2266 quem
555 2227 752 2258 Commiii'arii
773 2227 920 2266 utriusque
943 2227 1082 2266 Principis
1103 2228 1238 2260 accedere
1262 2229 1297 2260 &

223 2269 385 2308 convenire
398 2268 504 2306 pos-lint
521 2267 556 2298 &
568 2267 689 2297 debeant
701 2290 709 2305 ,
727 2266 763 2296 de
777 2268 812 2298 δε
827 2266 908 2304 super
920 2268 1056 2298 omnibus
1069 2267 1222 2298 Praemisfis
1242 2277 1297 2298 tra-

223 2307 327 2338 Ctaturi
348 2308 382 2339 &
403 2306 521 2343 finaliter
540 2305 716 2343 conclusuri,
738 2315 792 2343 pro
816 2304 875 2336 Die
903 2315 999 2337 autem
1018 2306 1186 2337 inchoando
1199 2305 1297 2337 Dietae

226 2346 390 2385 hujusmodi
402 2345 552 2383 affignatur
565 2344 680 2374 Festum
696 2344 863 2375 Nativitatis
880 2343 973 2376 Beatae
985 2344 1089 2376 Mariae
1103 2346 1238 2384 proximo
1252 2345 1299 2377 fu-

226 2394 338 2421 turum,
354 2386 387 2416 &
401 2395 458 2423 pro
472 2384 541 2414 loco
555 2382 666 2414 Civitas
682 2383 819 2414 Eboraci.

262 2423 310 2454 Ιτ
322 2433 340 2454 Ε
350 2432 377 2454 ,ιι
392 2446 401 2462 ,
420 2422 610 2454 Convenmm
625 2446 635 2460 ,
653 2423 889 2461 App-,instuatum
901 2447 912 2461 ,
938 2422 972 2453 &
997 2421 1222 2454 concordatum
1239 2422 1300 2462 est,

226 2461 406 2493 Nominibus
428 2462 545 2501 Regum
570 2461 779 2500 praediitorum
796 2486 806 2500 ,
824 2462 896 2491 inter
924 2471 975 2492 nos
995 2460 1217 2492 Commiffarios
1238 2472 1300 2492 me-

223 2510 370 2539 moratos,
388 2500 484 2539 quod,
502 2501 644 2538 pendente
666 2509 796 2538 tempore
818 2509 885 2530 ante
911 2500 1039 2531 Ditetam
1063 2502 1098 2532 ὅ(
1119 2500 1226 2531 Diaetae
1245 2500 1300 2531 hu-

222 2539 346 2578 jusmodi
368 2539 522 2578 postquam
544 2541 741 2576 inceptionem
761 2538 884 2577 ejusdem
909 2539 995 2577 usque
1014 2539 1049 2570 ad
1064 2538 1182 2570 Festum
1197 2538 1300 2570 Purifi-

225 2580 346 2609 cationis
362 2578 454 2609 Beatae
473 2577 574 2607 Mariae
589 2580 725 2615 proximo
741 2585 845 2608 extunc
859 2577 985 2607 futurum
997 2601 1007 2616 ,
1022 2587 1116 2617 neque
1137 2578 1231 2609 difitus
1249 2578 1300 2609 Se—

226 2617 384 2648 renisfimus
397 2619 457 2646 Rex
470 2619 605 2645 Scotorum
620 2616 700 2646 suum
727 2616 973 2655 Primogenitum,
992 2626 1086 2654 neque
1106 2616 1199 2647 dietus
1219 2617 1302 2647 Sere-

226 2656 353 2687 niffimus
365 2659 426 2685 Rex
443 2653 558 2692 Angliae
571 2652 705 2693 Neptem
718 2655 795 2685 suam
815 2654 960 2692 praefatam
975 2656 1122 2692 promittet
1138 2664 1187 2685 aut
1204 2655 1299 2694 dabit,

226 2696 396 2734 promitrive
418 2693 464 2724 seu
488 2694 546 2724 dari
570 2693 655 2724 faciet
679 2693 762 2723 alicui
785 2692 830 2722 alii
855 2691 988 2723 Personae
1016 2695 1045 2723 in
1072 2692 1297 2724 Matrimonium

227 2734 313 2773 quam
329 2742 412 2770 prout
428 2732 552 2769 superius
563 2733 746 2768 continetur,
763 2731 808 2761 sed
825 2731 860 2762 ad
878 2731 968 2769 ipsum
990 2734 1003 2747 ⁹
1026 2731 1299 2763 Matrimoniumin-

227 2780 271 2803 ter
293 2772 383 2802 dietas
407 2770 508 2801 Proles
528 2771 731 2808 prolocutum,
749 2770 918 2800 adveniente
938 2770 1082 2808 utriusque
1096 2769 1197 2801 AEtate
1211 2771 1300 2810 legiti-

228 2811 294 2849 ma,
311 2811 436 2841 omnino
460 2808 664 2849 perficiendum
687 2810 721 2839 &
743 2809 1005 2839 consummandum
1025 2818 1145 2847 uterque
1173 2809 1300 2848 ipsorum

230 2849 348 2888 Regum
362 2857 484 2879 omnem
498 2848 576 2879 suam
590 2857 707 2888 operam
723 2848 756 2877 &
772 2848 946 2887 diligentiam
965 2847 1119 2878 adhibebit.

268 2888 401 2925 ITEM,
420 2887 641 2918 concordatum
658 2886 700 2917 est
718 2887 816 2925 quod,
833 2887 852 2916 si
877 2887 1019 2924 pendente
1038 2887 1192 2925 Tempore
1207 2886 1301 2925 supra-

231 2928 313 2959 disto
325 2928 440 2958 alteram
457 2925 587 2957 Prolium
601 2925 800 2963 praedictarum
811 2948 820 2963 ‚
838 2925 917 2963 quod
933 2925 1019 2963 abiit,
1035 2926 1108 2956 mori
1130 2927 1302 2964 continget,

232 2975 302 2997 tunc
323 2966 459 3003 Princeps
477 2965 549 2995 iliius
570 2964 664 2996 Proh's
685 2975 751 3003 quae
774 2964 950 3003 supervivet,
968 2964 1056 2994 libere
1075 2965 1186 3002 'poterit
1214 2964 1250 2996 de
1269 2965 1303 2996 &

231 3006 311 3044 supet
328 3003 522 3036 Matrimonio
538 3002 630 3033 Ptolis
642 3002 802 3041 hujusmodi
824 3003 973 3041 disponere
997 3013 1050 3041 pro
1072 3005 1128 3034 suae
1148 3002 1231 3034 libito
1246 3013 1302 3035 vo-

230 3044 359 3082 luntatis,
376 3043 502 3082 praesenti
517 3042 655 3072 Traftatu
674 3052 734 3072 non
749 3041 887 3072 obstante.

275 3083 383 3121 QUAE
402 3082 502 3112 omnia
523 3081 557 3111 &
579 3080 683 3119 lingula
704 3082 740 3110 ita
759 3081 832 3110 inter
847 3080 916 3110 Nos
933 3081 1038 3111 mutuo
1055 3078 1302 3119 Communicat'a,

235 3121 388 3158 Tmetata,
406 3119 622 3158 Appuncttuata,
641 3118 811 3156 Conventa,
830 3120 864 3151 ὃ(
887 3118 1090 3157 Concordam,
1104 3118 1174 3149 Nos
1195 3118 1303 3150 Orato-

200 3174 202 3177 ·
235 3169 295 3198 res,
315 3159 550 3196 Ambaffiarores,
567 3157 602 3188 ὅ(
616 3156 814 3188 Commiisarii
829 3159 907 3196 Regis
918 3161 1055 3188 Scotorum
1072 3158 1304 3198 supranominati,

235 3198 435 3229 Promittimus
451 3207 501 3243 per
516 3196 606 3234 ipsum
627 3195 898 3226 Metuendiffimum
915 3195 1084 3227 Dominum
1100 3195 1234 3227 nostrum
1242 3195 1304 3228 Re·

236 3246 323 3277 gem,
341 3237 433 3274 suosq3
450 3235 633 3267 successores
647 3234 742 3273 quoad
759 3235 849 3277 ipsum
871 3235 906 3265 &
932 3235 1004 3272 ipsos
1020 3236 1138 3273 attinet,
1157 3235 1261 3266 debere
1274 3237 1304 3265 in

237 3277 373 3306 omnibus
395 3277 429 3307 ὃς
449 3285 499 3314 per
524 3274 624 3304 omnia
642 3274 730 3304 teneri
749 3272 948 3303 invnolabiliter
969 3274 1068 3310 pariter
1088 3275 1122 3304 &
1147 3273 1304 3311 observari,

237 3314 461 3352 praesentemque
480 3313 663 3343 indenturam
685 3321 733 3348 per
755 3311 862 3341 Literas
887 3311 1017 3342 Patentes
1038 3310 1163 3346 eiusdem
1178 3311 1306 3342 Domini

236 3351 326 3383 nostri
344 3352 445 3391 Regis,
462 3353 512 3383 suo
531 3350 648 3387 Magno
661 3350 763 3387 Sigillo
779 3349 951 3387 lieillandaS,
970 3348 1179 3380 Ratificatorias
1194 3351 1224 3379 in
1246 3349 1305 3380 Ec-

236 3390 318 3421 clefia
339 3390 496 3422 Parochiali
519 3390 614 3420 Sanffl
637 3388 776 3420 Nicholai
797 3387 826 3418 V
829 3388 883 3417 ille
903 3387 993 3418 Novi
1014 3385 1107 3417 Castri
1137 3387 1216 3418 sexro
1243 3387 1304 3419 Die

238 3428 348 3459 Mensis
362 3428 535 3459 Decembris
550 3429 685 3466 proximo
702 3427 800 3458 futuro
814 3426 937 3457 Nuncio
960 3429 1038 3462 Regis
1055 3425 1167 3463 Angliae
1178 3447 1188 3463 ,
1207 3426 1306 3458 fimiles

239 3467 348 3498 Lireras
361 3477 414 3504 pro
427 3469 486 3505 ipso
500 3467 586 3503 Rege
598 3465 746 3503 afferenti,
765 3465 855 3495 Tiadi
870 3465 903 3495 &
920 3464 1048 3495 Liberat-i
1066 3465 1181 3494 debere.

277 3506 408 3536 Tenores
424 3509 494 3535 vero
509 3504 773 3543 Commiffionum,
790 3503 827 3535 de
841 3503 943 3544 quibus
967 3502 1047 3540 supra
1068 3502 1100 3534 fit
1117 3503 1245 3540 mentio,
1263 3503 1305 3535 se-

241 3554 385 3584 quuntur,
403 3545 436 3577 δε
451 3544 511 3574 sunt
528 3544 610 3582 tales,

280 3625 420 3664 Jacobu5‚
438 3623 497 3654 Dei
514 3623 615 3662 gratia,
631 3627 693 3654 Rex
706 3628 860 3664 Scotorum,
878 3621 939 3659 &a
955 3621 1080 3663 utsupra
1092 3625 1122 3653 in
1131 3621 1309 3662 Commtffione

243 3667 315 3695 Dat.
324 3663 473 3703 penultimo
488 3665 543 3692 Die
559 3663 662 3703 Mensis
674 3663 802 3704 Augusti.

281 3741 429 3779 Ricardus,
448 3738 508 3769 Dei
523 3738 626 3777 gratia,
644 3743 704 3770 Rex
718 3739 832 3778 Angliae
849 3739 888 3775 ὠ·
900 3742 1044 3780 Francia,
1059 3737 1098 3774 ώ-
1113 3740 1246 3768 Dominus
1253 3739 1310 3767 Hi-

242 3777 357 3818 berniae,
374 3778 509 3823 univerfis
521 3779 554 3809 &
568 3777 695 3817 lingulis,
713 3780 747 3809 ad
763 3789 886 3818 quorum
899 3779 1012 3810 notitias
1034 3776 1183 3816 praesentes
1203 3775 1310 3807 Literae

243 3816 661 3899 μὲἔξηέὅηὲἒὲἑιῖἓὸᾳςς
681 3854 716 3885 &
735 3854 902 3899 Amicitias,
918 3856 953 3886 &
977 3855 1029 3886 alia
1050 3852 1203 3898 honestatis
1224 3851 1312 3896 Liga-

247 3901 340 3937 mina,
354 3893 562 3937 ‘pactionesque
575 3894 710 3933 legitimas
728 3891 884 3923 Christ1an1
899 3894 933 3924 ad
950 3895 1076 3925 invicem
1093 3890 1241 3929 Principes
1255 3900 1312 3921 tm-

248 3931 361 3972 retloliti
373 3931 451 3970 sunt,
467 3943 513 3970 ut,
530 3943 566 3964 eo
581 3931 660 3971 quod
675 3932 781 3969 duplici
795 3931 938 3963 Potestate
963 3932 1067 3964 muniti
1087 3930 1226 3966 existunt,
1243 3938 1312 3967 pro-

246 3976 328 4009 prie,
345 3969 492 4009 videlicet,
509 3972 543 4002 &
561 3971 732 4002 Amicorum
752 3969 908 4008 Praefidm,
925 3980 1029 4001 eorum
1050 3969 1191 4000 Dominia
1210 3968 1313 4012 sortio-

246 4015 275 4037 τε
288 4015 301 4036 t
446 4032 456 4046 ,
472 4016 558 4048 atque
570 4011 642 4043 inter
654 4018 757 4042 cetera
769 4009 916 4041 Amorum
928 4009 961 4040 &
978 4007 1182 4040 Benivolentiae
1187 4005 1313 4038 Vincula

1324 293 1397 322 inter
1414 290 1564 330 Principes
1584 289 1692 320 Pacem
1711 291 1831 327 nutriat,
1850 289 1925 321 Bella
1945 292 2023 329 prius
2038 293 2098 331 geri
2118 293 2199 325 solita
2214 293 2312 333 tollat,
2331 294 2401 326 iniat

1325 329 1549 400 Οοὲεοτᾴἰςιω,
1566 329 1600 360 &
1614 329 1758 359 Amorem
1774 337 1886 368 augeat:

1403 379 1435 400 os
1461 377 1535 399 ⁰1tur

1364 407 1452 439 Atten
1475 391 1554 437 entes
1572 407 1606 438 &
1630 406 1659 436 in
1680 405 1793 436 Animo
1814 405 2010 444 revolventes,
2027 406 2109 445 quod
2132 417 2182 446 per
2205 408 2401 442 Contractum

1327 445 1553 476 Matrimonium
1577 446 1649 475 inter
1667 444 1871 475 Praedilec'turn
1886 444 2143 482 Consanguineum
2164 447 2295 480 nostrum
2309 449 2400 488 Jaco-

1327 484 1389 513 bum
1411 487 1622 521 Primogenitum
1646 482 1685 518 ὠ·
1705 484 1851 513 Haeredem
1864 482 2037 513 Sereniffimi
2050 484 2191 521 Principis
2203 485 2306 524 Jacobi
2318 490 2399 526 Regis

1326 526 1463 553 Scotorum
1481 524 1568 552 etiarn
1591 521 1801 562 Consanguinei
1826 522 1916 553 nostri
1937 521 2072 552 cariffimi
2091 522 2248 562 Illustrem,
2265 525 2398 565 nostram-

1326 572 1377 600 que
1398 563 1517 598 Neptem
1539 563 1687 590 Dominam
1707 564 1826 590 Annam
1844 561 2005 592 Praedileffi
2020 563 2053 593 &
2069 561 2172 592 Fidelis
2186 561 2398 602 Conffinguinei

1327 598 1418 629 nostri
1447 597 1590 637 Johaunis
1616 602 1700 628 Ducis
1725 599 1876 638 Suff‘olchiae
1904 612 1939 629 ex
1975 611 2008 629 m
2033 611 2067 629 ra
2099 603 2194 630 sorore
2220 600 2319 630 Filiam
2346 613 2397 640 per

1328 636 1388 667 Dei
1406 638 1542 674 graciam,
1560 637 1738 675 celebrandi,
1758 638 1864 675 possint
1879 639 2006 669 veresim'
2021 641 2070 670 iter
2087 638 2245 670 Affinitares
2264 639 2298 670 &
2314 640 2398 672 Ami-2

1328 677 1404 706 citiae
1420 677 1491 706 inter
1505 677 1566 705 Nos
1583 677 1618 708 ὅ(
1632 676 1742 706 dictum
1756 680 1894 706 Scotorum
1914 682 2026 714 Regem,
2045 678 2218 716 Angliaeque
2237 677 2271 708 ὃς
2291 677 2398 710 Scotiae

1329 713 1448 744 Domos
1462 714 1570 745 inclitas
1583 716 1758 754 augmentari
1769 738 1779 753 ,
1797 715 1902 746 firmari
1913 741 1923 754 ,
1942 718 1975 748 ὃ(
1991 717 2100 748 solidari
2108 725 2211 756 ‚prout
2225 717 2356 755 cupimus
2367 717 2402 749 δε

1328 762 1460 790 optamus
1469 777 1479 790 ,

1367 790 1487 821 Notum
1503 791 1586 829 igitur
1602 791 1720 822 facimus
1732 791 1815 831 quod
1830 792 1916 830 Nos,

1367 829 1401 858 ln
1416 839 1447 859 ea
1462 839 1540 867 parte
1557 828 1639 860 Votis
1653 831 1686 860 &
1706 830 1858 861 Desideriis
1871 832 1941 862 disti
1956 831 2128 863 Sereniffimi
2143 832 2282 872 Principis
2303 831 2402 869 Jacohz'

1330 869 1407 906 Regis
1427 871 1561 897 Scotorum
1583 869 1611 897 id
1636 869 1826 906 pariformi·er
1852 871 1997 910 optantis,
2021 871 2137 910 suosque
2159 872 2375 902 Arhbaxiatores
2389 895 2400 909 ,

1330 906 1537 951 pro'TraCtatu
1559 906 1640 944 super
1663 906 1814 938 Praemislis
1834 908 1985 947 habendo,
1999 910 2034 940 ad
2056 910 2126 941 Nos
2149 912 2303 949 mittentis,
2321 910 2405 941 incli-

1334 955 1408 982 nan,

1368 983 1418 1014 De
1434 983 1504 1014 Fide
1515 1007 1524 1021 ,
1542 983 1712 1023 Legalitate,
1731 983 1892 1021 Probitate,
1911 984 2055 1023 scientia,
2072 985 2357 1025 circumspectione,
2369 988 2404 1020 &

1332 1021 1473 1053 Industria
1490 1022 1729 1053 Reverendiffimi
1746 1022 1834 1054 Patris
1850 1023 1958 1053 Thomae
1982 1023 2086 1054 Ari-hie
2106 1025 2181 1065 {fiopi
2198 1027 2320 1056 Eborum
2340 1026 2404 1058 An*

1331 1062 1396 1100 gli-z
1417 1061 1548 1102 Primatis
1569 1062 1602 1092 &
1627 1062 1806 1099 Apostolicae
1832 1062 1911 1091 Sedis
1942 1063 2041 1101 Legati
2081 1033 2324 1096 {Reverendomm
2345 1064 2404 1096 Pa-

1330 1110 1407 1132 rrum
1419 1124 1433 1139 ‚
1445 1099 1588 1139 Johanvis
1607 1099 1801 1142 Lincolnienfir
1815 1099 1984 1131 Cancellarii
1999 1086 2108 1140 nostri,
2125 1104 2159 1134 δί
2174 1102 2317 1141 Johamu's
2334 1105 2402 1134 Wi-

1328 1139 1474 1209 ᾗῗζῖἴζῗ
1488 1139 1546 1217 ’γῗ
1560 1139 1740 1208 253⁰ssssss
1749 1138 1917 1217 aiffffiissff
1918 1139 2152 1210 Οἳεωινῖῗὲἓὲῗ
2154 1143 2294 1210 {mu
2284 1151 2404 1211 1322?

1333 1217 1448 1254 hamiae,
1468 1216 1707 1248 Praedileetorum
1721 1217 1754 1248 &
1770 1217 1792 1247 F
1794 1204 2109 1256 idelium²nostr0rum‚
2126 1218 2270 1257 Johannis
2291 1193 2403 1250 Surtaebgte

1332 1256 1368 1286 de
1388 1255 1505 1296 Dudlay
1518 1279 1528 1293 ,
1550 1256 1583 1286 ὃ(
1602 1254 1746 1294 Johannis
1765 1259 1858 1295 Scrope
1879 1256 1915 1287 de
1936 1256 2037 1295 Upsall
2053 1280 2064 1296 ‚
2083 1257 2213 1289 Militum
2230 1281 2241 1297 ,
2262 1256 2405 1288 Wlli‘elma·

1332 1294 1408 1334 Huft
1433 1294 1566 1332 Capitalis
1584 1293 1739 1333 Justiciarii
1759 1294 1847 1326 nostri
1870 1295 1904 1324 ad
1927 1294 2036 1326 Placita
2058 1306 2157 1327 coram
2173 1296 2273 1327 Nobis
2285 1297 2405 1328 tenenda

1335 1333 1457 1372 Militis,
1475 1333 1587 1363 Ricardi
1602 1331 1732 1374 Ratchf,
1750 1333 1784 1364 &
1801 1333 1948 1364 Willielrm'
1964 1334 2092 1373 Catesby,
2110 1335 2331 1374 Armigerorum
2355 1344 2408 1374 pro

1334 1372 1470 1410 Corpore
1486 1372 1603 1409 nostro,
1622 1371 1858 1403 Conliliariorum
1873 1372 2040 1404 nostrorum
2057 1375 2187 1412 apprime
2209 1373 2408 1413 Dilee‘torum,

1333 1412 1368 1442 ad
1387 1412 1505 1449 plenum
1526 1411 1721 1447 confidentes,
2109 1427 2114 1430 -

1371 1450 1468 1490 Ipsos,
1486 1449 1650 1481 Novemve
1665 1474 1675 1488 ,
1691 1449 1774 1480 Osto
1790 1473 1800 1488 ,
1819 1449 1938 1488 Septem
1957 1474 1967 1489 ,
1983 1450 2038 1482 Sex
2054 1474 2064 1489 ,
2081 1451 2240 1490 Quinque,
2257 1451 2409 1490 Quarum,

1334 1488 1367 1520 &
1387 1489 1461 1519 Tres
1482 1489 1642 1520 eorundem
1661 1512 1670 1527 ,
1697 1488 1809 1520 nostros
1828 1500 1912 1520 veros
1928 1490 1961 1520 &
1986 1490 2160 1521 indubitatos
2180 1490 2384 1522 Procuratores
2397 1512 2409 1529 ‚

1335 1527 1571 1566 Commiss‘arios,
1591 1527 1769 1566 Deputatos,
1794 1528 1828 1558 &
1849 1528 1987 1559 Nuncios
2002 1528 2131 1568 speciales
2147 1528 2297 1568 Facimus,
2322 1528 2411 1560 Con—

1334 1566 1495 1605 stituimus,
1514 1567 1548 1598 &
1566 1566 1742 1598 Ordinamus
1761 1576 1811 1604 per
1828 1566 2000 1604 Praesentes,

1373 1605 1483 1635 Dantes
1500 1607 1534 1637 δε
1554 1604 1759 1637 Concedentes
1777 1605 1882 1636 eisdem
1896 1628 1906 1644 ,
1921 1616 1956 1637 ac
1974 1606 2083 1637 Tribus
2101 1614 2206 1638 eorum
2220 1629 2230 1646 ,
2256 1604 2296 1638 fic
2313 1612 2412 1638 nmen

1334 1644 1415 1682 quod
1445 1644 1523 1675 idern
1547 1644 1636 1683 noster
1659 1641 1843 1675 eamr-ilarius
1867 1655 1939 1675 unus
1956 1655 2060 1676 eorum
2079 1645 2176 1677 existat
2192 1670 2202 1684 ,
2229 1644 2408 1677 Potestatem

1333 1683 1493 1723 generalem
1509 1684 1542 1714 &
1564 1681 1736 1714 Mandatum
1755 1683 1873 1721 speciale
1891 1693 1943 1718 pro
1961 1683 2063 1715 Nobis
2081 1685 2115 1716 &
2134 1684 2273 1715 Nomine
2286 1683 2408 1722 nostro,

1335 1732 1404 1752 cum
1420 1722 1628 1760 Spectabilibus
1644 1723 1678 1753 &
1698 1721 1866 1752 Clariffimis
1885 1721 2022 1754 Dominis
2041 1722 2228 1762 Egregiisque
2244 1723 2339 1762 Viris,
2356 1725 2409 1753 Co-

1333 1760 1390 1790 lr'no
1404 1764 1506 1791 comite
1519 1760 1552 1789 de
1565 1760 1660 1798 Ergile
1674 1763 1793 1790 Domino
1816 1760 1957 1799 Canpbell
1977 1760 2016 1797 &-
2037 1763 2132 1791 Lorne
2154 1761 2335 1794 Cancellario
2353 1770 2410 1793 no-
2464 1756 2468 1759 V

1336 1799 1412 1838 stro,
1432 1799 1606 1830 Reverendo
1631 1798 1713 1830 Patre
1737 1798 1890 1830 W'illielmo
1911 1801 1940 1828 E
1956 1798 2038 1839 iftopo
2060 1799 2247 1841 Abirdonenfi
2261 1823 2271 1837 ,
2290 1799 2411 1830 Robem

1336 1842 1455 1869 Domino
1482 1837 1563 1876 Lile,
1581 1840 1736 1868 Laurentio
1759 1841 1876 1877 Domino
1898 1841 1923 1868 0
1935 1838 2034 1878 iphant
2051 1862 2061 1879 ,
2087 1838 2221 1878 Johanne
2237 1836 2415 1869 Drummond

1336 1878 1373 1908 de
1386 1877 1516 1909 Stobhall
1527 1901 1537 1916 ,
1554 1875 1726 1907 Archibaldo
1739 1876 1911 1917 thtelaw
1929 1877 2130 1908 Archiffiaeor'io
2141 1878 2411 1916 Laudon1'ae‚Leone

1336 1920 1488 1947 Armorum
1503 1918 1589 1953 Rege,
1605 1917 1639 1946 &
1652 1918 1788 1946 Dumana
1803 1916 1837 1947 de
1862 1917 1996 1955 Dundas,
2015 1916 2206 1956 Conliliariis,
2226 1915 2412 1947 Ambaxiato-

1337 1957 1414 1986 ribus
1430 1979 1440 1995 ,
1460 1954 1672 1986 Commissariis
1686 1979 1695 1993 ,
1714 1954 1951 1985 Procuratoribus
1967 1979 1976 1993 ,
1997 1956 2015 1974 ²*
2038 1954 2188 1993 Deputatis
2204 1980 2214 1991 ,
2231 1956 2264 1986 &
2284 1954 2414 1986 Nunciis
2427 1957 2447 1978 ⁸
2465 1955 2536 1990 X'u:

1337 1994 1409 2026 dieti
1440 1993 1615 2025 Sereniffimi
1639 1993 1780 2032 Principis
1805 1994 1908 2033 Jacohi
1930 1997 2010 2033 Regis
2033 1997 2170 2024 Scotorum
2196 1993 2409 2032 Consanguinei
2429 1997 2496 2034 24⁶·

1337 2033 1427 2065 nostri
1443 2032 1575 2065 cariffirni

1378 2073 1464 2112 Quos
1488 2057 1605 2111 quider’n
1634 2070 1850 2102 Ambaxiatores
1883 2071 1963 2103 idem
1989 2069 2225 2110 Consanguineus
2249 2068 2358 2102 noster·
2374 2069 2412 2102 ad

1336 2110 1407 2142 Nos
1424 2113 1458 2144 &
1477 2111 1549 2142 intra
1567 2110 1626 2140 hoc
1647 2110 1786 2149 Regnum
1804 2110 1935 2142 nostrum
1956 2109 2074 2147 Angliae
2090 2134 2101 2148 ,
2125 2119 2193 2141 cum
2217 2109 2361 2141 Potestate
2376 2110 2412 2142 δε

1339 2150 1518 2181 Auctoritace
1536 2149 1667 2189 Negotia
1685 2149 1858 2188 infrascripta
1875 2148 2034 2180 Tradiandi
2051 2150 2084 2181 ὃ(
2103 2147 2326 2188 Concludendi,
2340 2150 2412 2187 jam-

1338 2189 1452 2220 dudum
1473 2188 1548 2219 milit
1562 2189 1597 2220 δε
1614 2187 1782 2226 destinavit,

1375 2227 1426 2258 De
1451 2228 1486 2259 &
1511 2227 1592 2265 super
1617 2226 1797 2266 sponsalibus
1823 2227 1857 2258 &
1887 2226 2080 2257 Matrimonia
2107 2227 2180 2257 inter
2202 2225 2340 2265 -Jacobum
2364 2225 2412 2256 Fi-

1339 2264 1405 2296 lim
1429 2268 1464 2298 &
1484 2266 1719 2304 Primogenitum
1735 2265 1804 2296 dic‘ti
1822 2268 1901 2302 Regis
1917 2267 2011 2296 Scotiae
2026 2289 2035 2303 ,
2060 2266 2094 2296 ὅ(
2119 2265 2265 2304 praefatam
2292 2268 2412 2297 Anzan

1338 2307 1456 2344 Neptem
1474 2317 1509 2335 no
1533 2315 1592 2334 ram
1608 2304 1808 2336 contrahendis
1822 2329 1831 2343 ,
1859 2305 1938 2335 Dote
1954 2328 1963 2341 ,
1991 2303 2132 2334 Domlitio
2147 2328 2156 2342 ,
2181 2304 2226 2334 seu
2244 2302 2415 2335 Donatione

1340 2348 1458 2384 propter
1513 2345 1618 2382 nptias,
1637 2344 1716 2374 vi&
1731 2343 1834 2374 virtute
1851 2343 2066 2382 sponsaliorum
2089 2343 2136 2374 seu
2157 2342 2339 2373 Matrimonii
2360 2343 2414 2374 hu-

1336 2382 1463 2421 jusmodi
1489 2382 1693 2413 Promittendis
1707 2405 1717 2420 ,
1746 2381 1877 2420 Dandis,
1897 2381 2094 2412 Persolvendis
2113 2406 2123 2420 ,
2148 2383 2182 2413 δε
2206 2380 2412 2419 Recipiendis‚

1340 2422 1500 2453 Trac‘tandi
1514 2445 1525 2461 ,
1554 2420 1763 2452 Concordandi
1779 2444 1790 2460 ‚
1817 2419 2066 2451 Communicandi
2083 2445 2093 2459 ,
2113 2420 2335 2460 Appunetuandi
2350 2443 2361 2458 ,
2375 2419 2411 2451 ὃς

1331 2460 1548 2492 'Concludendi
1556 2483 1566 2498 ,

1378 2500 1528 2530 Locorum
1539 2523 1549 2538 ,
1563 2499 1764 2537 Temporum,
1783 2496 1948 2528 Modorum
1958 2496 2186 2536 ‚Conditionum
2197 2520 2206 2535 ,
2223 2492 2414 2534 cautionum,

1341 2539 1376 2570 ὃς
1399 2538 1592 2570 Securicatum
1609 2560 1618 2574 ‚
1643 2538 1745 2575 quibus
1769 2535 1912 2567 Praemiffi
1936 2535 2134 2574 compleantur
2155 2536 2189 2566 &
2215 2534 2416 2574 perficiantur,

1344 2577 1574 2614 Certitudinem,
1592 2576 1852 2614 specificationem‚
1870 2576 1904 2606 &
1921 2575 2095 2614 Qialitatem
2110 2573 2315 2612 Statuendi,&
2333 2575 2415 2612 supet

1342 2616 1450 2646 eisdem
1466 2614 1720 2646 consentiendi&
1738 2612 1966 2652 Concordandi,
2012 2622 2018 2628 ·
2350 2647 2359 2657 ι

1381 2654 1428 2684 De
1445 2654 1478 2684 ὃς
1491 2654 1572 2692 super
1586 2652 1674 2684 firmis
1688 2653 1829 2689 Treugis,
1848 2652 2024 2683 Guerrarum
2042 2651 2246 2690 Abstinentiis,
2261 2648 2413 2689 Armenii,

1343 2694 1378 2723 &
1404 2692 1526 2723 Unitate
1546 2702 1598 2728 pro
1624 2691 1742 2729 Nobis,
1759 2691 1884 2729 Amicis,
1902 2691 2044 2729 Alligatis,
2063 2689 2295 2728 Confoederatis,
2309 2689 2415 2720 Subdi-

1343 2733 1379 2763 tis
1395 2755 1405 2770 ,
1424 2730 1597 2770 Haeredibus
1609 2753 1619 2768 ‚
1642 2731 1675 2761 ὃς
1702 2730 1914 2761 Succesloribus
1929 2752 1939 2768 ,
1957 2730 2064 2770 Regnis
2079 2752 2090 2767 ,
2116 2729 2217 2761 Patriis
2230 2753 2240 2768 ,
2266 2727 2417 2760 Dominiis

1342 2771 1464 2808 nostris,
1482 2771 1516 2801 δε
1535 2770 1675 2808 utriusque
1690 2768 1824 2799 nostrum
1839 2769 1986 2806 ineundis,
2005 2768 2163 2807 capiendis,
2178 2767 2415 2805 firmandis,mu-

1342 2809 1450 2848 tuisque
1468 2809 1538 2839 hinc
1560 2808 1628 2839 inde
1651 2807 1820 2839 Affistentiis
1843 2808 1877 2838 &
1901 2807 2019 2838 Auxiliis
2045 2806 2212 2846 praestandis
2231 2805 2389 2838 Trafflndi
2403 2827 2416 2844 ‚

1344 2847 1571 2885 Consentiendi,
1590 2846 1820 2884 Concordandi,
1838 2847 1871 2877 &
1887 2845 2108 2885 Concludendi,

1345 2925 1362 2955 fi
1383 2887 1534 2956 Aliamque
1549 2886 1667 2917 Dietam
1682 2895 1736 2924 pro
1747 2884 1916 2924 Praemiffis,
1931 2885 1952 2916 fi
1966 2893 2117 2924 oporteat,
2131 2883 2277 2916 Statoendi
2290 2879 2413 2913 &Prae-

1384 2936 1419 2956 en
1443 2937 1448 2955 l

1364 2935 1550 3003 ngete’raque
1572 2964 1670 2994 omnia
1689 2963 1724 2994 δε
1747 2962 1855 3001 singula
1879 2962 2032 2999 Faciendi,
2050 2959 2245 2996 Excercendi,
2262 2959 2296 2990 &
2317 2954 2414 3002 Expe-

1344 3003 1440 3034 diendi
1453 3013 1518 3041 quae
1530 3004 1558 3032 in
1574 2997 1729 3033 Praemissis
1745 3001 1791 3032 seu
1806 3001 1902 3041 aliquo
1912 2999 2128 3032 Praemifforum
2143 2997 2295 3028 neceffiiria
2306 2996 2413 3028 fuerim

1341 3042 1389 3072 seu
1404 3041 1626 3081 quomodolibet
1635 3039 1909 3079 oportuna‚etiamfi
1924 3040 1987 3071 talia
2005 3039 2058 3070 sint
2072 3046 2136 3076 quae
2148 3036 2184 3068 de
2201 3036 2227 3068 le
2237 3035 2412 3067 Mandatum

1343 3082 1455 3117 exigant
1469 3081 1556 3119 magis
1571 3079 1705 3118 speciale;
2076 3114 2084 3120 .
2295 3111 2303 3119 .
2413 3115 2416 3117 v

1381 3119 1601 3156 Promittentes,
1620 3118 1696 3149 bonai
1711 3116 1782 3148 Fide
1796 3117 1830 3149 &
1845 3117 1875 3146 in
1888 3114 1991 3147 Verbo
2006 3113 2105 3153 Regio
2114 3136 2125 3153 ‚
2165 3123 2199 3144 ro
2213 3112 2250 3144 N
2251 3110 2416 3151 obis‚Hae·

1344 3158 1476 3195 redibus,
1493 3158 1527 3188 &
1543 3156 1758 3188 Succefforibus
1771 3154 1888 3193 nostris,
1906 3154 1976 3185 Nos
1990 3162 2023 3183 ea
2039 3155 2138 3183 omnia
2199 3159 2239 3190 ta,
2259 3151 2366 3189 Grata,
2377 3150 2414 3181 &

1345 3197 1441 3227 Firma
1462 3197 1608 3227 habituros
1631 3205 1693 3234 quae
1713 3204 1762 3233 per
1785 3193 1878 3223 distos
1899 3191 2014 3223 nostros
2030 3190 2252 3228 Procuratores,
2271 3190 2304 3221 &
2320 3188 2417 3220 Com-

1345 3235 1501 3272 mili'arios,
1520 3234 1674 3273 Traffihua,
1690 3233 1932 3269 Communem,
1950 3227 2415 3273 Appunstuata,Stabihta,Con-

1344 3274 1476 3312 cordati,
1489 3273 1534 3304 seu
1552 3271 1694 3303 Conclusa
1710 3271 1814 3302 fuerint
1829 3271 1858 3300 in
1874 3269 2044 3308 Praemisfis,
2061 3269 2107 3299 seu
2128 3269 2225 3306 aliquo
2247 3266 2416 3298 Praemiffo-

1344 3321 1411 3343 rum
1426 3335 1436 3351 ,
1454 3313 1506 3342 sub
1527 3310 1681 3348 Ypotheca
1704 3310 1738 3340 &
1762 3308 1951 3345 Obligatione
1970 3309 2106 3338 omnium
2126 3306 2277 3338 Bonomm
2299 3304 2417 3337 nostro-

1344 3359 1408 3381 rum
1417 3374 1427 3388 ,
1442 3349 1619 3388 praesentium
1633 3349 1666 3379 &
1679 3349 1852 3379 futurorum.

1382 3388 1416 3418 In
1431 3388 1512 3427 cujus
1525 3387 1585 3418 Rei
1598 3386 1818 3417 Testimonium
1833 3384 1881 3415 has
1894 3384 2004 3416 Literas
2020 3383 2128 3415 nostras
2150 3384 2211 3415 fieri
2225 3384 2346 3415 fecimus
2359 3381 2416 3414 Pa·

1345 3435 1445 3458 tentes.

1383 3463 1475 3495 Teste
1490 3462 1600 3501 meipso
1611 3461 1686 3500 apud
1701 3462 1906 3501 Notinghame,
1924 3460 2062 3493 vicefimo
2078 3460 2137 3492 Die
2156 3461 2331 3500 Septembris
2352 3459 2415 3490 An·

1347 3513 1389 3534 no
1404 3501 1503 3542 Regni
1520 3500 1611 3532 nostn'
1625 3501 1760 3532 secundo.

1387 3579 1424 3611 In
1439 3588 1564 3619 quorum
1580 3578 1715 3609 omnium
1729 3576 1950 3609 Testimonium
1965 3586 2050 3617 atque
2068 3576 2172 3608 Fidem
2189 3577 2258 3608 huic
2272 3574 2348 3606 Parti
2363 3570 2412 3602 In·

1348 3619 1492 3656 denturae,
1508 3627 1594 3656 penes
1607 3616 1828 3647 Commiffinos
1843 3617 1915 3648 dic’ci
1928 3620 2006 3655 Regis
2019 3616 2133 3655 Angliae
2148 3615 2331 3657 remansura&
2342 3609 2413 3641 NOS

1350 3657 1548 3688 Commiffiirii
1561 3656 1632 3686 dieti
1649 3658 1727 3693 Regis
1741 3659 1838 3686 Scotiae
1851 3655 1948 3693 sigilla
1969 3656 2065 3686 nostra
2086 3664 2155 3686 cum
2178 3651 2358 3693 Nomimbus
2377 3648 2413 3679 δὲ

1349 3697 1443 3733 Signis
1459 3694 1562 3726 nostris
1576 3695 1749 3725 manualibus
1767 3694 1926 3732 subscriptis
1949 3695 2128 3735 apposuimus
2147 3692 2221 3731 apud
2245 3687 2412 3731 praed16tam

1350 3733 1457 3765 Villam
1473 3734 1509 3764 de
1526 3732 1730 3770 Notinghame
1743 3733 1882 3764 vicefimo
1896 3734 1992 3771 primo
2016 3733 2076 3763 Die
2097 3731 2207 3762 Menfis
2221 3726 2394 3765 Septembris
2403 3748 2414 3763 ‚

1351 3773 1442 3805 Anno
1477 3772 1605 3804 Domini
1642 3770 1802 3803 Millesimo
1819 3796 1830 3811 ,
1862 3769 2154 3812 Qadringentefimo
2167 3792 2178 3807 ,
2210 3764 2416 3806 oetmgefimo

1350 3820 1470 3851 quarto,

1390 3882 1666 3919 ConmEnm:
1686 3897 1735 3919 οι-·
1755 3888 1856 3920 ARG.

1388 3926 1694 3958 W1LL11-:LMus
1713 3927 1951 3960 Emscorus
1969 3923 2196 3958 ABERDON·

1387 3964 1689 3996 RoB.L.LYL13.

1391 4003 1522 4036 Lava.
1543 4002 1749 4036 Lotum.
2319 4032 2423 4067 Lm
