2555 4266
176 147 255 190 180

36 236 117 270 'Ann-
133 234 178 265 D„
190 239 314 272 gnorum
331 230 494 261 nostrorum
508 225 678 271 (videlicet)
693 224 828 257 Romani
839 223 955 255 decimo
967 220 1106 260 septimo,
1124 220 1250 261 Unglia-

59 283 146 313 1502.
190 272 241 302 riae
256 271 328 303 vero
345 270 460 301 decimo
473 274 568 298 tertio.

37 318 102 345 Hm
121 323 149 350 ⁷5
988 337 1028 369 M
1046 346 1067 368 A
1084 346 1103 368 x
1124 345 1150 367 1.

817 423 878 453 (Per
895 424 1001 460 Regem.

949 500 988 532 M
1008 510 1029 531 A
1050 509 1072 531 R
1094 507 1122 530 M
1146 508 1159 529 1
1181 507 1201 529 i:
1222 505 1257 527 R.

33 654 151 684 ‚XHL
305 631 328 652 ‘l‘
351 631 400 664 De
423 627 601 675 Intercurfh
628 629 788 661 Mercium
812 625 1006 671 Confirmatio
1029 626 1127 669 Regis.

34 704 83 766 Χ·
106 731 155 763 ,Β
185 716 312 774 REX
329 715 479 754 universis,
497 715 559 746 &c.
638 753 643 758 .
901 747 906 753 ¹
1156 745 1167 754 .

54 742 134 812 1¹}n02
156 754 164 762 ’
206 794 211 799 ,
301 755 384 787 Cum
399 755 533 794 quaedam
547 752 694 784 Mercium
708 753 741 784 &
756 746 998 781 Mercandisarum
1011 746 1185 777 Intercursus
1197 744 1256 776 Ca—

32 816 88 841 An.
100 821 142 847 η’
183 795 320 872 Ριῖιῐξῗεῖ,
336 831 467 864 Diledkos
482 832 516 864 &
532 830 639 861 Fideles
657 827 838 858 Consiliarios
852 824 981 863 nostros,
999 822 1133 854 Karolum
1146 824 1251 866 §famer-

88 860 103 886 7
179 871 223 911 [Et
240 882 334 904 unum
351 871 483 902 Militum
500 869 617 899 Ordinis
630 867 719 897 nostri
727 865 854 897 Garterii
864 873 897 895 ac
912 873 1003 894 unum
1019 862 1252 893 Camerariorum

86 910 92 916 ’
106 898 136 925 ¹7
183 912 218 943 δί
232 911 423 950 capitaneum
441 908 546 940 Gardae
561 906 668 942 nostri,
687 915 719 935 ac
734 904 908 943 Magistrum
924 900 1103 932 Willielmum
1118 898 1252 944 Warhaqn

88 937 102 963 7
181 949 213 980 in
232 949 409 990 Episcopum
423 944 659 978 Londoniensem
675 942 829 981 Electum,
846 940 958 972 nostros
976 950 1058 971 veros
1078 941 1112 971 &
1134 938 1249 969 indubi-

179 996 254 1019 tatos
270 986 501 1024 Commiffirios,
519 983 665 1020 Oratores,
683 982 895 1017 Paocuratores,
913 978 1252 1022 factores-Attornatqs,

182 1026 360 1067 Deputatos,
379 1025 413 1055 &
431 1023 568 1054 Nuncios
593 1021 739 1059 speciales,
757 1030 808 1060 pro
830 1018 930 1063 Nobis
942 1042 953 1062 ,
975 1017 1022 1048 Re
1043 1027 1085 1047 nis
1099 1016 1252 1061 ,UTerris,

181 1065 349 1101 Dominiis,
367 1062 508 1100 Subditis,
527 1060 672 1098 Vassallis,
691 1059 819 1097 Amicis,
838 1058 960 1096 Alligatis
978 1079 988 1095 ,
1032 1056 1197 1093 aventibus,
1216 1056 1250 1086 δε

181 1104 399 1135 Adhaerentibus
412 1100 514 1131 nostris
531 1098 774 1137 quibuscumque,
792 1107 826 1127 ex
845 1107 917 1133 una,
934 1098 967 1128 &
983 1118 993 1134 ,
1012 1094 1194 1139 Venerabiles
1215 1103 1249 1124 ac

183 1142 317 1181 Egregios
334 1141 432 1178 Viros,
450 1139 599 1169 cornelium
616 1137 648 1166 de
664 1140 758 1174 Bergis
774 1137 859 1167 Aurei
885 1135 1005 1166 Velleris
1032 1134 1161 1164 Militem
1185 1132 1252 1175 Do-

181 1183 295 1211 minum
310 1179 522 1217 Temporalem
537 1177 571 1208 de
587 1175 682 1206 Melin
697 1176 729 1206 &
753 1174 982 1214 Zenenberghe,
1007 1174 1069 1205 &o
1098 1171 1251 1203 Marelcal-

181 1219 242 1249 lum
266 1218 440 1250 Illustriffimi
464 1216 601 1253 Principis
627 1215 750 1244 Domini
772 1213 888 1251 Philippi
915 1212 1081 1243 Archiducis
1109 1210 1250 1249 Austriae,

180 1260 329 1289 Henricum
343 1258 374 1287 de
391 1259 522 1294 Wntam,
539 1254 668 1285 Militem
687 1253 776 1284 Aurei
791 1251 920 1291 Velleris,
934 1251 1100 1282 Dominum
1114 1250 1194 1280 Tem
1218 1259 1251 1280 o—

180 1297 268 1328 ralem
282 1297 317 1327 de
333 1295 435 1329 Bersels
456 1294 686 1324 Gubernatorem
712 1292 834 1322 Domini
856 1290 956 1321 Karoli
978 1293 1064 1320 Ducis
1079 1292 1189 1320 Luxem
1207 1299 1251 1317 er-

178 1347 231 1375 gen
242 1346 282 1373 ts,
299 1333 358 1369 &a
375 1335 408 1365 &
432 1333 567 1372 Judocum
587 1333 677 1362 Prant
705 1329 830 1361 Militem
858 1330 1023 1360 Dominum
1043 1328 1251 1371 Temporalem

181 1375 219 1405 de
256 1374 381 1411 laesvelt,
401 1371 636 1407 Ambassiatores,
655 1368 872 1406 Procuratores,
892 1369 1029 1399 Orator-es
1045 1390 1055 1406 ,
1074 1366 1251 1398 Commissa-

181 1414 257 1451 rios,
275 1412 486 1450 Deputatos,&
498 1410 532 1441 N
537 1410 636 1440 uncios
649 1407 829 1438 Sacratilsimi
848 1408 988 1445 Principis
1003 1407 1105 1438 Fratris
1119 1407 1152 1438 &
1166 1405 1248 1436 Con-

180 1452 322 1491 sanguinei
337 1450 424 1481 nostri
442 1448 592 1480 Cariffimi
608 1446 802 1477 Maximiliani
817 1450 998 1476 Romanorum
1012 1449 1090 1483 Regis
1105 1470 1115 1483 ,
1156 1454 1189 1475 ro
1203 1454 1250 1474 eo-

182 1491 252 1521 dem
266 1489 361 1520 Fratre
375 1488 492 1527 nostro,
505 1488 620 1524 Terris,
638 1485 753 1523 Patriis,
773 1485 940 1523 Dominiis,
963 1484 1088 1515 Subditis
1102 1507 1111 1522 ,
1136 1454 1252 1522 llicolis,

180 1528 323 1564 Vaffiillis,
339 1527 484 1566 Alligatis,
501 1527 534 1557 &
550 1524 764 1557 Confoederatis
777 1523 847 1562 suis,
866 1524 994 1555 Partibus
1015 1532 1050 1555 ex
1067 1523 1169 1560 altera,

219 1566 403 1607 Jampridem'
417 1564 555 1596 hincinde
572 1563 804 1605 ,Communicata
818 1586 827 1601 ,
847 1563 1000 1601 Trai-stata,
1025 1562 1227 1604 Appunsstuata
1238 1583 1248 1598 ,

182 1605 357 1644 Conventa,
373 1603 520 1642 Perculsa,
540 1601 725 1633 Concordata
741 1602 843 1632 iuerint
867 1603 901 1634 &
926 1600 1071 1632 Conclusa
1084 1624 1094 1639 ,
1117 1601 1197 1631 sicuti
1220 1609 1249 1629 in

181 1645 285 1679 Literi's
301 1644 418 1682 desuper
435 1641 576 1674 confecCtis
589 1641 698 1680 plenius
713 1648 825 1679 apparet
840 1641 874 1673 &
891 1641 1068 1677 continetur,

33 856 68 879 H.

32 892 82 918 Pat

33 932 68 954 H.

31 975 69 1003 m:

84 975 112 1004 ²?

331 1722 461 1761 Quarum
475 1723 651 1751 Litterarum
665 1720 752 1748 Tenor
768 1718 893 1758 sequitur
912 1716 950 1753 ό·
966 1716 1002 1757 est
1017 1716 1100 1755 talis,

216 1802 475 1834 Univsnsrs
494 1806 548 1829 ET
564 1806 578 1828 s
592 1805 735 1828 INGUL
750 1805 806 1834 rs,
827 1795 862 1827 ad
883 1804 1009 1834 quorum
1026 1794 1155 1825 Notitias
1178 1802 1252 1835 prae-

180 1841 270 1873 sentes
286 1840 401 1870 Litterae
415 1837 609 1874 pervenerint,
626 1835 764 1866 Cornelius
780 1836 812 1865 de
828 1838 936 1873 Bergis,
954 1835 1040 1865 Aurei
1057 1834 1171 1865 Velleris
1191 1832 1250 1863 Mi-

178 1882 220 1912 les
236 1880 381 1910 Dominus
397 1875 580 1915 Temporalis
594 1875 631 1905 de
647 1874 741 1906 Melin
757 1875 791 1906 &
807 1873 1040 1911 Zenenberghe,
1061 1874 1121 1905 &o
1146 1871 1255 1903 Mares-

179 1919 278 1956 callus,
294 1915 469 1948 Illustriffimi
485 1915 622 1951 Principis
644 1914 770 1945 Domini
792 1912 868 1942 Phili
883 1916 910 1951 pi
927 1912 1090 1943 Archiducis
1112 1911 1254 1950 Austriae,

177 1961 311 1989 Henricux
328 1956 361 1986 de
376 1957 500 1985 Wittam
515 1953 601 1984 Miles
618 1952 704 1983 Aurei
719 1952 848 1990 Velleris,
893 1953 1007 1982 ominus
1019 1951 1203 1989 Temporalis
1218 1949 1253 1979 de

180 1996 286 2030 Berffel
299 1995 482 2026 Gubernator
497 1991 623 2022 Domini
639 1990 738 2021 Karolt'
750 1994 834 2021 Ducis
845 1989 1105 2030 Luxemburgenfis,
1123 1987 1254 2027 &c.Ju-

183 2038 262 2067 docus
279 2037 369 2064 Prant
383 2032 470 2063 Miles
487 2031 636 2061 Dominus
646 2030 827 2067 Temporalis
842 2030 878 2060 de
891 2029 1040 2068 Blaesvelt,
1061 2027 1255 2060 Ambaffiato-

183 2085 247 2113 res,
266 2073 483 2108 Procuratores,
501 2070 655 2107 Oratores,
673 2069 707 2100 &
726 2067 928 2099 Commiffarii
945 2071 973 2099 in
987 2069 1041 2099 hac
1062 2076 1139 2106 parte
1155 2067 1256 2098 Sacra-

181 2112 302 2149 tiffimi,
324 2121 358 2142 ac
379 2109 558 2140 invictissimi
582 2107 722 2146 Principis
746 2107 940 2137 Maximiliani
968 2110 1148 2137 Romanorum
1179 2108 1257 2142 Regis

185 2154 295 2189 semper
313 2148 454 2188 Augusti,
473 2147 605 2178 Salutem.

221 2189 320 2221 Sciatis
333 2187 412 2226 quod
428 2187 515 2224 Nos,
534 2196 585 2224 pro
600 2184 681 2215 dieto
695 2184 886 2217 Sacratiffimo
899 2187 968 2222 Rege
983 2186 1174 2222 Romanorum,
1188 2182 1255 2213 suis-

185 2238 243 2267 que
258 2227 428 2259 Haeredibus
442 2227 475 2257 &
493 2225 725 2263 Succesloribus,
741 2234 825 2263 atque
839 2225 897 2262 ejus
921 2226 954 2254 δε
979 2232 1079 2253 eorum
1101 2222 1256 2261 Nomine,

187 2267 379 2303 AuCtoritate,
389 2264 488 2294 Nobis
502 2264 539 2294 ab
552 2263 657 2295 eodem
674 2263 759 2300 Rege
776 2273 825 2301 per
835 2263 942 2294 Literas
955 2261 1012 2293 suas
1026 2261 1159 2292 Parentes
1170 2271 1256 2291 com-

188 2305 272 2337 missa
288 2307 427 2343 (quarum
442 2303 543 2333 Tenor
559 2302 674 2332 inferitis
688 2302 810 2340 sequitur
827 2301 837 2340 )
866 2311 936 2332 cum
953 2324 962 2337 ,
988 2299 1206 2331 Venerabilibus
1223 2300 1257 2331 &

185 2344 313 2383 Egregiis
331 2343 424 2380 Viris,
441 2341 547 2371 Karolo
562 2338 692 2379 Somerfit
706 2351 764 2371 uno
782 2341 912 2371 Militum
939 2339 1057 2370 Ordinis
1076 2338 1200 2369 Garterii
1223 2348 1257 2369 ac

185 2378 345 2421 Capiraneo
363 2380 470 2412 Gardae
485 2379 659 2410 Illustriffimi
674 2382 753 2417 Regis
765 2379 898 2418 Angliae,
917 2389 950 2409 ac
968 2377 1109 2417 Magistro
1133 2376 1258 2407 Williel·

185 2433 230 2453 mo
246 2421 377 2451 Warham
392 2419 509 2457 Legum
532 2418 667 2449 Doistore
689 2418 792 2448 Eieero
815 2420 845 2448 in
868 2417 1045 2454 Episcopum
1069 2416 1257 2447 Londonien-

186 2461 264 2499 sem,
287 2458 561 2496 Ambaffiatoribus,
587 2458 620 2488 ὃς
640 2456 850 2487 Commissariis
874 2456 944 2487 dieti
974 2454 1158 2486 lllustruffimi
1179 2457 1258 2492 Regis

185 2499 300 2536 Angliae
312 2498 346 2528 ad
363 2497 535 2534 infrascripta
550 2506 598 2533 per
612 2495 694 2534 ipsius
710 2499 788 2533 Regis
807 2495 922 2533 Angliae
932 2494 1039 2525 Literas
1053 2494 1185 2525 Parentes
1194 2493 1257 2524 De-

187 2540 287 2576 putatis
310 2539 461 2575 (quarum
487 2536 571 2566 etiam
597 2535 712 2565 inferitis
737 2535 840 2565 Tenor
864 2534 1010 2573 sequitur)
1040 2532 1259 2571 Convenimus,

188 2575 410 2613 Contraximus,
429 2576 461 2606 δε
478 2573 681 2604 Conclusimus
698 2596 707 2611 ,
729 2583 763 2603 ac
785 2583 835 2613 per
857 2572 1013 2603 Praesentes
1033 2570 1237 2602 Convenimus
1249 2595 1258 2609 ,

189 2614 417 2650 contrahimus,
435 2614 467 2643 δε
490 2611 704 2642 Concludimus
726 2621 827 2642 omnes
846 2613 880 2643 ὃς
903 2611 1026 2651 singulos
1049 2609 1199 2641 Mercium
1222 2611 1257 2642 &

190 2651 434 2684 Mercandisarum
449 2650 623 2680 intercursus
635 2649 780 2688 sequentes
794 2650 954 2688 Articulos,

223 2730 239 2760 1
247 2738 269 2760 N
279 2737 297 2758 i>
307 2737 330 2758 R
342 2736 356 2758 1
366 2735 394 2757 M
405 2736 418 2756 1
429 2735 442 2755 s
451 2747 461 2763 ‚
479 2724 672 2756 Conventum
680 2748 689 2760 ,
708 2724 928 2755 Concordatum
939 2748 948 2762 ‚
964 2726 998 2755 &
1013 2724 1195 2756 Conclusum
1215 2725 1257 2756 est

187 2769 270 2808 quod
284 2776 403 2804 omnes,
419 2762 480 2799 &c.
493 2770 575 2802 prout
578 2762 666 2803 fiepra
671 2761 726 2801 fieb
742 2762 825 2793 Βανά
834 2763 926 2803 posted
943 2763 1054 2793 notati.

228 2844 264 2876 In
278 2853 401 2884 quorum
415 2842 548 2873 omnium
564 2841 598 2871 &
617 2839 790 2878 singulorum
805 2839 1018 2871 Praemifforum
1031 2841 1132 2872 Fidem
1146 2840 1179 2872 &
1195 2840 1260 2872 Te-

191 2884 359 2915 stimonium
378 2881 462 2919 Nos,
480 2877 672 2911 Sacratiffimii
681 2881 758 2916 Regis
777 2881 960 2909 Romanorum
974 2879 1170 2911 Commissarii
1183 2888 1262 2910 ante-

190 2922 278 2961 diCti,
296 2920 392 2959 Sigilla
409 2919 502 2950 nostra
515 2917 713 2956 apposuimus,
731 2919 764 2949 &
780 2917 915 2948 Nomina
930 2917 1026 2950 nostra
1045 2918 1185 2950 Manibus
1207 2928 1260 2949 no-

190 2962 254 2993 stris
268 2961 386 3000 propriis
400 2958 616 2996 subscripsimus.

228 3036 301 3069 Dat.
316 3035 392 3074 apud
409 3035 630 3073 Andwerpiam,
645 3033 692 3064 die
703 3032 818 3065 decimo
833 3044 914 3065 nono
930 3033 1037 3066 Mensis
1047 3033 1128 3073 Junii
1143 3057 1153 3073 ,
1171 3033 1261 3065 Anno

190 3075 318 3108 Domini
334 3074 492 3106 Millesimo
508 3072 747 3112 Qingentesimo
761 3073 896 3104 secundo.

228 3153 318 3192 Nos,
335 3152 434 3184 omnia
447 3152 482 3184 &
496 3150 601 3189 singula
614 3148 771 3188 supradicta
787 3149 921 3190 Capitula
934 3161 967 3182 ac
983 3151 1083 3181 omnia
1098 3151 1133 3182 &
1153 3150 1262 3188 singula

191 3192 226 3224 in
241 3192 347 3224 eisdem
358 3199 495 3236 contenta
506 3190 540 3221 &
554 3187 724 3228 specificata,
744 3188 819 3234 Rata
826 3189 965 3258 i-JFirrrgass
990 3191 1024 3221 &
1033 3188 1265 3259 ἕτέῑαεέἓὶὲἕηῖ

192 3228 604 3312 ἱῗέῃῗιιῗὲῗωέεῗξζὶὲξζῒῖζ
621 3228 842 3306 ffsspfflssisa
859 3238 1134 3301 {esaiam}
1149 3239 1265 3297 necnfssn

193 3305 314 3338 Tenore
328 3307 514 3338 Praesentium
532 3304 730 3336 Concedimus
745 3305 778 3337 ὃς
802 3304 1017 3336 Confirmamus
1030 3328 1039 3343 ,
1057 3314 1090 3335 ac
1115 3306 1214 3336 omnia
1232 3306 1265 3337 &

196 3345 305 3383 singula
317 3346 347 3376 in
364 3346 468 3376 eisdem
480 3351 616 3375 contenta
629 3344 749 3375 firmiter
764 3344 798 3375 δε
814 3343 982 3375 inconcusse
1003 3343 1121 3374 Tenere
1142 3344 1175 3374 &
1199 3342 1265 3373 Ob-

194 3383 321 3422 servare,
339 3394 374 3415 ac
390 3385 425 3414 ab
438 3384 497 3414 aliis
516 3382 625 3414 Teneri
644 3383 678 3414 &
701 3381 853 3414 observari
877 3382 973 3414 Verbo
995 3381 1094 3421 Regio
1118 3381 1268 3413 Promitti-

198 3422 554 3505 mffiipgiiofflraieisziiiedium
570 3459 789 3505 &Ufingulorurn
803 3457 1020 3505 Praemiisorum
1033 3458 1138 3504 Fidem
1152 3459 1185 3491 &
1206 3457 1269 3490 Te-

201 3496 370 3528 stimonium
382 3502 398 3517 '⁶
414 3499 465 3530 hus
484 3498 670 3530 Praesentibus
680 3523 690 3538 ,
705 3499 799 3531 Manu
811 3507 925 3539 propria
936 3497 1106 3537 subscriptis,
1121 3497 1269 3537 Magnum

51 3515 162 3552 exul}
202 3535 339 3576 Sigillum
354 3536 481 3567 nostrum
497 3539 601 3578 apponi
615 3538 744 3570 fecimus.

51 3563 98 3593 ει,-

242 3613 313 3645 Dat.
331 3612 405 3654 apud
422 3613 688 3659 Palatium—nastrum
706 3615 813 3655 Wfbm.
832 3614 945 3654 Qiarto
959 3614 1078 3645 decimo
1100 3612 1146 3644 die
1162 3612 1271 3645 Mensis

204 3652 349 3691 'Augustn
368 3652 457 3683 Anno
474 3652 595 3684 Domini
613 3655 771 3685 Millesimo
787 3654 1029 3694 Quingentesimo
1042 3651 1189 3691 secundo,
1208 3652 1269 3684 Re—

206 3693 258 3730 gni
271 3693 342 3723 vero
356 3690 446 3722 nostri
460 3689 589 3723 Decimo
607 3693 736 3732 septimo.

55 3819 136 3852 Ann.
148 3817 191 3850 D:

84 3867 171 3898 1502.

57 3901 110 3962 ξιξ·
130 3908 171 3934 ¹7·
217 3905 332 3962 REX
345 3907 523 3951 universis&
539 3907 666 3946 singulis,
683 3905 718 3937 ad
731 3914 856 3945 quorum
872 3906 1006 3937 notitiam
1026 3902 1171 3945 praesentes
1193 3903 1274 3936 Lite-

88 3958 94 3963 ·
111 3946 134 3971 7·
291 3953 329 3973 rae
346 3955 540 3984 pervenerint,
555 3947 689 3977 Salutem.

383 3819 433 3851 De
457 3820 533 3851 Pace
556 3818 593 3855 ὠ
613 3818 765 3850 Amicitia
789 3815 962 3862 Ratzficatio
984 3817 1082 3862 Regii.

56 3977 179 4013 Franmy
252 3978 332 4010 Οὐαὶ
348 3985 475 4020 quaedam
487 3983 572 4015 Pacis
587 3985 620 4015 ὃ(
636 3985 835 4016 Amicitiarurn
853 3981 994 4020 Capitua,

54 4014 90 4040 H·
105 4022 131 4047 7·
253 4017 329 4049 Inter
338 4042 347 4057 ,
365 4021 494 4053 Due&os
506 4024 540 4054 &
554 4023 663 4053 Fideles
677 4021 894 4053 Commissarios
906 4021 1020 4052 nostros
1032 4044 1043 4060 ,
1067 4018 1202 4050 Karolum
1223 4022 1270 4049 So-

54 4057 91 4087 m,
107 4062 136 4087 4·
207 4055 322 4096 aedit,
331 4067 422 4090 unum
434 4060 563 4093 Militum
579 4060 696 4100 Ordinis
709 4060 831 4094 Garterii
847 4069 881 4093 ac
897 4069 988 4092 unum
997 4058 1225 4093 Camerariorum
1238 4059 1272 4091 ὃς

637 131 1428 182 CONVENTIONES,
1484 129 1872 179 LITER'AE3

1286 218 1478 256 Capitaneum
1491 215 1599 248 Gardae
1621 214 1746 254 nostrae,
1771 225 1804 246 ac
1828 215 2001 254 Magistrum
2023 216 2205 249 Willielmum
2224 218 2358 249 tham
2373 209 2453 242 Arm·
2467 210 2511 243 D?

1289 258 1318 287 in
1334 257 1511 294 Episcopum
1527 254 1762 285 Londoniensem
1777 254 1925 292 Electum,
1945 255 2054 286 nostros
2076 266 2158 288 veros
2182 258 2215 288 &
2242 257 2358 288 indubi-

2393 259 2481 289 1502.

1290 304 1362 327 tatos
1378 293 1619 331 Commiffarios,
1639 292 1795 331 Oratores,
1813 293 2013 325 Procuratores
2047 295 2199 334 Factores,
2222 296 2359 327 Attorna-
2375 295 2439 319 Hm.
2458 298 2486 324 7-

1291 344 1353 372 tos,
1369 333 1544 373 Deputatos‚
1563 333 1597 364 &
1613 331 1646 362 N
1651 334 1750 376 uncios
1767 332 1913 376 speciales,
1932 341 1984 376 pro
1999 316 2109 376 blobis,
2130 335 2241 373 Regnis
2253 359 2262 374 ,
2281 335 2360 366 Ter·

1290 369 2363 448 ἓξἈῗξὲῗὲὲἷὲῗυῗἍῖῗέἱὶἰ’ςῖἒῖἷῖῗὲξώςῇἒὲῗὶἠέὶ“ἓῒ“ἰὲῐεξεῖζὲ“·ἰῑὼῗ’

1290 450 1429 490 Egregios
1445 450 1547 488 Viros,
1564 448 1714 480 Cornelium
1728 449 1762 479 de
1782 451 1877 485 Bergis
1901 447 1986 479 Aurei
2000 431 2131 486 Velleris,
2144 424 2270 482 Militerri
2281 423 2364 482 eDo?

1291 492 1404 520 minum
1420 489 1627 526 Temporalem
1639 489 1675 519 de
1692 487 1786 519 Melin
1799 489 1832 519 &
1848 486 2142 525 Zenenberghe,&c.
2163 488 2363 521 Marescallum

1290 527 1471 558 Illustrisfimi
1487 528 1627 571 Principis
1645 526 1771 571 Domini
1790 525 1905 571 Philippi
1920 524 2084 569 Archiducis
2098 526 2240 567 Austriae,
2257 532 2364 559 Henri-

1291 564 2367 644 saevissetuissetuszsitlaziffsassusgasaw?

1290 644 1325 674 ὃς
1339 642 1476 685 Judqcum
1487 644 1580 671 Prant
1595 641 1734 682 Militem,
1755 643 1923 673 Dominum
1939 642 2146 682 Temporalem
2163 642 2200 673 de
2215 643 2346 675 Blaesvelt
2357 667 2367 684 ,

1291 681 1529 718 Ambassiatores,
1548 680 1767 719 Procuratores,
1786 681 1922 712 Oratores
1937 704 1947 718 ,
1971 679 2191 712 Commiffarios
2205 703 2215 719 ,
2233 681 2363 720 Deputa-

1291 727 1345 754 tos,
1365 720 1397 750 ὃς
1414 719 1551 749 Nuncios
1566 718 1748 750 Sacratiffimi
1764 718 1902 758 Principis
1918 720 2020 750 Fratris
2032 720 2066 750 ὃς
2081 719 2296 758 Consanguinei
2309 731 2363 751 no-

1291 757 1338 787 stri
1353 757 1494 787 Cariffimi
1508 757 1704 788 Maximiliani
1719 760 1898 787 Romanorum
1912 762 2067 797 Regis,pro
2082 758 2188 789 eodem
2200 759 2294 791 Fratre
2307 769 2366 789 no-

1289 795 1363 840 stro,
1383 796 1497 834 Terris,
1514 795 1628 834 Patriis,
1646 796 1808 834 Dominiis,
1828 796 1969 836 Subditis,
1985 797 2108 836 Incolis,
2125 796 2270 837 Vass'allis,
2289 798 2361 830 Alli-

1288 844 1357 874 gatis
1369 835 1403 866 &
1422 833 1637 865 Confoederatis
1652 835 1702 865 suis
1712 857 1722 872 ,
1740 833 1869 864 Partibus
1882 843 1917 864 ex
1931 836 2024 874 altera,

1325 873 1503 913 jampridem
1524 873 1660 904 hincinde
1688 872 1915 904 Communicata
1929 896 1940 912 ,
1969 873 2121 913 Traftata,
2147 875 2367 914 AppunCtuata,

1289 911 1460 949 Conventa,
1482 911 1632 951 Percussa,
1651 911 1840 943 Concordata
1853 912 1959 943 fuerint
1985 913 2019 944 &
2040 912 2183 945 Conclusa
2197 937 2207 952 ,
2227 914 2307 946 sicuti
2332 915 2363 946 in

1289 951 1393 982 Literis
1405 952 1522 990 desuper
1535 951 1675 982 confectis
1690 951 1800 989 plenius
1812 959 1926 989 apparet
1940 952 1974 983 &
1991 952 2167 992 continetur,

1380 1046 1514 1086 Quarum
1529 1044 1634 1087 quidem
1653 1046 1829 1076 Litterarum
1847 1047 1934 1076 Tenor
1944 1044 2070 1086 fi’quitur
2087 1043 2126 1081 (VJ
2142 1045 2180 1085 est
2197 1045 2270 1077 talis.

1322 1132 1389 1164 UN
1404 1142 1584 1165 IVERSIS
1604 1142 1656 1164 ET
1676 1141 1911 1170 SINGULIS,
1933 1131 1969 1163 ad
1993 1141 2119 1171 quorum
2143 1131 2272 1166 Notitias
2290 1145 2363 1174 prae*

1286 1171 1374 1202 sentes
1393 1172 1510 1203 Litterae
1525 1173 1716 1212 pervenerint,
1733 1171 1872 1203 cornelius
1889 1171 1922 1201 de
1937 1174 2049 1211 Bergys,
2066 1172 2152 1202 Aurei
2169 1171 2285 1204 Velleris
2301 1175 2364 1205 Mi-

1289 1211 1338 1249 les,
1355 1210 1502 1242 Dominus
1515 1210 1699 1249 Temporalis
1712 1211 1750 1243 de
1769 1210 1865 1242 Melin
1886 1212 1920 1242 &
1937 1209 2166 1249 Zenenberghe,
2185 1212 2246 1243 &c.
2268 1211 2368 1244 Mare-

1288 1250 1385 1280 scallus
1399 1249 1579 1280 Illustriffimi
1595 1251 1736 1289 Principis
1751 1249 1877 1281 Domini
1891 1248 2009 1287 Philippi
2032 1249 2195 1280 Archiducis
2223 1250 2366 1290 Austriae,

1288 1291 1422 1319 Henricus
1435 1290 1468 1318 de
1483 1291 1608 1319 Wittam
1621 1289 1710 1320 Miles
1727 1289 1815 1320 Aurei
1828 1288 1954 1326 Velleris,
1963 1289 2112 1319 Dominus
2126 1288 2310 1328 Temporalis
2326 1291 2364 1321 de

1287 1326 1390 1358 Berssel
1405 1328 1591 1359 Gubernator
1606 1327 1730 1359 Domini
1744 1327 1846 1358 Karoli
1861 1330 1946 1358 Ducis
1961 1327 2201 1367 Luxembergenfis
2215 1350 2225 1367 ,
2242 1327 2305 1363 &c.
2329 1329 2364 1360 δε

1285 1366 1410 1405 Judocus
1423 1369 1527 1405 Prant,
1544 1366 1632 1397 Miles
1646 1366 1796 1398 Dominus
1810 1366 1995 1404 Temporalis
2008 1366 2046 1396 de
2066 1365 2198 1397 Blaesvelt
2209 1389 2219 1405 ,
2235 1367 2365 1398 Ambas-

1289 1406 1416 1444 liatores,
1437 1406 1656 1445 Procuratores,
1675 1405 1829 1444 Oratores,
1848 1406 1882 1437 &
1895 1403 2094 1436 Commiffarii
2109 1406 2138 1434 in
2154 1405 2206 1435 hac
2221 1415 2299 1443 parte
2313 1406 2366 1438 Sa-

1284 1445 1427 1475 cratiffimi
1449 1455 1481 1476 ac
1503 1444 1684 1475 invictissimi
1708 1444 1850 1483 Principis
1870 1443 2063 1474 Maximiliam'
2082 1445 2263 1474 Romanorum
2284 1448 2367 1484 Regis

1287 1482 1394 1522 semper
1409 1484 1550 1522 Augusti,
1568 1483 1706 1522 Salutem,

1323 1523 1422 1554 Sciatis
1439 1523 1521 1561 quod
1535 1522 1620 1561 Nos,
1639 1533 1694 1561 pro
1706 1522 1788 1554 dieto
1802 1521 1999 1554 Sacratiffimo
2015 1524 2085 1559 Rege
2103 1523 2284 1552 Romanorum
2299 1521 2364 1553 suis-

1288 1571 1344 1599 que
1358 1562 1529 1593 Hieredibus
1541 1562 1574 1592 &
1593 1561 1826 1600 Success'oribus,
1845 1570 1929 1600 atque
1942 1561 2001 1600 ejus
2027 1562 2061 1592 &
2081 1570 2184 1591 eorum
2207 1561 2367 1600 Nomine,

1288 1600 1464 1632 Auctoritate
1480 1599 1580 1631 Nobis
1596 1601 1632 1630 ab
1647 1601 1751 1631 eodem
1773 1599 1857 1640 Rege
1876 1610 1926 1638 per
1940 1600 2050 1630 Literas
2061 1599 2120 1630 suas
2135 1598 2265 1631 Parentes
2279 1610 2368 1630 corn-

1287 1639 1384 1675 milsa,
1404 1640 1543 1678 (quarum
1557 1639 1661 1670 Tenor
1678 1639 1795 1670 inferius
1809 1639 1949 1677 sequitur)
1971 1647 2060 1677 cum,
2078 1637 2294 1670 Venerabilibus
2312 1637 2366 1670 Vi-

1287 1679 1342 1748 rCi35,
1353 1677 1627 1747 dKahollosts‘offers'btR
1632 1688 1692 1724 uno
1694 1677 1837 1746 ,Yi'imm
1853 1676 2181 1746 OrffltsnstGarzeirjilialc
2203 1676 2368 1747 Claspitakieo

1289 1727 1403 1794 nguffi
1417 1726 1681 1798 DtotflbrleTlileedgtg
1698 1725 1927 1798 innfipispggum
1944 1725 2368 1798 EonffiinieiiseinTffAmsszffiZ

1290 1795 1416 1832 toribus,
1434 1793 1688 1831 procuratoribus,
1707 1792 1894 1831 Oratoribus,
1919 1792 1953 1823 ὃ(
1972 1790 2181 1823 Commissarus
2203 1792 2274 1823 dieti
2295 1792 2365 1824 Illu-

1290 1833 1413 1864 striffimi
1428 1835 1506 1871 Regis
1523 1832 1636 1870 Angliae
1654 1833 1690 1863 ad
1704 1831 1879 1869 infrascripta
1893 1841 1942 1869 per
1957 1830 2039 1868 ipsius
2053 1833 2133 1867 Regis
2149 1831 2264 1869 Angliae
2282 1831 2364 1862 Lite-

1289 1882 1330 1902 ras
1348 1873 1480 1903 Parentes
1501 1871 1652 1908 Deputatis
1674 1873 1684 1908 (
1702 1880 1822 1909 quarum
1845 1871 1932 1900 etiam
1956 1869 2074 1900 inferius
2091 1868 2197 1899 Tenor
2218 1869 2361 1908 sequitur)

1292 1911 1494 1942 Convenimus
1509 1932 1519 1948 ,
1549 1909 1766 1948 Contraximus,
1788 1910 1823 1941 &
1844 1907 2064 1947 Conclusimus,
2083 1918 2117 1939 ac
2140 1918 2191 1946 per
2214 1907 2370 1940 Praesentes

1291 1950 1494 1981 Convenimus
1510 1972 1521 1988 ,
1545 1949 1770 1986 Contrahimus,
1789 1950 1823 1980 &
1840 1947 2052 1978 Concludimus
2069 1956 2174 1978 omnes
2192 1947 2226 1979 &
2246 1947 2372 1987 singulos

1291 1988 1372 2021 Pacis
1389 1989 1424 2021 &
1444 1988 1648 2020 Amicitiarum
1668 1991 1814 2026 sequentes
1836 1986 1992 2018 Articulos.

1329 2075 1375 2107 IN
1385 2084 1403 2106 Ρ
1414 2085 1437 2107 R
1450 2086 1461 2106 1
1471 2085 1498 2107 M
1509 2085 1520 2106 1
1533 2085 1545 2106 s
1554 2099 1564 2115 ,
1581 2076 1654 2106 inter
1675 2075 1756 2115 Nos,
1772 2074 1911 2106 Oratores
1924 2097 1935 2113 ,
1955 2073 2173 2105 Ambaffiatores
2191 2098 2201 2111 ,
2217 2074 2252 2106 &
2272 2073 2372 2105 Com⁴

1292 2115 1434 2145 missarios
1449 2138 1459 2154 ,
1487 2115 1672 2146 Nominibus
1692 2114 1861 2152 Principum
1892 2112 2082 2152 nostrorum,
2112 2113 2371 2151 Appuneruatum,

1293 2154 1503 2192 Conventum,
1519 2153 1760 2192 Concordatum,
1779 2154 1813 2185 ὃ(
1831 2152 2013 2183 Conclusum
2026 2151 2085 2190 est,
2114 2151 2196 2189 quod
2217 2153 2291 2182 inter
2312 2151 2371 2182 Ca-

1293 2192 1434 2223 riffimum
1452 2196 1632 2223 Romanorum
1647 2194 1680 2224 ὃς
1695 2191 1913 2224 Serenissimum
1921 2190 2036 2229 Angliae
2052 2194 2135 2228 Reges
2149 2201 2252 2221 eorum
2268 2191 2372 2222 Haere-

1292 2232 1340 2263 des
1353 2233 1386 2263 &
1404 2230 1601 2270 Successores,
1619 2231 1739 2271 Regna,
1757 2230 1878 2268 Patrias,
1895 2232 1929 2262 &
1944 2230 2086 2261 Dominia
2101 2252 2111 2268 ,
2135 2229 2248 2268 Terias,
2265 2229 2372 2260 Distri-

1294 2271 1373 2308 etus,
1392 2272 1425 2302 ὃ(
1436 2270 1669 2309 jurildiiitiones,
1686 2280 1721 2301 ac
1735 2271 1787 2300 alia
1801 2269 1884 2301 Loca
1899 2278 2090 2308 quaecumcue
2104 2268 2155 2299 sub
2171 2279 2273 2300 eorum
2289 2269 2373 2299 Obe-

1294 2310 1398 2340 dientia
1413 2310 1458 2340 vel
1468 2309 1671 2348 jurisdictione
1684 2309 1844 2347 existentia,
1857 2307 1927 2347 Jure
1948 2307 2129 2338 haereditario
2150 2308 2195 2338 vel
2219 2308 2373 2339 Successo-

1296 2349 1338 2378 rio
1353 2348 1387 2378 ad
1401 2359 1449 2379 eos
1471 2357 1518 2379 aut
1540 2358 1644 2379 eorum
1667 2348 1785 2379 alterum
1807 2347 1958 2385 spectantia
1977 2348 2011 2378 &
2035 2347 2203 2384 pertinentia
2220 2369 2230 2385 ,
2254 2355 2373 2377 necnon

1296 2387 1449 2426 vassallos,
1470 2387 1482 2417 Ι
1487 2388 1588 2426 ageos,
1607 2387 1771 2430 Homines,
1790 2385 1981 2423 Subditosque
1993 2385 2053 2415 suos
2076 2384 2276 2424 quoscumque
2300 2395 2373 2424 prae-

1293 2426 1380 2457 sentes
1395 2427 1429 2458 &
1445 2427 1571 2464 futuros,
1587 2427 1646 2457 tam
1659 2426 1873 2457 Ecclesiasticos
1888 2426 1975 2463 quam
1990 2423 2152 2462 Seculares,
2171 2424 2372 2463 cujuscumque

1297 2463 1428 2503 Gradus,
1447 2465 1696 2504 praeeminentiae,
1712 2465 1823 2502 Status,
1841 2472 1889 2495 aut
1902 2463 2090 2494 Conditionis
2111 2462 2246 2502 existant,
2264 2463 2296 2494 lit
2317 2464 2372 2493 bo·

1295 2514 1349 2542 na,
1364 2504 1456 2542 realis,
1476 2504 1601 2542 sincera,
1619 2515 1699 2541 vera,
1718 2505 1824 2544 integra
1836 2525 1846 2541 ,
1862 2503 1896 2533 &
1914 2501 1996 2533 firma
2013 2502 2088 2540 Pax,
2109 2502 2262 2539 Amicitia,
2281 2502 2374 2541 Liga,

1297 2541 1534 2581 Confoederatio,
1552 2544 1586 2574 &
1599 2542 1779 2574 Guerrarum
1797 2541 1999 2580 Abstinentia,
2022 2550 2072 2579 per
2093 2541 2216 2571 Terram
2228 2563 2237 2578 ,
2265 2540 2350 2582 Mare
2362 2563 2373 2578 ‚

1296 2582 1331 2612 &
1346 2582 1442 2620 Aquas
1458 2582 1573 2619 dulces,
1590 2582 1623 2613 ὃ(
1638 2583 1744 2620 ubique
1761 2582 1913 2612 Locorum
1931 2580 1969 2610 de
1982 2588 2088 2610 caetero
2103 2580 2137 2611 &
2151 2580 2180 2609 in
2198 2587 2280 2610 antea
2293 2582 2368 2610 iem-

1295 2630 1345 2658 per
1362 2621 1381 2640 ²*
1398 2621 1540 2659 perpetuis
1553 2621 1652 2651 futuris
1667 2620 1842 2660 temporibus
1858 2618 1998 2649 duratura.

1334 2657 1380 2688 Ιτ
1392 2667 1466 2697 ΕΜ,
1485 2658 1677 2690 Conventum
1691 2661 1724 2690 &c
1748 2657 1927 2689 Conclusum
1945 2656 1987 2687 est
2008 2656 2089 2695 quod
2111 2656 2204 2688 nullus
2223 2656 2372 2688 distorum

1296 2696 1465 2736 Principum
1484 2699 1614 2728 movebit
1627 2707 1675 2729 aut
1690 2698 1773 2729 faciet
1787 2707 1836 2734 per
1854 2697 1892 2728 Se
1906 2705 1953 2726 aut
1968 2696 2103 2726 Subditos
2119 2696 2192 2733 suos,
2209 2703 2256 2726 aut
2274 2705 2325 2732 per
2343 2706 2373 2726 a·

1296 2735 1348 2765 lios
1362 2736 1558 2775 quoscumque
1576 2737 1689 2767 moveri
1703 2745 1749 2767 aut
1765 2735 1825 2766 fieri
1861 2736 1985 2765 ermittet
2007 2733 2152 2764 Guerram
2169 2743 2217 2772 per
2237 2733 2374 2774 Terram,

1297 2773 1400 2812 Mare,
1418 2783 1510 2844 tregue
1523 2774 1619 2813 Aquas
1631 2775 1728 2805 dulces
1740 2774 1827 2805 adver
1839 2783 1870 2804 us
1888 2773 2007 2804 alterum
2032 2772 2178 2803 dierorum
2202 2773 2375 2811 Principum

1297 2821 1436 2843 eorumve
1478 2813 1592 2843 ubditos
1603 2822 1650 2844 aut
1666 2813 1773 2853 Ligeos
1786 2812 1849 2843 suos
1865 2834 1876 2850 ,
1899 2821 1955 2842 nec
1977 2811 2058 2842 dabit
2080 2810 2246 2849 Auxilium,
2267 2811 2374 2843 Confi-

1297 2849 1386 2890 lium,
1404 2851 1447 2882 vel
1463 2851 1488 2882 F
1489 2861 1606 2883 avorem
1623 2852 1740 2890 publice
1754 2851 1800 2883 vel
1817 2849 1950 2889 occulte,
1971 2859 2003 2881 ut
2016 2849 2299 2888 hujusmodiGuerra
2308 2859 2377 2885 mos

1298 2898 1396 2920 veatur
1414 2890 1460 2921 vel
1474 2891 1610 2921 excitetur
1624 2890 1828 2929 quovismodo.

1337 2927 1350 2958 Ι
1360 2937 1383 2958 Τ
1394 2938 1412 2960 Ε
1423 2937 1468 2966 Μ,
1488 2939 1542 2968 pro
1555 2929 1688 2961 securiori
1701 2930 1848 2961 Firmitate
1862 2930 1898 2961 ὅτ,

1298 2967 1366 3006 tiae,
1389 2967 1656 3000 Confoederationis
1671 2991 1682 3006 ,
1706 2971 1740 3001 &
1759 2968 1960 3006 Intelligendae
1978 2966 2197 3006 praedidtarum,
2221 2963 2368 2997 Conven-

1297 3014 1380 3044 tum,
1400 3006 1644 3046 Concordatum,
1660 3009 1694 3039 ὃς
1715 3006 1897 3038 Conclusum
1917 3006 1959 3036 est
1976 3029 1986 3045 ,
2011 3004 2092 3044 quod
2115 3012 2214 3034 neuter
2230 3003 2373 3042 Regnum

1299 3045 1519 3084 praedictorum,
1535 3047 1565 3076 in
1580 3046 1625 3076 sua
1641 3046 1759 3086 Regna,
1777 3045 1879 3077 Patrias
1895 3068 1906 3084 ,
1931 3045 2092 3082 Dominia,
2114 3042 2218 3072 Portus
2233 3064 2243 3080 ,
2266 3043 2373 3075 Distri-

1300 3084 1378 3123 &us,
1397 3084 1570 3123 Territoria,
1589 3084 1794 3124 Obedientias,
1810 3085 1856 3115 vel
1866 3083 2090 3123 Jurisdiffiones,
2108 3082 2303 3125 quovismodo
2310 3081 2373 3113 Re-

1300 3124 1436 3162 ceptabit,
1445 3132 1492 3154 aut
1506 3134 1521 3153 a
1538 3123 1664 3155 Subditis
1674 3124 1726 3155 suis
1741 3133 1844 3155 eorum
1856 3123 1926 3155 alter
1939 3121 2076 3159 receptari
2090 3129 2235 3157 permittet
2247 3121 2373 3160 aliquem

1300 3164 1348 3192 vel
1359 3163 1465 3200 aliquos
1478 3171 1579 3193 eorum
1592 3162 1638 3193 vel
1648 3163 1757 3195 alterius
1782 3171 1885 3194 eorum
1908 3161 2060 3192 Rebellem
2074 3182 2084 3198 ,
2103 3158 2306 3198 Proditorem,
2323 3167 2372 3191 aut

1299 3200 1507 3240 Transfugam,
1533 3201 1667 3232 Rebelles
1684 3225 1694 3241 ,
1717 3202 1898 3239 Proditores,
1920 3208 1968 3230 aut
1990 3198 2182 3237 Transfugas,
2206 3199 2374 3237 cujuscum-

1301 3249 1358 3277 que
1379 3239 1427 3269 D'‘
1442 3241 1551 3279 nitatis,
1570 3240 1681 3279 Status,
1700 3239 1832 3279 Gradus,
1855 3247 1903 3270 aut
1920 3237 2106 3269 Conditionis
2130 3236 2267 3271 existant,
2285 3237 2375 3268 etiam

1302 3280 1322 3308 fi
1338 3278 1446 3310 Ducai
1468 3288 1515 3310 aut
1533 3279 1585 3310 alia
1605 3278 1753 3319 Dignitate
1795 3287 1958 3316 uacumque
1972 3276 2178 3315 praefulgoent,
2193 3275 2231 3306 de
2242 3274 2375 3307 Crimine

1305 3315 1394 3348 Laesae
1409 3317 1563 3356 Majestatis
1578 3318 1756 3357 Suspectum,
1809 3325 1971 3355 epuratum‚
1995 3315 2040 3346 seu
2055 3313 2255 3354 convictum,
2272 3315 2373 3354 Suspe-

1304 3356 1367 3386 ‹Stos
1379 3379 1390 3395 ,
1416 3355 1586 3396 Repuraros,
1612 3365 1660 3388 aut
1673 3356 1852 3394 Convidtoe,
1870 3364 1925 3386 nec
1939 3354 2103 3393 hujusmodi
2118 3352 2253 3390 Rebelli,
2270 3352 2375 3384 Prodi·

1306 3396 1382 3433 tori,
1400 3394 1456 3426 five
1472 3395 1595 3426 Transfu
1616 3405 1642 3425 ae
1656 3418 1666 3433 ,
1693 3395 1877 3432 Rebellibus,
1895 3393 2109 3429 proditoribus,
2128 3390 2185 3421 five
2200 3391 2380 3430 Transfugis,

1305 3433 1337 3462 in
1351 3433 1402 3462 suis
1412 3441 1459 3463 aut
1478 3433 1573 3463 alienis
1619 3435 1712 3472 egnis,
1731 3433 1845 3471 Patriis,
1862 3432 1976 3470 Terris,
1993 3430 2157 3468 Dominiis,
2176 3429 2377 3470 obedientiis,

1305 3470 1468 3510 Portubus,
1490 3471 1693 3508 Distrietubus,
1707 3471 1955 3510 jurisdictionibus
1968 3469 2048 3500 dabir
2062 3490 2071 3506 ,
2095 3476 2142 3499 aut
2156 3478 2170 3498 a
2185 3467 2311 3499 Subditis
2325 3470 2379 3500 suis

1306 3508 1365 3540 dari
1379 3509 1425 3540 seu
1441 3509 1565 3549 praestari
1580 3511 1736 3548 permittet,
1752 3509 1862 3546 Verbo,
1874 3508 1965 3539 Fadio
1978 3516 2024 3539 aut
2039 3506 2165 3546 Scripto,
2176 3517 2224 3538 aut
2237 3507 2292 3538 alio
2310 3517 2378 3538 mo-

1306 3549 1347 3579 do
1373 3557 1579 3587 quocumque,
1611 3547 1789 3587 Consilium,
1813 3546 1979 3586 Auxilium,
2009 3546 2173 3586 Favorem,
2195 3545 2379 3585 Subsidium,

1305 3595 1354 3618 aut
1370 3585 1561 3618 Affistentiam
1575 3587 1692 3627 publice
1708 3587 1877 3618 velocculte

1344 3625 1418 3656 Ιτε
1428 3633 1455 3655 Μ
1465 3648 1474 3663 ,
1492 3625 1683 3658 Conventum
1697 3626 1739 3657 est
1755 3626 1837 3664 quod
1853 3626 1872 3656 li
1893 3626 1958 3656 alter
1979 3624 2098 3663 Regum
2119 3623 2327 3663 praedictorum
2341 3632 2373 3653 a-

1305 3665 1415 3703 liquem
1430 3665 1476 3695 vel
1491 3665 1598 3703 aliquos
1612 3667 1695 3696 suum
1711 3665 1755 3695 vel
1771 3665 1834 3696 suos
1847 3664 1930 3695 fuisse
1942 3664 2047 3696 &lesse
2070 3663 2223 3694 Rebellem
2242 3662 2287 3693 vel
2309 3660 2372 3691 Re-

1307 3703 1407 3739 belles,
1425 3702 1585 3742 Profugum
1600 3704 1646 3735 vel
1659 3704 1819 3742 Profugos,
1834 3704 1868 3734 &
1883 3705 1913 3733 in
1929 3704 1974 3734 sua
1987 3702 2089 3741 Regna
2099 3725 2108 3740 ,
2124 3701 2243 3738 Patrias,
2262 3699 2373 3729 Domi-

1307 3743 1371 3782 nia,
1388 3741 1508 3781 Terras,
1526 3742 1644 3783 Portus,
1663 3744 1706 3774 vel
1727 3742 1896 3780 DistriCrus,
1914 3750 2075 3772 aureorum
2091 3741 2211 3779 aliquem
2226 3747 2374 3776 receptum

1308 3781 1364 3813 effe
1377 3781 1422 3812 vel
1435 3790 1567 3819 acceptos
1581 3791 1629 3813 aut
1649 3781 1756 3811 ibidem
1771 3781 1875 3812 latitare
1891 3789 1937 3811 aut
1951 3781 1978 3810 se
1993 3788 2102 3817 tenere,
2119 3788 2167 3818 per
2183 3778 2301 3820 Litteras
2318 3777 2375 3808 suas

1307 3821 1386 3851 alteri
1401 3819 1575 3859 significarit,
1594 3829 1640 3852 aut
1654 3820 1851 3857 declaraverit,
1870 3827 1939 3849 tunc
1955 3818 2021 3848 Pars
2036 3818 2098 3855 illa,
2123 3825 2189 3854 quae
2209 3815 2374 3853 hujusmodi

1310 3860 1416 3891 Literas
1430 3861 1535 3896 recepit
1551 3859 1595 3889 vel
1611 3860 1656 3890 cui
1669 3861 1755 3889 taliter
1780 3858 1975 3897 Significatum
1996 3865 2044 3887 aut
2066 3855 2248 3885 Declaratum
2272 3854 2376 3892 fuerit,

1308 3898 1470 3936 hujusmodi
1486 3898 1637 3929 Rebellem
1650 3898 1697 3928 vel
1713 3896 1863 3935 Rebelles,
1881 3895 2043 3934 Profugum
2058 3893 2112 3936 vel·
2124 3892 2281 3932 Profugos,
2302 3892 2374 3923 infra

1310 3937 1428 3969 Decem
1443 3934 1525 3975 Dies,
1540 3947 1555 3967 a
1573 3936 1631 3967 Die
1646 3936 1676 3967 Si
1699 3935 1867 3967 nificationis
1876 3935 2021 3972 praedietae
2033 3932 2167 3974 proximo
2182 3931 2216 3961 &
2234 3932 2374 3975 continue

1310 3974 1515 4013 numerandos,
1529 3976 1760 4006 tenebiturilum
1779 3976 1812 4007 &
1828 3973 1891 4004 illos
1905 3973 1983 4003 illico
2006 3970 2180 4010 proscribere
2202 3970 2237 4002 δε
2258 3970 2377 4000 bannire

1309 4016 1360 4047 sub
1371 4013 1462 4045 Poena
1480 4013 1615 4052 Capitali,
1640 4015 1673 4045 &
1697 4013 1781 4044 talem
1805 4011 2044 4048 proscriptionem
2065 4007 2122 4039 five
2141 4006 2274 4040 Batinum
2293 4007 2377 4038 Con-

1310 4060 1509 4094 tempnentem
1520 4053 1566 4085 vel
1580 4051 1832 4092 Contempnentes
1844 4050 1945 4083 eadem
1960 4046 2056 4080 Poena
2070 4045 2166 4079 statim
2187 4047 2221 4080 &
2235 4047 2292 4079 fine
2300 4042 2382 4113 {iga-e

1911 2927 2119 2959 observatione
2141 2926 2238 2963 Pacis,
2255 2911 2374 2958 'Amici-

2394 2604 2511 2639 *xm-

2395 2658 2441 2686 ²3·
