2555 4266
760 195 869 237 ET
954 190 1212 236 ACTA
1295 189 1764 235 PUBLICA.

0 292 123 330 AnnD·
139 285 202 318 sunt
224 284 318 325 quoad
342 283 447 314 Patrias
468 285 645 314 Dominarum
665 286 771 314 Ducum
795 280 998 314 Commoditas
1018 278 1151 323 adquisita
1167 277 1200 307 &

16 347 30 368 1
54 334 101 372 78,
142 325 311 360 adventitia,
329 324 364 354 &
380 323 467 353 Lanae
478 324 570 360 quoad
590 323 727 361 Regnum
742 322 858 359 Angliae
871 318 1075 351 Commoditas
1089 325 1200 360 natura-

0 345 55 406 Εἴ
82 385 112 411 4,
145 364 179 395 lis
195 364 228 395 &
242 360 408 398 intrinseca;
424 370 478 398 pro
496 361 551 398 qua
566 361 682 392 naturali
694 360 912 391 Commoditate
927 355 1128 400 *promovenda
1142 362 1201 398 non

58 397 64 404 ’
146 401 288 434 videbitur
309 400 432 429 humana
450 398 589 430 Industria
609 409 698 431 errare
710 421 718 436 ,
745 399 764 428 si
778 398 811 428 ad
828 398 885 427 hoc
898 393 1048 432 aliquando
1063 402 1131 423 curn
1148 391 1203 428 ipsa

2244 208 2296 246 91

1240 282 1282 305 ter
1305 274 1511 322 privilegiatis3
1531 277 1632 321 *quoad
1656 279 1746 310 Lanas
1768 280 1814 310 vel
1828 279 1919 310 Pelles
1930 280 2054 318 lanutas,
2073 280 2295 319 nichilominus,
2316 280 2390 313 Arm.
2402 283 2444 317 D.

1237 314 1274 342 ab
1302 321 1333 341 ea
1359 313 1442 345 Sexra
1469 315 1569 353 Aprilis
1595 316 1692 348 ultima
1716 317 1859 348 Dicendas
1884 318 1928 349 vel
1953 319 2131 357 Reputandas
2158 319 2296 357 Veteres,
2334 325 2421 361 1478.

1238 350 1348 394 nullum
1367 351 1511 397 habebunt
1530 353 1712 393 privilegium
1729 356 1774 386 seu
1794 356 1967 388 Beneficium
1993 358 2036 388 vel
2054 357 2218 388 Utilitatem
2238 359 2295 390 La-
2314 362 2382 389 Edv.
2398 372 2429 397 4.

1239 398 1280 418 nis
1301 387 1399 419 Novis
1417 392 1603 429 amphorem:
1623 394 1681 423 hoc
1698 394 1758 424 solo
1776 394 1908 431 Excepto
1927 397 2006 432 quod
2028 395 2214 426 Pireferendae
2232 397 2296 427 sunt

11 2288 30 2305 ⁰
46 2286 118 2317 xm

147 447 244 471 natura
258 438 390 468 inclinet:
409 437 536 477 Ipsaeque
549 439 662 475 Species
677 437 780 467 diutius
803 436 889 471 quam
905 432 991 462 Lanae
1008 431 1066 474 fine
1082 431 1204 473 111311116-

147 477 192 508 1ὶᾶ
214 477 247 508 &
269 485 420 514 apparente
439 476 634 515 Corruptione
645 476 745 506 servari
759 473 887 511 possunt,
906 479 970 514 quae
984 469 1115 514 Species,
1134 466 1203 497 licet

146 516 231 547 etiam
244 516 365 552 antiquae
381 514 449 551 sint,
469 515 488 544 si
504 525 572 545 curn
592 515 689 544 Novis
707 513 888 547 misceantur,
902 506 1050 546 saepissime
1063 516 1116 551 pro
1132 504 1166 535 N
1169 514 1203 549 o-

148 555 193 585 vis
217 553 402 590 venduntur,
428 553 493 591 post
509 562 626 590 quarum
646 551 803 581 Mixturam
819 547 922 591 Novas
939 555 957 590 a
977 544 1127 588 Veteribus
1148 543 1206 573 dis-

149 601 267 623 cernere
290 591 349 622 satis
372 592 424 622 erit
445 591 562 622 difficile
574 613 584 628 ,
602 590 671 620 cum
686 588 810 617 omnino
829 595 858 614 111
875 585 958 615 Lanis
970 591 1145 613 contrarium
1157 591 1205 626 're-

148 630 287 670 periatur3
306 631 339 661 &
362 630 428 660 ideo
449 640 508 659 non
528 630 658 666 iniquum
679 624 850 663 judicabitur
867 646 876 662 ,
901 624 966 653 licet
982 623 1059 652 bona
1075 620 1204 663 Provisio

147 677 268 707 ponatur
282 668 436 706 quomodo
451 666 637 698 Mercandisae
647 686 656 701 ,
674 665 703 693 in
718 663 798 693 bono
812 662 883 693 statu
896 660 1061 698 existentes,
1070 668 1206 697 congruis

148 708 218 738 loco
230 708 263 738 &
280 715 408 745 tempore
422 705 590 736 Venditioni
603 710 788 740 exponantur.

193 784 261 823 Qa
279 783 316 814 de
339 782 385 813 Re
400 805 410 819 ,
432 782 501 812 cum
525 788 586 810 tota
606 780 649 809 vis
673 777 904 816 Responsionum
921 776 1080 819 Oratorum
1096 776 1209 804 Domini

151 824 243 860 Regis,
258 822 336 858 super
351 820 489 851 ambobus
503 818 725 848 Gravaminibus
741 817 882 854 praediffis
892 838 901 854 ,
925 824 959 845 ex
974 814 1086 845 Statutis
1101 815 1133 844 &
1148 812 1206 856 01-

151 861 342 890 dinationibus
353 857 524 894 dependeat,
539 856 675 887 Oratores
691 859 867 885 Dominorum
891 857 995 896 Qucum
1011 876 1020 890 ‚
1044 862 1096 896 pro
1110 860 1208 888 majori

153 908 254 928 eorum
267 897 473 927 Informatione
490 897 521 926 &
535 895 569 925 ad
587 895 694 933 plenius
711 895 744 926 &
765 894 885 923 securius
901 896 980 930 super
995 891 1130 921 omnibus
1148 889 1211 919 De-

152 934 345 971 liberandum,
361 934 501 972 petierunt
518 934 584 971 ipsas
601 935 639 963 eis
651 933 710 963 dari
726 934 753 962 in
770 932 903 969 Scriptis,
921 932 980 961 tam
995 940 1038 960 eas
1051 939 1116 967 quae
1131 928 1210 965 super

153 973 366 1004 visitationibus
393 972 532 1002 Lanarum
558 974 585 1001 in
613 971 712 1010 Anglia
733 971 818 1001 136133
839 971 924 1008 sunt,
951 969 1036 1008 quam
1053 977 1119 1006 quae
1133 966 1211 1004 super

152 1011 362 1043 visitationibus
380 1010 524 1041 Lanarum
540 1011 569 1039 in
586 1009 710 1046 Calefia3

192 1050 269 1087 Qiae
291 1048 407 1086 quidem
424 1072 433 1087 ,
462 1059 511 1087 per
528 1049 663 1080 Oratores
677 1048 804 1087 Angliae,
822 1046 884 1085 ipsis
897 1045 1005 1078 traditae
1022 1045 1101 1082 sunt,
1120 1041 1212 1075 modo

153 1088 188 1120 δί
202 1087 296 1118 forma
310 1087 497 1126 sequentibus.

311 1174 522 1209 Ordinationes
537 1184 735 1208 concernentes
754 1173 910 1220 Stapulam
930 1172 1052 1216 Califia.

193 1271 224 1305 Ο
236 1283 307 1305 RDI
318 1283 369 1305 NA
380 1283 403 1306 ’r
413 1284 434 1306 υ
444 1284 471 1306 Μ
497 1272 539 1306 est
554 1274 632 1313 quod
642 1297 651 1312 ‚
669 1274 704 1305 de
719 1281 825 1304 caetero
840 1296 850 1311 ,
866 1272 956 1302 nullus
977 1271 1088 1315 Ovium
1104 1267 1218 1312 Posse37

156 1311 201 1344 sor
224 1315 252 1343 in
276 1313 378 1353 Anglia
391 1339 401 1352 ,
418 1316 466 1345 cui
481 1314 608 1345 crescunt
627 1313 732 1349 Lanae,
751 1322 843 1347 neque
858 1311 925 1341 alius
945 1310 1149 1352 quiscumque,
1168 1318 1219 1351 qui

157 1352 228 1383 solet
242 1351 411 1390 Involvere,
427 1353 536 1383 Plicare
558 1353 602 1383 vel
628 1352 763 1381 Formare
780 1349 907 1386 Vellera,
923 1349 1051 1379 involvet
1064 1348 1109 1378 vel
1125 1347 1218 1389 impli-

159 1391 254 1429 cabit,
268 1389 312 1420 seu
328 1391 438 1421 involvi
459 1391 503 1421 vel
525 1391 664 1428 implicari
685 1390 768 1420 faciet
789 1390 818 1418 in
841 1388 938 1418 Vellus
954 1395 1153 1430 *quaecumque
1167 1384 1218 1428 alia

160 1429 330 1468 Fragmenta
351 1429 495 1460 Vellerum
512 1453 521 1467 ‚
545 1428 681 1466 aliquasve
695 1426 795 1458 Pecias
810 1425 898 1457 Lanae
916 1435 1018 1464 pejoris
1033 1425 1120 1468 quatri
1137 1423 1167 1453 sit
1184 1423 1218 1466 il·-

157 1467 207 1497 lud
232 1466 329 1497 Vellus
349 1467 484 1505 plicatum
509 1468 555 1497 seii
579 1467 733 1497 formatum
752 1488 762 1503 ,
784 1474 877 1502 neque
899 1466 1030 1502 imponet
1048 1466 1093 1492 seu
1108 1471 1217 1505 imponi

158 1506 304 1544 permittet
318 1506 388 1536 infra
401 1505 514 1544 aliquod
530 1504 628 1536 Velius
644 1505 765 1534 Terram
776 1527 785 1541 ,
812 1502 932 1541 Sordes,
950 1503 1064 1546 PetraS,
1083 1500 1104 1530 F
1107 1509 1216 1536 imum,

158 1543 296 1575 Sabulum
312 1567 321 1581 ,
346 1544 490 1582 Arenam,
514 1543 591 1574 Pilos
603 1566 614 1582 ,
636 1551 682 1573 aut
698 1544 851 1580 quicquam
867 1541 940 1571 aliud
955 1551 983 1570 in
1001 1538 1129 1584 fraudem
1140 1561 1148 1576 ,
1167 1538 1218 1568 de-

159 1583 343 1620 ceptionem,
358 1581 403 1612 seu
418 1582 622 1613 detrimentum
637 1579 783 1618 EmentiS,
801 1581 850 1610 sub
866 1579 956 1610 Poena
972 1577 1169 1609 Forisfatsturae
1185 1576 1218 1607 &

157 1619 323 1650 Amiffionis
342 1621 369 1657 vj
389 1620 580 1651 Denariorum
603 1630 656 1658 pro
675 1619 804 1657 quolibet
824 1617 938 1649 Vellere
959 1619 988 1648 in
1011 1627 1070 1655 quo
1085 1623 1219 1654 poterunt

159 1657 320 1695 hujusmodi
334 1658 418 1689 Fraus
432 1659 465 1689 ὃ(
480 1658 620 1689 1361661113
638 1659 758 1696 reperiri.

193 1696 325 1735 ITEM,
344 1697 516 1728 Ordinatum
538 1696 580 1728 est
595 1720 605 1735 ,
630 1696 712 1734 quod
733 1696 823 1726 nullus
843 1694 992 1726 Collc&or
1010 1693 1168 1730 Lanarum,
1186 1691 1224 1722 de

160 1734 246 1767 Lanis
267 1735 350 1766 unius
365 1734 552 1773 Comitatus,
571 1734 619 1767 vel
632 1734 806 1765 diversorum
820 1734 1038 1770 Comitatuum,
1055 1741 1130 1763 eittra
1144 1731 1222 1770 Reg-

159 1783 232 1804 num
255 1773 370 1811 Angliae
386 1774 637 1812 Deportandarum
649 1797 659 1812 ,
685 1783 729 1804 eas
749 1782 847 1810 paccet
858 1781 905 1803 aut
922 1773 1031 1810 paccari
1047 1771 1129 1802 faciat
1145 1779 1221 1800 exrra

160 1811 344 1844 Comitatum
366 1812 447 1843 illum
471 1814 500 1843 in
524 1823 582 1851 quo
602 1822 646 1843 eas
667 1812 778 1848 colligit
799 1812 844 1842 vel
863 1811 980 1844 60111661
998 1811 1130 1847 deinceps
1144 1831 1154 1846 ‚
1172 1808 1222 1838 sub

160 1850 255 1890 Poena
274 1851 473 1882 Forisfia&urae
500 1853 588 1883 totius
608 1851 697 1882 Lanae
716 1850 787 1882 illius
803 1851 832 1880 iri
850 1859 909 1881 urio
927 1848 1079 1880 Comitatu
1093 1847 1223 1879 collectae

162 1891 197 1922 ὃς
214 1890 243 1919 111
259 1889 314 1920 3110
332 1898 472 1927 paccatae:

200 1927 255 1965 Et,
274 1929 339 1966 quia
358 1927 520 1960 Comitatus
539 1927 663 1959 Eboraci
677 1928 711 1959 &
727 1926 888 1958 Lincolniae
903 1926 966 1957 sunt
983 1924 1144 1956 Comitatus
1161 1933 1224 1954 am-

161 1967 220 2006 pli,
239 1967 372 1997 habentes
394 1967 498 1998 Patrias
520 1962 638 1998 diversas
656 1989 665 2004 ,
690 1968 718 1996 in
734 1968 836 2005 quibus
852 1966 1034 1996 inveniuntur
1050 1965 1137 1994 Lariae
1149 1962 1224 2007 mul-

162 2006 228 2036 tum
242 2005 403 2036 differentes
416 2005 573 2036 secundum
589 2005 791 2036 Diversitatem
810 2004 960 2035 Locorum
970 2025 980 2042 ,
997 2002 1123 2034 distincti
1139 2003 1223 2041 igitur

163 2044 226 2075 sunt
240 2043 278 2074 1111
296 2043 461 2075 Comitatus
474 2045 592 2083 quilibet
607 2045 635 2073 in
651 2043 724 2074 Tres
739 2043 853 2074 diversas
871 2042 990 2080 Patrias,

203 2081 269 2120 Ut,
286 2083 399 2120 primo,
420 2082 581 2114 Comitatus
600 2082 725 2113 Eboraci
739 2083 769 2112 in
785 2081 857 2112 Tria
875 2081 973 2119 Loca,
992 2080 1154 2111 comuniter
1169 2090 1225 2110 vo-

163 2129 225 2152 cata
250 2121 388 2161 Ryding53
417 2121 589 2152 Ordinatum
607 2121 648 2152 est
664 2122 748 2161 igitur
769 2121 798 2150 in
814 2120 863 2150 illo
875 2119 1023 2150 Comitatu
1039 2119 1119 2158 quod
1136 2118 1225 2149 Lanae

161 2169 367 2198 quaecumque,
385 2168 481 2191 ortum
497 2160 629 2191 habentes
643 2161 671 2190 in
688 2159 854 2197 unaquaque
873 2158 980 2188 illarum
998 2157 1153 2188 Patriarum
1171 2168 1226 2188 vo-

162 2207 289 2267 ciatagum
305 2199 438 2266 lssysdings,
454 2199 552 2230 nullibi
566 2199 679 2237 paccari
692 2198 815 2229 debeant
828 2196 878 2228 nisi
893 2199 923 2227 111
937 2196 1036 2227 eadem
1049 2197 1154 2237 Ryding
1174 2206 1227 2226 un-

184 2246 200 2266 e
246 2246 296 2268 rtae
325 2245 393 2274 unt,

202 2275 221 2293 ³¹*
241 2274 404 2306 Comitatus
430 2275 591 2307 Lincolniae
609 2275 744 2306 dividitur
767 2275 796 2305 in
817 2274 891 2305 Tres
911 2274 1027 2305 diversas
1050 2271 1146 2305 Partes
1169 2273 1227 2304 five

164 2311 266 2344 Patrias
286 2313 441 2352 (videlicet)
466 2315 619 2353 Lindesey,
638 2314 801 2352 Kesteven,
817 2314 850 2344 &
866 2312 1035 2350 Hollandia;
1051 2311 1227 2343 Ordinatum

164 2354 256 2390 itaque
272 2352 313 2382 est
329 2352 410 2391 quod
431 2353 518 2383 Lanae
533 2378 542 2391 ‚
566 2353 676 2384 Ortum
693 2353 737 2383 vel
754 2351 948 2383 Crescentiam
962 2352 1096 2382 habentes
1114 2353 1142 2381 111
1158 2362 1227 2389 qua-

164 2393 205 2422 vis
222 2391 337 2421 istarum
356 2391 481 2422 Partium
494 2392 551 2422 sive
566 2391 722 2422 Patriarum
741 2391 842 2431 Plaga,
862 2392 970 2429 paccari
989 2390 1110 2421 debeant
1131 2392 1228 2420 omni-

164 2433 206 2461 no
220 2431 250 2460 in
268 2429 366 2460 eadem
377 2429 466 2461 Patria
481 2431 530 2460 ubi
543 2438 710 2468 creverunt,
729 2431 763 2462 &
778 2439 837 2460 non
855 2429 938 2467 alibi,
952 2430 1001 2460 sub
1017 2428 1110 2460 Poena
1125 2429 1230 2467 praedi-

164 2469 220 2500 ‹stae
234 2468 442 2499 Forisfacturae.

202 2506 309 2546 ITEM,
329 2507 503 2538 Ordinatum
518 2507 559 2538 est
576 2508 656 2545 quod
670 2507 788 2545 quilibet
802 2506 942 2537 Paccator
956 2505 993 2536 de
1009 2513 1134 2544 caetero,
1150 2515 1231 2537 exer-

166 2546 273 2577 citurus
296 2545 438 2576 Officium
457 2546 503 2576 seu
525 2546 757 2583 Occupationem
778 2546 942 2576 Paccarurae
964 2546 992 2575 in
1015 2544 1136 2583 Anglii,
1151 2554 1230 2575 ante-

167 2594 254 2623 quam
273 2584 307 2614 ad
330 2583 388 2614 hoc
408 2583 569 2615 admittatur
592 2594 637 2615 aut
652 2585 826 2622 permittatur
840 2583 908 2613 illud
923 2582 1099 2613 Exercitium
1116 2592 1230 2615 exerce—

166 2633 198 2654 re
212 2645 220 2658 ,
246 2622 358 2660 praestet
370 2622 569 2661 Juramentum
579 2646 588 2661 ,
611 2632 712 2654 coram
725 2622 911 2654 Thesaurario
926 2623 959 2653 ὃ(
975 2621 1129 2652 Batonibus
1143 2622 1230 2653 Scae-

167 2661 234 2692 carii
258 2662 344 2700 Regis
357 2685 366 2698 ,
393 2661 473 2699 quod
488 2684 497 2700 ,
515 2661 618 2700 absque
632 2661 758 2699 Fraude,
775 2660 960 2698 Collulione,
978 2669 1025 2692 aut
1044 2659 1229 2698 Deceptione

165 2709 323 2738 quacumq,
341 2700 422 2730 faciat
443 2700 626 2731 Paccaturam
650 2700 790 2731 Lanarum
814 2697 1009 2730 indifferenter
1030 2699 1063 2729 ὃ(
1084 2699 1227 2730 sufficien-

167 2746 226 2768 ter:
246 2737 284 2768 Et
307 2738 386 2777 quod
407 2738 523 2769 fideliter
541 2740 700 2769 nominabit
723 2738 915 2777 quascumque
929 2747 982 2775 pro
997 2737 1093 2767 Patriis
1104 2738 1156 2769 suis
1172 2739 1228 2768 sive

169 2776 247 2813 unde
266 2776 348 2807 Ortae
370 2777 432 2808 sunt
446 2801 454 2815 ,
479 2778 512 2808 &
533 2787 586 2814 pro
606 2777 680 2807 nulla
696 2777 746 2808 alia
764 2777 854 2808 Patria
869 2775 1077 2815 quovismodo,
1095 2776 1229 2816 signando

168 2815 215 2845 vel
240 2815 340 2852 signari
361 2815 494 2846 faciendo
517 2816 723 2853 quodcumque
746 2816 916 2853 Sarplerium
932 2837 941 2853 ,
966 2815 1110 2853 Saccum,
1130 2816 1229 2854 Poke,

169 2853 204 2884 &
219 2852 312 2884 Poket
327 2853 363 2883 de
377 2854 477 2890 Lanis,
493 2854 575 2884 dietis
601 2854 625 2884 E
635 2863 657 2884 U
668 2864 688 2883 D
699 2864 717 2884 E
744 2855 787 2884 W
798 2863 816 2884 3
827 2864 847 2884 L
859 2863 880 2884 t.
892 2863 909 2884 Ε
918 2863 947 2892 s,
965 2855 994 2883 in
1009 2853 1078 2883 Fine
1089 2854 1230 2892 Sarplerii‚

170 2891 270 2929 sacci,
290 2891 387 2931 Poke,
405 2893 450 2922 vel
465 2891 573 2929 Poket,
593 2892 643 2922 illis
657 2892 746 2931 Signo
760 2893 803 2922 vel
817 2893 980 2932 Signis,per
992 2891 1157 2923 Dominum
1167 2892 1230 2923 Re-

167 2939 236 2969 gem
254 2929 288 2960 ad
303 2930 361 2960 hoc
375 2930 524 2968 ordinatis,
542 2931 574 2960 &
587 2931 622 2961 de
639 2930 724 2960 Latiis
739 2953 748 2967 ,
765 2931 847 2960 distis
872 2929 929 2959 CL
940 2939 971 2959 1s
982 2938 1005 2958 τ
1016 2939 1033 2959 Ε
1044 2939 1073 2960 w
1083 2939 1159 2960 ELL
1171 2941 1189 2961 E
1201 2941 1230 2969 s,

168 2970 249 3007 super
272 2968 357 3000 Latus
377 2969 506 3007 Sarplerii
519 2992 528 3005 ,
548 2968 628 2999 Sacci
639 2993 648 3006 ‚
666 2969 766 3006 Poke,
785 2969 831 2998 vel
848 2967 958 3006 Poket,
974 2968 1073 2998 talibus
1086 2969 1183 2999 forma
1196 2970 1229 3000 &

169 3007 278 3046 modo,
297 3007 378 3045 quod
393 3008 514 3046 Signum
540 3006 584 3037 vel
602 3007 687 3046 Signa
701 3031 710 3044 ,
737 3007 774 3037 sic
792 3007 930 3043 apposita,
949 3015 1085 3044 nequeant
1098 3007 1159 3037 tolli
1175 3007 1231 3038 sine

169 3046 299 3084 Ruptura
313 3046 462 3085 Sarplerii,
481 3046 581 3084 Sacci,
600 3045 699 3084 Poke,
718 3046 766 3076 vel
780 3045 889 3082 Poker3
908 3045 941 3075 ὃς
955 3045 1071 3084 quisque
1082 3043 1230 3076 Paccarius

169 3083 238 3115 huic
250 3084 431 3116 Ordinationi
447 3085 664 3116 contraveniens
677 3106 687 3122 ,
714 3084 751 3114 sic
774 3084 905 3121 punietur
917 3093 945 3113 ut
959 3084 1013 3113 aliis
1031 3083 1062 3113 iit
1078 3084 1108 3113 in
1122 3083 1231 3114 Exem-

170 3122 269 3162 plum,
286 3124 320 3154 &
335 3123 416 3154 faciet
431 3123 591 3154 Emendam
604 3123 681 3154 Parti
696 3131 820 3160 gravatae
835 3121 869 3152 63
883 3122 1043 3152 occasione.

212 3160 334 3200 ITEM,
354 3162 529 3193 Ordinatum
550 3161 591 3191 est
611 3160 692 3200 quod
708 3160 881 3191 Custumarii
899 3162 932 3191 &
950 3160 1230 3192 Contrarotulatores

173 3200 323 3238 cujuscum
345 3211 379 3231 ue
402 3200 506 3232 Portsis
519 3223 529 3238 ,
553 3199 628 3230 unde
647 3200 807 3230 evehuntur
830 3199 933 3236 Lanae,
952 3199 1074 3231 scribent
1088 3200 1133 3230 seu
1146 3200 1230 3230 scribi

172 3238 300 3276 facient,
334 3240 469 3276 eperatim
490 3240 524 3271 &
547 3238 681 3269 (1111111616
694 3263 703 3276 ‚
728 3240 755 3268 111
775 3248 875 3268 60111111
900 3238 992 3267 Libris
1011 3237 1055 3268 seu
1078 3238 1229 3278 Registris,

171 3273 305 3307 Nomina
326 3277 528 3315 cujuscumque
551 3277 718 3308 Mercatoris
743 3277 787 3307 vel
806 3277 916 3307 alterius
939 3277 1118 3307 immittentis
1143 3277 1230 3308 Latias

174 3314 219 3344 vel
240 3314 327 3345 Pelles
343 3315 448 3346 lanutas
469 3317 498 3345 in
521 3315 632 3345 Navim
650 3316 694 3346 vel
714 3315 815 3346 Naves
838 3314 910 3345 infra
926 3314 1048 3344 Portum
1069 3315 1167 3353 illum,
1188 3316 1228 3346 fa-

174 3352 278 3383 ciendo
295 3355 472 3386 mentionem
494 3354 525 3384 in
542 3354 593 3384 suis
615 3354 704 3384 Libris
722 3355 768 3384 seu
790 3352 931 3390 Regstris
955 3354 990 3382 de
1013 3353 1100 3384 Anno
1117 3355 1150 3384 &
1171 3354 1229 3384 Die

172 3399 234 3428 quo
255 3392 446 3423 immittuntur
467 3392 554 3422 Lance
573 3392 618 3422 vel
641 3392 731 3423 Pelles
751 3392 852 3422 lanutae
871 3391 1034 3426 hujusmodi
1056 3393 1084 3421 in
1111 3391 1230 3423 Navem

174 3428 221 3458 vel
241 3428 339 3460 Naves
358 3431 524 3469 supradictas
540 3454 549 3469 ,
574 3431 654 3461 simul
676 3431 713 3461 de
735 3430 872 3461 Numero
897 3431 930 3461 &
952 3429 1081 3460 Pondere
1094 3432 1230 3461 omnium

174 3466 376 3506 Sarpleriorum
391 3493 401 3506 ‚
426 3469 583 3500 Saccorum
599 3492 609 3508 ,
625 3470 735 3507 Pokes,
755 3469 800 3500 vel
814 3468 934 3499 Pokets:
954 3468 1057 3499 facient
1071 3469 1148 3499 idem
1165 3468 1230 3500 Cu—

174 3504 301 3536 stumarii
326 3507 360 3537 &
386 3507 663 3538 Contrarotulatores
686 3507 870 3545 Transcripta
893 3507 985 3537 fidelia
1007 3507 1162 3538 Librorum
1183 3509 1228 3539 seu

173 3542 372 3587 Registrorum
396 3545 557 3583 hujusmodi
575 3546 611 3577 de
625 3555 757 3584 tempore
776 3549 807 3578 in
823 3555 956 3584 tempus,
973 3548 1006 3577 &
1029 3548 1127 3576 eadem
1141 3555 1230 3577 trans-

174 3590 289 3612 mittent
312 3581 446 3612 Domino
462 3584 647 3615 Thesaurario
668 3585 778 3624 Angliae
798 3595 850 3622 pro
865 3594 995 3622 tempore
1009 3584 1138 3616 existenti
1158 3585 1230 3616 infra

175 3619 310 3651 Mensem
322 3619 472 3657 postquam
486 3621 646 3659 hujusmodi
658 3623 747 3653 Lanae
761 3624 866 3654 fuerint
881 3623 1052 3661 Eskippatae.

213 3658 284 3689 ΙΤΕ
295 3666 337 3695 M,
356 3657 526 3689 Ordinatum
537 3659 579 3690 est
594 3661 674 3698 quod
689 3661 781 3690 solum
792 3661 847 3690 illae
865 3661 1045 3699 Lanae,quae
1060 3661 1226 3699 Apportatae

172 3697 283 3728 fuerant
302 3695 441 3727 Calenam
463 3697 492 3726 in
515 3697 666 3728 Februario
687 3699 792 3728 ultimo
812 3698 949 3728 transaCto
964 3700 1100 3738 velante,
1118 3701 1150 3731 &
1168 3700 1229 3730 Re-

172 3735 333 3766 manserunt
356 3733 463 3764 ibidem
486 3743 546 3764 nori
565 3734 696 3767 Venditae
716 3736 800 3766 Sexta
822 3736 924 3772 Aprilis
941 3736 1045 3768 ultimo
1069 3738 1228 3776 praeterita,

171 3773 411 3805 Nominabuntur
431 3773 464 3803 ὅ(
483 3771 702 3809 Reputabuntur
721 3774 808 3803 Lanae
823 3773 957 3804 Veteres:
987 3774 1024 3805 Et
1038 3785 1230 3816 quaecumque

171 3812 339 3851 Apportatae
360 3811 422 3841 sunt
443 3809 580 3841 Calesiam
597 3812 667 3841 citra
682 3811 814 3841 Mensem
832 3811 974 3843 Februarii
986 3814 1116 3850 praedieti
1128 3837 1139 3853 ,
1155 3815 1200 3844 vel
1214 3825 1230 3845 a

173 3858 242 3882 tunc
256 3851 478 3889 apportabuntur
495 3849 580 3886 usque
595 3849 629 3878 ad
647 3848 761 3879 Sextam
776 3850 894 3888 Aprilis,
909 3860 974 3889 quae
989 3853 1040 3882 erit
1056 3853 1144 3883 Anno
1163 3852 1229 3883 Do-

173 3890 244 3919 mini
263 3889 373 3926 Lxxviij
392 3889 499 3925 semper
517 3886 755 3917 Nominabuntur
780 3889 814 3918 &
828 3886 1046 3925 Reputabuntur
1065 3890 1152 3921 Lanae
1169 3901 1230 3921 non

175 3924 307 3958 Veteres:
326 3928 359 3958 &
377 3926 500 3957 similiter
515 3926 550 3956 de
569 3924 692 3955 Pellibus
704 3926 825 3962 lanutis3
852 3927 962 3957 nullum
977 3928 1103 3959 omnino
1119 3929 1230 3960 habitu-

175 3974 214 3995 rae
228 3965 513 4001 Praeferrementum,
529 3965 558 3993 in
575 3963 749 4000 expositione
762 3964 795 3992 ad
807 3962 1027 4004 Venditionem,
1045 3966 1131 3997 Privil
1168 3969 1228 3998 iiim

175 4003 222 4034 vel
245 4002 419 4035 Beneficium
434 4028 444 4041 ,
466 4004 542 4046 juxta
565 4001 676 4032 Modos
693 4002 724 4032 ὃ(
740 4001 861 4046 Regulas
874 4002 920 4034 seu
940 3976 1232 4043 quascumque‘grdi-

174 4042 302 4072 nationes
313 4064 323 4080 ,
347 4042 464 4073 antehac
481 4041 584 4072 habitas
605 4040 651 4070 seu
665 4043 811 4070 111113133111
824 4039 936 4078 Stapuli
968 4042 1047 4080 super
1060 4044 1105 4075 vel
1118 4043 1155 4074 de
1174 4045 1230 4075 La-

173 4080 293 4152 111εὲ1133
307 4089 386 4152 311116Ρ
391 4081 475 4151 dig?
488 4079 637 4114 Veteribus
653 4101 663 4119 ,
679 4078 803 4113 Pellibus
817 4078 918 4123 lariutis
961 4081 1102 4123 eteribus,
1119 4091 1166 4124 3111
1181 4082 1231 4124 ali-

1238 427 1270 456 in
1289 425 1461 469 Venditione
1475 429 1554 471 juxta
1573 430 1645 461 hanc
1665 431 1785 470 Raram,
1801 442 1885 462 unam
1906 433 2071 471 Sarpleriam
2089 434 2124 465 de
2140 434 2296 465 istiusmodi

1240 464 1390 495 Veteribus
1405 475 1474 495 curn
1492 467 1597 497 Tribus
1619 469 1760 500 Lanarum
1781 470 1956 508 Novarum,
1976 473 2008 502 86
2025 471 2122 502 eadem
2139 472 2210 502 Rata
2222 482 2297 503 con-

1238 502 1371 572 servanda
1397 503 1438 533 est
1455 504 1491 534 de
1509 504 1630 536 Pellibus
1647 507 1745 538 lanutis
1761 530 1771 545 ‚
1797 517 1828 539 ut
1845 509 2004 546 praedicitur
2020 532 2028 547 ,
2043 510 2168 541 dicendis
2185 510 2297 542 Veteri-

1264 551 1304 572 us.

1278 580 1444 611 Ordinatum
1462 579 1504 611 est
1522 581 1632 619 insuper
1644 604 1654 620 ,
1676 582 1757 620 quod
1775 593 1875 614 omnes
1893 584 2051 621 hujusmodi
2071 585 2158 616 Lanae
2178 588 2211 618 &
2230 587 2297 618 Pel-

1240 618 1277 649 les
1287 619 1404 657 lanutae,
1423 629 1455 650 ut
1469 619 1646 658 praedicitur,
1666 619 1841 657 Reputandae
1856 621 1988 660 Veteres,
2000 624 2078 662 juxta
2094 627 2189 660 prioris
2210 625 2298 656 Ordia

1241 658 1361 689 nationis
1377 659 1518 695 formam,
1541 660 1698 696 aperientur
1715 660 1748 689 &
1772 660 1954 691 viiitabuntur
1970 662 1997 690 in
2017 660 2140 699 Calesia,
2157 663 2235 700 super
2252 674 2297 695 ea-

1241 705 1307 726 rum
1329 697 1364 726 ad
1389 696 1590 727 Venditionem
1611 697 1785 734 expositione
1798 721 1807 734 ,
1832 707 1868 727 eo
1890 700 1980 729 modo
2000 700 2033 729 86
2057 709 2106 736 per
2119 703 2214 730 omnia
2229 702 2299 733 sicut

1241 735 1398 776 aperientur
1419 735 1453 766 &
1474 735 1658 766 visitabuntur
1680 745 1871 773 quaecumque
1893 736 1980 767 Lanae
1997 736 2097 767 Novae
2115 747 2172 767 non
2184 739 2300 771 Veteres

1243 773 1315 803 crim
1333 773 1509 811 exponendae
1521 774 1773 813 suntVenditioni3
1789 773 1836 804 sed
1850 773 1984 804 Pannifex
2001 775 2045 805 seu
2063 774 2227 813 Mercator,
2242 778 2299 809 La-

1243 821 1290 841 nas
1307 811 1461 850 Empturus
1476 812 1520 842 seu
1533 812 1622 843 Pelles
1634 813 1758 850 lanatas,
1776 822 1834 843 non
1850 813 1982 843 artabitur
1996 814 2031 843 ad
2046 814 2104 850 plus
2114 813 2300 854 solvendum,

1243 851 1272 879 in
1287 853 1425 888 promptis
1443 850 1593 889 Pecuniis,
1611 851 1657 881 seu
1669 851 1704 882 ad
1716 851 1900 882 Solutionum
1917 851 2073 882 Terminos
2091 852 2224 882 arctiores
2248 864 2302 890 pro

1243 888 1294 918 illis
1313 888 1394 920 (116113
1409 889 1558 920 Veteribus
1578 890 1665 930 quam
1688 900 1741 927 pro
1763 890 1821 920 aliis
1837 889 1936 920 Novis
1949 890 2070 927 ejusdem
2085 890 2254 920 Crei'centiae
2267 893 2301 923 86

1245 926 1343 958 Patriae
1359 929 1439 966 cujus
1451 929 1513 959 sunt
1528 927 1660 966 Veteres:,
1679 938 1771 966 neque
1790 928 1937 959 Mercator
1951 937 1999 959 aut
2011 927 2148 958 Pannifex
2162 929 2305 963 huiusmo-

1246 965 1275 994 di
1289 967 1421 997 artabitur
1440 967 1474 997 ad
1490 967 1594 1005 aliquid
1610 977 1662 1005 pro
1675 968 1727 997 illis
1742 967 1909 1005 Veteribus,
1927 968 1998 998 ultra
2012 967 2116 997 Raram
2134 967 2232 1004 Pretii,
2252 977 2304 1004 pro

1248 1014 1308 1040 quo
1329 1006 1490 1043 appretiatae
1513 1005 1621 1037 fuerant
1635 1029 1645 1044 ,
1668 1006 1784 1044 quando
1807 1006 1903 1044 ptimo
1929 1006 2152 1044 apportabuntur
2171 1006 2200 1035 in
2223 1004 2307 1035 Cale-

1248 1042 1326 1072 siam.

1287 1079 1331 1124 1¹3⁴
1343 1090 1397 1112 EM
1413 1106 1421 1118 ,
1451 1082 1470 1112 si
1485 1083 1559 1113 forte
1578 1083 1703 1113 evenerit
1717 1082 1797 1120 quod
1814 1082 1899 1113 Lanis
1918 1082 2078 1121 hujusmodi
2094 1082 2242 1113 Veteribus
2260 1090 2308 1113 aut

1250 1118 1373 1150 Pellibus
1398 1120 1482 1151 Fraus
1501 1122 1548 1152 vel
1572 1121 1717 1159 Deceptio
1735 1123 1842 1159 quaevis
1863 1122 1945 1151 fuerit
1967 1130 2114 1156 comperta
2130 1146 2139 1159 ,
2165 1122 2209 1151 vel
2226 1120 2307 1159 quod

1251 1156 1381 1189 Indebita
1396 1159 1572 1195 Nominatio
1586 1170 1633 1191 aut
1649 1158 1747 1196 injusta
1761 1160 1913 1191 Paccatura
1929 1159 1976 1191 fiat
1989 1184 1998 1198 ‚
2018 1160 2156 1190 Venditor
2173 1160 2309 1198 Emptori

1253 1194 1407 1238 Reparabit
1433 1197 1599 1235 Dampnum
1624 1200 1658 1230 &
1675 1197 1948 1236 Interesse,Judicio
1966 1200 2125 1236 aliquorum
2146 1198 2312 1229 Proborum

1251 1234 1389 1265 Virorum
1410 1234 1446 1265 de
1460 1235 1583 1274 Calesia,
1603 1248 1651 1275 per
1666 1237 1874 1274 Capitaneum,
1895 1237 2174 1274 Locumtenentem,
2193 1238 2237 1267 seu
2255 1238 2314 1274 ejus

1254 1271 1433 1310 Deputatum
1453 1275 1666 1306 limitandorum
1685 1298 1695 1313 ,
1721 1286 1780 1305 non
1805 1284 1899 1306 tamen
1921 1276 2036 1307 illorum
2056 1277 2103 1314 qui
2124 1278 2226 1313 primae
2252 1276 2314 1313 Ap-

1254 1321 1393 1350 perturae,
1409 1313 1453 1343 seu
1474 1313 1631 1344 Vilitationi
1644 1338 1653 1352 ,
1675 1317 1720 1345 1611
1735 1314 1846 1345 noviter
1859 1315 1940 1345 faetae
1963 1315 2123 1346 Paccarurae
2149 1313 2315 1345 Venditioni

1254 1358 1318 1380 ante
1342 1352 1370 1380 111
1384 1351 1492 1382 0316113
1508 1353 1698 1384 interfuerant.

1277 1387 1335 1432 *IT
1347 1400 1366 1420 E
1377 1398 1424 1428 Μ,
1440 1400 1470 1421 ut
1483 1390 1561 1428 supra
1577 1391 1751 1423 Ordinatum
1765 1392 1806 1422 est
1824 1392 1905 1430 quod
1919 1391 2009 1422 nullus
2021 1392 2168 1423 Mercator
2186 1393 2230 1423 seu
2241 1392 2315 1422 Pari-

1254 1427 1346 1465 mfex,
1387 1430 1414 1458 ui
1429 1430 1578 1460 consuetus
1593 1430 1634 1460 est
1650 1430 1751 1460 Emere
1765 1431 1908 1461 dumtaxat
1923 1432 2002 1461 unius
2019 1430 2140 1461 Generis
2156 1432 2246 1462 Lanas
2265 1439 2312 1461 aut

1254 1464 1344 1495 Pelles
1393 1476 1481 1497 eteres
1497 1491 1506 1505 ,
1533 1478 1719 1506 praeterquam
1740 1468 1811 1498 illius
1833 1468 1954 1499 Generis
1974 1478 2020 1499 aut
2038 1469 2137 1501 Patriae·
2153 1470 2244 1501 Lanas
2265 1471 2310 1500 seu

1252 1503 1356 1542 Pelles,
1378 1509 1392 1522 *
1413 1515 1478 1543 quas
1500 1506 1646 1537 Mercator
1666 1507 1711 1537 ille
1729 1508 1757 1536 in
1776 1507 1827 1537 suis
1846 1507 1972 1537 Partibus
1991 1517 2036 1538 aut
2056 1508 2193 1540 Pannifex
2212 1510 2312 1546 panni·
2336 1521 2351 1535 ε
2370 1520 2439 1550 χΙΙ-

1254 1541 1337 1572 ficare
1353 1547 1539 1576 consueverat
1576 1545 1680 1575 Emere
1693 1555 1754 1575 11011
1771 1553 1888 1583 artetur,
1911 1545 2058 1576 Mercator
2073 1550 2161 1586 vero,
2179 1549 2226 1588 qui
2240 1557 2314 1577 con-
2334 1557 2381 1585 82,

1253 1580 1341 1611 suevit
1364 1582 1451 1614 Lanas
1470 1592 1517 1614 aut
1536 1567 1624 1614 Pelles
1642 1584 1748 1614 lanutas
1767 1583 1893 1621 Emere,
1919 1584 2088 1615 diversarum
2105 1585 2260 1617 Patriarum
2280 1586 2315 1616 si-
2379 1591 2383 1595 '

1257 1619 1318 1649 mul
1342 1619 1429 1652 Emet
1446 1645 1456 1660 ,
1483 1632 1580 1652 earum
1609 1631 1704 1653 tamen
1730 1621 1886 1652 Patriarum
1911 1622 2004 1660 quales
2027 1623 2131 1654 Emere
2150 1625 2315 1663 consuevit,

1256 1657 1328 1701 (111111
1345 1660 1410 1690 tales
1428 1670 1522 1691 tamen
1541 1661 1643 1692 fuerint
1660 1663 1687 1691 111
1707 1660 1819 1698 Stapula
1839 1661 1953 1691 Veteres
1972 1661 2006 1692 &
2021 1671 2073 1698 pro
2088 1672 2156 1692 tunc
2171 1673 2229 1693 nori
2245 1673 2317 1693 ven-

1256 1696 1339 1736 ditae,
1358 1699 1420 1737 ipfis
1438 1700 1638 1730 nichilominus
1653 1700 1737 1730 Lanis
1751 1708 1797 1729 aut
1807 1698 1929 1729 Pellibus
1938 1698 2086 1730 Veteribus
2101 1703 2201 1738 apertis
2212 1701 2320 1738 ,Scru-

1257 1737 1318 1766 tatis
1331 1737 1364 1768 &
1376 1737 1496 1768 Visitatis
1509 1747 1573 1768 ante
1587 1748 1683 1769 earum
1699 1738 1906 1775 expositionem
1923 1737 2087 1768 Venditioni
2096 1761 2106 1776 ,
2124 1749 2240 1770 necnon
2255 1742 2318 1771 abs-

1258 1783 1313 1819 que
1331 1778 1413 1806 omni
1430 1775 1602 1816 Privilegio,
1619 1785 1667 1808 aut
1680 1776 1842 1814 Beneficio,
1862 1776 1908 1807 seu
1925 1775 2118 1816 Commodo,
2137 1778 2233 1817 quoad
2243 1777 2321 1809 Ven-

1257 1817 1417 1853 ditionem,
1434 1824 1464 1845 ut
1483 1816 1638 1852 praefertur.

1297 1852 1387 1884 ΙΤΕΜ
1407 1878 1416 1890 ,
1435 1853 1608 1885 Ordinatum
1627 1854 1668 1886 est
1680 1877 1690 1892 ,
1710 1853 1760 1884 sub
1778 1853 1923 1884 Gravibus
1941 1853 2057 1892 Poenis,
2077 1855 2156 1892 quod
2174 1855 2265 1886 nullus
2283 1855 2321 1886 de

1259 1892 1371 1930 Stapula
1400 1892 1512 1923 Vendat
1537 1893 1619 1923 alicui
1645 1892 1803 1923 Mercatori
1829 1892 1874 1922 seu
1895 1892 2031 1923 Pannisici
2052 1892 2142 1922 Lanis
2161 1894 2206 1924 seu
2227 1894 2320 1924 Pelles

1260 1931 1364 1962 lanutas
1384 1930 1499 1962 Veteres
1516 1955 1525 1969 ,
1543 1933 1646 1969 absque
1664 1942 1701 1962 eo
1719 1931 1797 1969 quod
1816 1934 1844 1962 in
1861 1932 1998 1961 omnibus
2016 1932 2142 1962 observet
2162 1933 2242 1963 istam
2259 1932 2320 1962 Or-

1259 1970 1437 2001 diiiationem
1452 1993 1462 2008 ,
1486 1980 1579 2009 neque
1600 1971 1696 2008 aliquo
1723 1969 1815 2000 modo
1837 1979 1905 1999 eum
1931 1978 1999 2000 artet
2021 1979 2068 2000 aut
2086 1971 2201 2002 inducat
2217 1981 2320 2002 contra

1259 2011 1382 2041 formam
1400 2009 1538 2047 ejusdem,
1557 2009 1577 2039 11
1596 2010 1773 2041 contrarium
1790 2009 1905 2046 fecerit,
1924 2009 2043 2047 graviter
2063 2011 2207 2046 punietur.

1262 2096 1474 2132 Ordinationes
1493 2107 1693 2130 concernentes
1717 2096 1753 2129 V
1751 2096 1926 2139 finitionem
1948 2098 2129 2139 Lanarum,
2153 2109 2213 2143 quae
2228 2098 2270 2143 fit
2293 2102 2325 2132 in

1734 2145 1855 2188 Calefia.

1300 2233 1325 2264 P
1336 2243 1359 2265 R
1372 2242 1383 2264 1
1394 2241 1451 2264 Mo
1462 2257 1471 2272 ,
1486 2231 1700 2270 Commifl‘arii,
1714 2231 1750 2262 ad
1768 2229 1939 2268 infrascripta
1958 2240 2006 2268 per
2024 2233 2170 2261 Dominum
2181 2235 2276 2270 Regem
2294 2235 2325 2264 in

1263 2271 1370 2304 0316113
1387 2273 1539 2311 specialiter
1566 2271 1713 2309 deputati,
1737 2270 1876 2300 videbunt
1901 2271 1933 2300 &
1957 2270 2102 2308 diligenter
2128 2272 2328 2303 examinabunt

1262 2321 1359 2342 utrum
1379 2313 1475 2341 omnia
1492 2312 1525 2341 &
1544 2310 1648 2349 singula
1666 2309 1795 2346 Capitula
1809 2331 1818 2346 ,
1839 2310 2039 2338 concernentia
2059 2310 2251 2339 k'iiitationem
2271 2311 2328 2341 La-

1264 2360 1363 2380 narum
1384 2351 1417 2381 &
1438 2349 1558 2380 Pellium
1577 2349 1732 2378 lanutarum
1752 2349 1780 2377 in
1800 2346 1904 2386 Anglia
1920 2371 1929 2384 ,
1954 2347 2032 2384 siper
2053 2347 2134 2378 Lanis
2149 2350 2182 2378 ὅ(
2202 2348 2327 2379 Pellibus

1265 2389 1363 2420 lanutis
1379 2388 1414 2419 ad
1433 2388 1570 2419 Calesiam
1590 2386 1735 2424 adduciis,
1752 2386 1849 2416 debite
1869 2386 1919 2415 lint
1937 2385 2111 2424 Observata,
2127 2396 2161 2416 an
2182 2397 2255 2424 non,
2278 2387 2326 2426 Et,

1266 2429 1285 2458 si
1311 2427 1367 2465 qua
1395 2427 1578 2465 Inquisitione
1599 2427 1744 2456 invenient
1772 2424 1965 2455 Custumarios
1982 2449 1991 2461 ,
2025 2423 2327 2464 COi'iti·:1r0t;!lssiOl'ei,

1265 2466 1432 2502 Paccarios,
1450 2467 1494 2495 vel
1513 2466 1580 2495 alios
1599 2464 1795 2502 quoscumque
1813 2463 1899 2493 11115133
1919 2462 2138 2501 Ordinationes,
2155 2474 2206 2501 pro
2228 2474 2327 2495 mauu-

1266 2507 1390 2536 tenentia
1409 2504 1531 2542 Stapulae
1547 2503 1647 2542 positas
1662 2525 1671 2540 ,
1689 2503 1716 2532 in
1737 2502 1833 2539 aliquo
1852 2500 1978 2532 Violasse
1993 2524 2002 2538 ‚
2028 2502 2070 2531 vel
2091 2512 2135 2532 eas
2154 2504 2250 2532 debite
2268 2513 2328 2533 11011

1267 2543 1456 2580 Observaffe,
1473 2542 1542 2573 111611
1560 2540 1778 2577 Commiffarii,
1795 2550 1863 2571 cum
1880 2541 1961 2569 omni
1979 2540 2142 2577 diligentia,
2161 2540 2328 2572 Dominum

1266 2583 1384 2620 Regem
1403 2581 1605 2612 Certiorabiint
1628 2581 1664 2610 de
1681 2580 1815 2610 omnibus
1841 2580 1873 2609 &
1892 2578 2004 2615 singulis
2023 2577 2147 2608 Offensis
2168 2582 2330 2617 perpetratis

1267 2623 1300 2653 &
1320 2620 1476 2652 commissis
1493 2642 1502 2658 ,
1527 2620 1582 2649 una
1607 2628 1677 2648 cum
1699 2617 1879 2648 Nominibus
1903 2617 1935 2647 &
1955 2616 2186 2655 Cognominibus
2204 2619 2331 2655 ipsorum

1265 2659 1486 2692 Offendentium
1504 2682 1513 2696 ,
1540 2667 1571 2688 ut
1595 2656 1689 2693 Regia
1710 2655 1851 2696 Magestas
1874 2655 1948 2695 ipsos
1976 2655 2167 2687 Offendentes
2185 2657 2332 2695 condigna.

1267 2700 1420 2731 Severitate
1437 2699 1532 2735 puniat
1547 2697 1581 2727 &
1601 2695 1728 2732 castiget.

1304 2737 1417 2768 [rasi
1433 2759 1443 2775 ,
1467 2736 1537 2766 dieti
1566 2733 1761 2764 Commiffarii
1789 2743 1849 2763 non
1876 2733 2039 2771 permittent
2058 2733 2159 2771 aliquas
2178 2733 2267 2764 Lanas
2285 2734 2332 2765 seu

1266 2775 1355 2806 Pelles
1374 2776 1479 2806 lanutas
1493 2799 1503 2812 ,
1530 2773 1566 2804 ad
1583 2772 1721 2804 Calesiam
1739 2772 1870 2802 adductas
1886 2794 1895 2810 ,
1922 2781 1954 2802 ex
1976 2773 2026 2802 oni
2052 2772 2219 2802 Venditioni
2242 2772 2330 2810 prius-

1266 2825 1352 2852 quam
1371 2824 1420 2852 per
1439 2813 1554 2844 eosdem
1572 2810 1792 2842 Commiffiirios
1818 2809 1932 2848 diligens
1971 2810 2100 2848 nquisitio
2126 2810 2172 2841 fiat
2185 2835 2194 2848 ,
2221 2812 2332 2842 vocatis

1265 2854 1300 2884 ad
1327 2854 1385 2884 hoc
1410 2852 1548 2883 Paccariis
1571 2853 1605 2882 ὅ(
1633 2850 1690 2880 aliis
1716 2859 1789 2886 quos
1815 2849 1947 2878 duxerint
1961 2848 2168 2887 advocandos,
2189 2859 2225 2879 an
2243 2849 2330 2880 (116133

1266 2892 1356 2923 Lanae
1376 2892 1409 2922 ὃς
1430 2891 1516 2922 Pelles
1530 2890 1634 2920 lanutae
1652 2888 1705 2918 sirit
1722 2889 1796 2918 bene
1815 2888 1848 2918 ὃ(
1867 2885 1984 2916 fideliter
2001 2908 2010 2924 ,
2032 2896 2084 2924 pro
2103 2886 2201 2917 Patriis
2219 2888 2252 2917 &
2270 2887 2333 2918 Lo-

1266 2932 1306 2961 cis
1325 2932 1374 2961 ubi
1389 2938 1554 2966 creverunt,
1573 2928 1744 2964 nominatae,
1759 2927 1792 2957 &
1811 2925 1981 2963 consignatae
1996 2934 2044 2961 per
2055 2924 2204 2957 Paccarios
2222 2926 2251 2955 iri
2269 2927 2332 2956 An-

1287 2970 1348 3007 lia,
1368 2969 1401 2999 &
1417 2993 1427 3008 ,
1456 2969 1476 2999 si
1495 2967 1652 2998 invenerint
1672 2964 1752 3003 quod
1771 2973 1830 2994 non
1849 2963 1900 2993 11111
1915 2962 2034 3005 fideliter
2053 2966 2206 2994 nominat-<e
2224 2986 2233 3001 ,
2260 2971 2330 2994 111116

1266 2979 1357 3037 {ante
1378 3008 1451 3038 male
1472 3007 1627 3037 nominatae
1643 3013 1691 3041 per
1709 3002 1802 3033 dictos
1820 3001 2037 3032 Commisiarios
2054 3003 2084 3033 in
2101 3002 2207 3033 Manus
2233 3005 2331 3031 Domi-

1267 3050 1296 3076 m·
1311 3049 1389 3084 Regis
1408 3046 1522 3076 venient
1540 3040 1757 3084 confiscanda..
1976 3079 1981 3084 .
2226 3079 2230 3083 ¹

1305 3084 1350 3115 IT
1362 3095 1379 3115 E
1392 3093 1438 3123 Μ,
1456 3090 1538 3113 6111111
1555 3082 1615 3111 duo
1635 3079 1759 3110 Paccarii
1774 3077 1883 3117 Jurati,
1903 3087 2068 3109 continuam
2089 3077 2205 3108 Moram
2223 3088 2251 3107 in
2272 3078 2331 3109 Ca-

1268 3122 1332 3154 lesia
1352 3123 1483 3154 facientes
1498 3145 1508 3158 ,
1535 3121 1607 3158 qui,
1633 3118 1792 3156 priusquam
1812 3118 1845 3147 ad
1864 3117 2036 3148 Exercitium
2057 3116 2158 3147 Officii
2176 3117 2212 3146 sui
2227 3116 2330 3147 admit-

1267 3170 1377 3199 tantur,
1391 3161 1589 3200 Juramentum
1608 3157 1758 3193 corporale
1776 3156 1943 3194 praestabuiit
1963 3156 1994 3186 ὅ(
2014 3155 2161 3191 subibunt,
2179 3155 2259 3192 quod
2280 3156 2328 3193 ipfi

1267 3200 1294 3229 in
1314 3200 1443 3231 Personis
1462 3198 1513 3228 suis
1531 3206 1632 3228 omnes
1651 3195 1852 3225 Ordinationes
1867 3218 1876 3234 ,
1895 3194 2040 3224 Paccarios
2059 3193 2199 3237 Lanarum
2221 3194 2248 3222 in
2269 3194 2331 3223 An-

1284 3238 1320 3269 lia
1336 3245 1541 3269 concernentes
1554 3259 1563 3272 ,
1589 3234 1672 3272 plene
1691 3236 1724 3265 ὃ(
1744 3233 1860 3263 fideliter
1879 3233 2078 3263 Observabunt
2096 3241 2102 3260 z
2128 3231 2193 3273 'Qu
2211 3232 2329 3268 quidem

1291 3278 1391 3307 accarii
1409 3275 1525 3306 Calesiae
1541 3283 1641 3303 omnes
1658 3272 1805 3310 Sarplerias
1824 3271 1979 3307 Lanarum,
1997 3270 2031 3299 ad
2047 3268 2185 3299 Calenam
2202 3270 2238 3299 de
2253 3280 2327 3300 tem-

1266 3325 1335 3353 pore
1362 3317 1390 3345 in
1417 3323 1528 3351 tempus
1547 3311 1722 3343 adducendas
1735 3335 1745 3348 ,
1769 3312 1892 3352 aperient
1909 3332 1918 3347 ,
1938 3310 1971 3339 86
1991 3319 2033 3338 eas
2058 3308 2094 3337 de
2116 3307 2210 3338 Novo
2229 3318 2330 3346 pacca-

1267 3356 1338 3384 bunt
1353 3377 1363 3392 ,
1391 3364 1423 3384 ac
1443 3352 1575 3383 Nomina
1591 3352 1624 3381 ὃς
1643 3350 1729 3388 Signa
1746 3349 1791 3380 sua
1806 3349 1908 3379 eisdem
1924 3355 2065 3388 apponent
2081 3370 2090 3381 ,
2112 3356 2270 3385 caeteraque
2288 3348 2329 3378 fa-

1267 3394 1344 3424 cient
1361 3402 1426 3430 quae
1443 3391 1479 3422 de
1498 3390 1633 3420 Paccariis
1651 3390 1680 3418 in
1702 3388 1802 3427 Angli-[1
1818 3386 1940 3423 superius
1959 3389 2019 3414 111111
2037 3383 2122 3414 dicta.

1302 3430 1347 3461 Ιτ·
1359 3440 1376 3462 E
1389 3439 1415 3461 M
1431 3453 1441 3468 ,
1467 3431 1526 3460 13111
1546 3427 1719 3458 01111111113111
1737 3429 1824 3464 quom
1845 3423 2083 3466 Contratulatores
2103 3445 2113 3460 ,
2137 3422 2173 3453 de
2197 3424 2230 3455 &
2249 3424 2330 3461 super

1266 3469 1390 3500 Pellibus
1416 3469 1514 3499 lanutis
1539 3468 1571 3497 &
1599 3466 1683 3496 Latiis
1707 3465 1741 3496 ad
1767 3464 1902 3494 Calenam
1923 3461 2053 3491 add-aeti>-
2078 3462 2112 3492 &
2132 3462 2302 3493 adducendis
2317 3486 2328 3500 ‚

1267 3508 1371 3538 Libros
1398 3508 1430 3538 &
1457 3505 1661 3537 Certificatoria
1685 3503 1728 3533 sua
1746 3501 1934 3532 Thesaurario
1956 3501 1989 3530 &
2017 3498 2170 3531 Batonibus
2188 3501 2328 3532 Scaccarii

1266 3550 1377 3576 Domini
1400 3548 1477 3582 Regis
1501 3546 1531 3575 in
1553 3544 1653 3582 Anglii
1671 3542 1759 3571 danda
1778 3541 1809 3570 &
1826 3537 2000 3567 deliberanda
2019 3537 2121 3569 facient
2140 3542 2172 3570 ὃ(
2191 3540 2328 3570 delibera-

1266 3586 1338 3615 bunt
1354 3607 1363 3622 ,
1391 3584 1481 3614 modo
1506 3585 1539 3613 &
1563 3581 1657 3612 forma
1682 3580 1781 3617 quibus
1804 3575 1977 3606 Custumarii
2003 3578 2035 3606 &
2052 3576 2327 3608 Contrarotuiatores

1266 3623 1405 3654 Portuum
1425 3623 1453 3650 in
1473 3619 1577 3655 Anglia
1596 3619 1702 3648 tradere
1720 3619 1753 3648 &
1769 3615 1922 3645 deliberare
1937 3623 2075 3645 tenentur.

1301 3660 1391 3691 ITEM
1410 3682 1419 3697 ,
1443 3659 1462 3688 11
1481 3659 1551 3687 61ίὸ11
1570 3655 1766 3686 Commissarii
1783 3654 1943 3691 reperiant,
1971 3663 2018 3690 per
2045 3664 2146 3684 eorum
2166 3652 2326 3691 Inquisitio-

1265 3710 1315 3730 nes
1349 3699 1394 3730 vel
1412 3698 1469 3728 aliis
1491 3695 1595 3725 Mediis
1609 3716 1617 3730 ,
1634 3693 1832 3723 Custumarios
1849 3713 1859 3729 ,
1875 3691 2148 3722 Contrarotulatores
2159 3714 2168 3729 ,
2188 3693 2231 3722 vel
2252 3692 2326 3723 Pac-

1266 3724 1356 3768 cai'ibs
1375 3735 1491 3766 Caleliae
1509 3735 1583 3763 circa
1601 3730 1742 3760 Piaemiffa
1761 3729 1920 3768 Deliquisse
1938 3754 1947 3767 ,
1974 3732 2018 3760 vel
2047 3733 2075 3761 in
2102 3731 2195 3767 aliquo
2217 3730 2326 3761 Offen-

1265 3776 1335 3807 disse
1349 3798 1358 3813 ,
1385 3775 1422 3805 slC
1447 3772 1569 3803 Puiiient
1592 3768 1781 3799 offendentes
1804 3769 1884 3807 quod
1911 3779 2012 3799 eorum
2040 3769 2131 3799 Poena
2156 3769 2207 3798 erit
2226 3768 2327 3800 Metus

1267 3815 1437 3845 multorum.

1304 3890 1419 3929 Qiibus
1436 3887 1470 3918 ad
1489 3886 1607 3925 longum
1629 3884 1719 3922 Visis,
1739 3882 1855 3921 Leffls,
1871 3883 1904 3914 &
1923 3882 2090 3920 intellectis,
2108 3882 2246 3914 Oratores
2264 3887 2325 3914 Do-

1266 3932 1396 3958 minarum
1412 3929 1515 3956 Ducum
1532 3947 1542 3962 ,
1566 3932 1615 3960 per
1641 3922 1762 3953 modum
1785 3921 2084 3958 Communicationis,
2110 3920 2325 3959 Respondendo

1267 3967 1402 4005 gradatim
1421 3965 1454 3995 ὃ(
1472 3961 1635 3992 articulatim
1651 3962 1731 3998 super
1750 3961 1878 3999 quolibet
1899 3960 2044 3996 Articulo,
2060 3961 2204 3998 dixerunt,

1306 4001 1491 4034 protestando
1517 3999 1653 4030 Dicendis
1677 4009 1727 4037 per
1751 4010 1800 4029 eos
1820 3998 1897 4035 posse
1917 3997 2018 4028 addere
2032 4007 2245 4037 quaecumque,
2272 4010 2325 4037 pro

1267 4043 1351 4073 Bono
1370 4043 1403 4073 &
1423 4038 1595 4069 Commodo
1614 4036 1812 4068 Mercatorum
1825 4038 1857 4066 ὅ(
1872 4035 2059 4066 Subditorum
2074 4039 2248 4067 Dominorum
2263 4041 2326 4068 Du-

1267 4092 1324 4112 cum
1341 4105 1350 4118 ,
1367 4088 1430 4111 ante
1448 4077 1603 4112 Receffum
1622 4075 1778 4110 Oratorurn
1799 4073 1988 4113 Anglicorum
2001 4097 2013 4115 ,
2031 4076 2069 4107 eis
2085 4075 2260 4110 videbun-ur
2277 4077 2327 4105 ad-

1265 4119 1374 4158 denda,
1766 4111 1805 4146 M
1823 4121 1842 4145 2
2094 4116 2099 4120 ”
2200 4115 2330 4157 Qoan
