2555 4266
733 261 847 303 ET
931 263 1204 306 ACTA
1286 262 1768 311 PUBLICA.
2270 285 2344 324 251

33 345 112 378 ‘Ann-
126 342 171 376 D·
356 382 359 383 ⁷
449 387 456 394 ·
563 388 568 394 Ι
726 356 730 360 ·
881 391 886 396 ἢ
1121 393 1124 397 .
1307 349 1426 392 *Imm
1445 352 1651 393 Conventum‚
1667 354 1887 387 Concordatum
1904 356 1938 388 &
1956 355 2134 388 Conclusum
2151 355 2210 394 est,
2227 357 2342 388 Nomi-
2356 355 2429 385 Ann.
2446 353 2485 384 D.

34 383 146 458 ,ἑὲ-οξ
267 384 398 426 Quarum
409 385 515 426 quidem
528 387 702 417 latterarum
716 389 801 417 Tenor
808 387 950 428 ftquztur,
966 387 1005 424 ὠ·
1019 389 1056 428 es}
1070 389 1153 428 talis,
1282 389 1366 418 nibus
1383 392 1415 420 &
1436 392 1655 424 Autstoritatibus
1673 395 1774 432 quibus
1791 395 1871 432 supra
1886 417 1896 432 ,
1923 396 1958 425 &
1975 395 2112 426 Oratores
2130 396 2237 433 praefati
2260 399 2337 432 Regis
2382 394 2467 431 1508-

1283 427 1397 462 Angliae
1414 427 1606 463 Promiserunt
1622 432 1656 463 &
1675 442 1724 471 per
1742 432 1894 463 Praesentes
1914 433 2090 465 Promittunt
2105 457 2116 471 ,
2141 434 2222 472 quod
2245 444 2338 472 neque
2353 437 2414 460 Hw-
2435 441 2462 466 7·

1282 466 1411 509 praefatus
1428 469 1487 497 Rex
1506 469 1619 507 Angliae
1633 492 1643 507 ,
1661 480 1753 509 neque
1770 470 1909 501 Haeredes
1925 481 1971 502 aut
1987 472 2164 503 Successore>-
2183 472 2220 502 sui
2237 495 2246 508 ,
2267 483 2339 509 prae-

1285 502 1369 534 stabit
1386 513 1433 534 aut
1449 507 1619 549 praestabunt
1642 509 1804 546 Auxilium,
1821 509 1999 549 Consilium,
2015 510 2061 542 vel
2076 510 2216 541 Favorem
2235 510 2340 540 Hosti-

1284 541 1337 572 bus
1356 544 1401 573 vel
1418 541 1544 587 Inimicjs
1563 547 1669 582 praefati
1687 550 1816 585 Principis
1835 547 2030 586 Hispaniarum
2043 571 2054 586 ,
2077 548 2276 580 Haeredumve
2294 558 2341 580 aut

1286 579 1491 611 Successorurn
1511 586 1640 621 luorum,
1658 586 1791 623 eosdem,
1809 595 1857 617 aut
1875 596 1975 616 eorum
1993 588 2133 626 aliquem,
2150 587 2341 625 perTermm,

1285 617 1370 663 Mam
1385 643 1394 658 ,
1421 620 1464 650 vel
1483 620 1576 659 Aquas
1591 621 1684 665 dulces
1702 623 1828 654 infestare
1846 624 1892 655 vel
1908 625 2038 657 invadere
2056 626 2215 656 volentibus
2231 638 2241 663 ς
2263 627 2297 655 ὃ(
2320 627 2342 657 si

1285 657 1382 701 aliquis
1401 659 1446 702 vel
1464 659 1549 696 aliqui
1568 661 1758 698 cujuscunque
1784 662 1899 700 Status,
1925 663 2042 694 Gradus
2056 687 2066 702 ,
2086 673 2133 695 aut
2158 664 2343 696 conditionis

1286 695 1407 734 fuerint,
1427 702 1483 728 uve
1501 698 1614 737 Alligati
1631 707 1677 729 aut
1696 698 1894 732 Confoederati
1910 701 1948 731 sui
1965 701 2036 740 sint,
2055 702 2111 733 five
2127 712 2203 740 non,
2222 704 2323 740 Regna
2334 726 2344 742 ,

1288 734 1408 774 PatriaS,
1427 735 1584 773 Dominia,
1603 737 1637 768 &
1654 737 1758 767 Terras
1775 738 1881 776 praefiiti
1897 741 2029 778 Principis
2042 740 2254 780 Hispaniarum,
2271 738 2344 772 Hae-

1287 773 1387 803 redum
1405 783 1451 805 aut
1467 775 1658 806 ssccessorum
1675 774 1805 812 suorum,
1823 785 1888 813 quae
1905 778 1934 806 in
1951 779 2076 814 praesenti
2093 779 2212 817 possidet
2227 803 2236 817 ‚
2253 791 2298 812 aut
2316 782 2346 811 in

1289 811 1415 842 futurum
1428 812 1464 843 de
1475 813 1544 852 Jure
1565 812 1702 852 poffidere
1719 813 1822 853 debet,
1841 823 1890 851 per
1906 814 1992 845 Viam
2009 816 2130 848 Guerrae
2149 818 2285 849 hostiliter
2302 820 2347 849 iri-

1290 850 1408 881 vaserint
1427 851 1471 882 vel
1487 852 1602 891 aggressi
1617 852 1721 883 fuerint
1737 874 1747 889 ,
1767 860 1813 882 aut
1838 852 1972 891 injuriam
1998 855 2041 884 vel
2065 855 2235 894 Dampnum
2253 858 2345 888 eidem

1291 890 1409 932 Principi
1428 892 1468 920 Hi
1497 895 1622 921 aniarum
1638 913 1648 929 ,
1671 889 1864 929 HaeredibuS,
1891 890 2102 923 Succefforibus
2117 917 2127 932 ,
2156 904 2202 926 aut
2219 895 2345 927 Subditis
2480 927 2483 930 ,

1291 926 1358 971 suis,
1376 929 1446 958 infra
1495 937 1565 968 egna
1578 952 1588 968 ‚
1612 929 1631 949 *⁵
1652 929 1754 960 Patrias
1770 951 1780 967 ,
1798 928 1902 960 Terras
1916 953 1926 967 ‚
1942 931 1976 962 δί
1993 929 2133 961 Dominia
2150 933 2194 963 sua
2213 934 2345 971 praedicta
2361 922 2380 941 ²*
2397 923 2483 959 XIH!

1292 965 1396 996 inferre
1419 976 1467 998 aut
1490 967 1583 998 facere
1605 967 1747 998 voluerint
1759 989 1769 1004 ‚
1794 967 1923 1005 praefatus
1947 971 2008 998 Rex
2028 969 2142 1006 Angliae
2159 971 2237 1002 bona
2254 972 2324 1003 Fide
2336 995 2347 1011 ,
2366 971 2432 999 ²03·

221 460 414 494 Uerstts
439 472 484 494 ET
510 472 691 502 SINGULIS,
713 463 749 495 ad
776 474 900 503 quorum
924 465 1074 496 Notitiam
1099 465 1245 504 praesentes

181 499 288 531 Literae
303 504 484 538 pervenerint
496 524 506 540 ,
519 504 580 532 Nos
588 525 598 541 ‚

219 537 380 577 Jacobusde
394 540 585 578 Luxemburgo
606 539 753 571 Dominus
770 541 806 571 de
825 542 944 572 Fiennes
960 541 997 571 de
1014 541 1192 579 Erkingham
1210 540 1247 571 de

182 576 380 609 Armentieres
398 579 434 609 de
449 579 627 619 Zotteghem
643 602 653 617 ,
680 581 742 611 &c.
771 580 986 610 Locumtenens
1010 581 1044 611 &
1063 580 1247 610 Gubernator

181 615 381 648 Comitatuum
397 618 534 648 Flandriae
553 618 587 649 &
604 617 741 655 Arthefii,
757 617 902 656 Johannes
914 622 1047 648 Dominus
1061 619 1093 648 de
1114 618 1248 658 Berghes,

182 654 244 690 &a
262 654 371 686 Milites
389 656 508 687 Ordinis
524 656 609 687 Aurei
630 655 746 686 Velleris
764 656 923 687 Consiliarii
941 658 974 688 &
990 657 1167 688 Cambellani
1195 657 1248 688 Sa-

183 693 328 725 cratiffimi
351 704 386 725 ac
408 694 675 726 Potentiffirnorum
699 694 733 724 ὃς
753 694 1060 726 Excellentiffimorum
1080 696 1247 733 Principum

181 731 374 763 Maximiliani
387 755 398 772 ,
421 732 533 764 Divina
557 733 670 762 favente
694 731 857 764 Clementit'i
870 757 880 771 ,
906 733 1040 765 Rfiots
1067 738 1248 764 Romanorum

182 770 294 809 semper
313 771 455 810 Augusti,
473 772 508 802 &
526 770 654 801 Domini
671 771 770 801 Karoli
782 794 793 809 ,
810 771 909 802 eadem
927 772 1027 803 Gratia
1041 795 1050 810 ,
1069 772 1245 803 ancims

183 810 400 848 Hispaniarum,
420 809 481 845 &c.
500 808 732 840 Ancmnucusi
751 809 872 850 Austriae
889 833 899 849 ,
917 810 1046 842 Ducuii
1066 812 1248 850 Burgund1ae‚

184 848 350 879 Brabantiae
383 847 444 884 &tn
463 846 641 878 COMITUM
659 847 812 886 Flandriae,
830 848 890 883 &tn
911 852 1079 879 Laurentius
1095 850 1127 880 de
1148 853 1249 879 Gorre-

181 887 252 917 nodo
264 886 336 918 Baro
354 873 548 917 Monthanefii
567 886 752 917 Gubernator
771 887 925 918 Patriarum
945 887 1057 918 Bresfiae
1071 913 1080 925 ,
1105 887 1250 927 Johannes

181 924 209 954 le
221 928 360 962 Sauvaige
378 923 468 955 Miles
482 924 631 955 Dominus
647 924 683 954 de
701 924 845 956 Scaubeca
862 925 963 956 Praeses
979 925 1150 958 Consulatus
1166 927 1250 957 Flan-

181 963 255 994 driae
266 986 277 1000 ,
294 964 329 994 &
348 962 483 1002 Philippus
503 965 635 993 Hanetou
658 963 771 994 Primus
793 963 959 995 Secretarius
976 966 1009 995 &
1028 965 1250 1003 Audientiarius,

39 1866 58 1883 0
75 1865 160 1893 xm.

39 1912 103 1932 ιω..

181 1001 322 1032 Oratores
335 1024 345 1039 ,
362 1001 583 1033 Ambaffiatores
597 1024 607 1039 ,
625 1001 826 1033 Procuratores
839 1025 850 1041 ,
870 1002 1068 1034 Commissarii
1080 1027 1090 1041 ,
1106 1005 1139 1035 &
1160 1003 1195 1034 N
1199 1014 1250 1034 un-

183 1039 224 1070 cii
241 1038 368 1078 speciales
384 1040 567 1078 praefatorum
585 1040 786 1071 Dominorum
804 1040 970 1072 nostrorum
982 1065 992 1081 ,
1018 1045 1095 1080 Regis
1116 1045 1251 1072 Romano-

182 1088 244 1107 rum
268 1080 302 1109 &
325 1080 455 1118 Principis
477 1079 674 1117 Hzspaniarum
688 1102 698 1117 ,
722 1079 758 1110 ad
782 1078 958 1118 Infrascripta
976 1090 1026 1119 per
1043 1080 1158 1112 eosdem
1175 1080 1252 1111 suffi-

184 1117 292 1185 giaelnter
309 1117 467 1149 auctorisati
481 1141 491 1157 ,
516 1117 661 1149 constituti
675 1140 686 1156 ,
709 1119 743 1150 &
761 1117 906 1157 deputati,
929 1118 1053 1150 Salutem
1071 1121 1102 1150 in
1119 1121 1252 1150 omnium

232 1164 339 1186 vatore.

225 1193 325 1225 Sciatis
356 1193 438 1233 quod
465 1195 536 1226 Nos
560 1205 614 1234 pro
639 1194 759 1232 praefatis
783 1194 977 1227 Sacratiffimo
1002 1197 1036 1228 &
1069 1195 1253 1228 Sereniffimis

186 1232 384 1271 Principibus,
400 1236 580 1264 Romanorum
592 1236 661 1272 Rege
677 1235 710 1265 &
732 1235 855 1272 Principe
875 1234 1086 1274 Hispaniarum,
1105 1235 1253 1272 videlicet,

184 1281 239 1309 pro
262 1271 317 1311 ipsit
340 1274 410 1309 Rege
436 1281 570 1311 tanquam
593 1273 709 1303 Tutore
731 1271 933 1304 Gubernatore
956 1274 990 1304 &
1014 1273 1252 1305 Administratore

185 1309 328 1348 Corporis
352 1312 387 1342 &
409 1310 558 1342 Bonorum
579 1310 650 1342 dieti
675 1313 807 1349 Principis
825 1311 1018 1381 {ispaniarum
1033 1336 1043 1350 ,
1069 1314 1103 1345 ὃς
1130 1323 1182 1350 pro
1199 1311 1254 1351 ipsa

186 1350 327 1387 Principe,
346 1349 526 1381 Au&0ritate
539 1374 549 1388 ,
567 1348 715 1380 Consensu
728 1371 738 1387 ,
757 1350 790 1380 &
809 1349 835 1379 A
862 1350 928 1381 ensu
946 1350 1067 1388 ejusdem
1087 1351 1174 1390 Regis
1189 1351 1255 1381 Tu-

186 1389 255 1418 toris
273 1388 328 1424 sui,
348 1398 484 1426 eorumq,
502 1388 656 1427 Nomine,
674 1388 853 1420 Auctoritate
864 1413 874 1425 ,
893 1388 1040 1420 Consensu
1054 1412 1064 1428 ,
1084 1391 1117 1422 &
1135 1389 1254 1420 Affensu

184 1427 289 1463 quibus
306 1426 400 1465 supra,
419 1426 518 1458 Nobis
532 1428 569 1458 ab
587 1427 692 1458 eisdem
711 1429 780 1465 Rege
800 1428 834 1458 &
855 1430 946 1458 Princi
964 1439 978 1458 e
995 1438 1044 1467 per
1069 1428 1175 1459 Literas
1193 1429 1252 1458 suas

185 1464 317 1495 Parentes
335 1465 491 1495 commissa
506 1466 640 1504 (quatum
653 1465 759 1496 Tenor
773 1465 888 1497 inferius
902 1466 938 1496 de
949 1466 1077 1504 cribitur)
1103 1476 1171 1498 cum
1191 1465 1254 1496 Re-

186 1503 314 1534 verendo
327 1505 356 1533 in
370 1503 489 1534 Christo
507 1505 608 1542 Patre,
622 1503 799 1541 illustribus,
818 1504 1043 1542 spectabilibus,
1061 1515 1095 1536 ac
1117 1504 1255 1535 Praestan-

187 1541 296 1572 tiffimis
308 1542 384 1573 Viris
397 1542 514 1572 Ricardo
532 1545 715 1572 Wintonieni
734 1542 858 1582 Episcopo
884 1542 1016 1574 Custode
1037 1543 1141 1574 Privati
1160 1543 1253 1579 Sigilli

185 1579 366 1611 Illustriffimi
380 1580 614 1612 Excellentiffimi
627 1582 661 1613 &
699 1581 865 1612 otentiffimi
885 1581 1024 1619 Principis
1045 1584 1178 1619 Hem-ici,
1195 1581 1254 1612 Dei

186 1618 292 1658 gratia,
306 1623 384 1657 Regis
397 1618 511 1657 Angliae
523 1619 561 1655 &
575 1623 698 1650 Franciae
712 1619 752 1654 ἄν
764 1622 878 1649 Domini
902 1620 1042 1650 Hiberniae
1053 1643 1061 1657 ,
1079 1621 1182 1650 Thomii
1203 1624 1254 1649 Co-

187 1660 254 1687 mite
273 1661 355 1688 Surre
391 1657 578 1689 Thesaurario
599 1658 648 1689 An
668 1658 730 1695 liae,
747 1657 849 1687 Thoma
871 1659 1012 1689 Dockwra
1039 1658 1137 1690 Priore
1159 1658 1255 1689 Sancti

183 1695 325 1735 johannis
361 1696 561 1727 erusolimitani
580 1696 610 1726 in
665 1696 760 1734 nglifi,
778 1695 900 1726 Gilberto
913 1696 1010 1727 Talbot
1025 1696 1123 1728 Milite
1138 1697 1257 1728 Ordinis

186 1734 312 1765 Garterii
366 1742 480 1771 eputato
499 1734 610 1772 praefati
626 1736 704 1773 Regis
722 1734 837 1771 Angliae
859 1734 942 1766 Villae
969 1736 1024 1766 suis
1048 1735 1164 1766 Calesiae
1179 1758 1188 1773 ,
1221 1737 1255 1768 &

188 1772 332 1812 Magistro
355 1772 491 1803 Nicholao
515 1772 586 1812 West
610 1772 723 1811 Legum
746 1772 900 1811 Doctore‚
915 1774 1027 1811 praefati
1050 1778 1128 1812 Regis
1141 1773 1254 1811 Angliae

189 1811 380 1848 Confiliariis,
397 1812 431 1842 &
450 1810 485 1841 ad
501 1810 676 1849 Infrascripta
699 1811 820 1849 ejusdem
841 1812 926 1851 Regis
948 1812 1117 1843 Oratoribus
1130 1836 1138 1851 ,
1159 1812 1255 1844 Com-

191 1850 336 1888 missariis,
352 1850 606 1887 procuratoribus,
625 1851 659 1881 &
673 1849 840 1889 Deputatis,
860 1854 875 1867 ⁷*
895 1861 944 1888 per
960 1851 1080 1882 Litteras
1102 1853 1135 1883 &
1159 1851 1256 1882 Corn-

191 1888 339 1920 miffiones
353 1888 429 1926 suaS,
447 1897 567 1927 quarum
577 1889 680 1919 Tenor
696 1890 784 1920 etiam
798 1889 914 1920 inferitis
927 1889 1108 1929 describitur,
1125 1889 1160 1920 ad
1182 1890 1257 1920 Lau-

191 1927 260 1958 dem
273 1928 308 1959 &
321 1927 455 1958 Gloriam
470 1925 688 1967 Omnipotentis
702 1926 779 1966 Dei,
795 1928 829 1959 δε
841 1929 928 1958 totius
941 1927 1108 1959 Christianae
1123 1928 1258 1968 Religio-

190 1967 234 1998 nis
251 1965 434 2004 Reipublicae
446 1965 655 1997 Exaltationem
666 1988 676 2003 ,
694 1976 728 1996 ac
743 1966 932 2006 Regnorum,
947 1967 1120 2005 Patriatum,
1138 1967 1257 1999 &Sub-

191 2005 320 2036 ditorum
339 2005 524 2043 praefatorum
538 2007 616 2042 Regis
628 2003 742 2043 Angliae
756 2006 789 2036 &
806 2007 936 2044 Principis
955 2006 1153 2046 Hispaniarum
1171 2016 1257 2037 corn-

191 2054 314 2075 munem
338 2043 502 2076 Utilitatem
517 2067 528 2083 ,
550 2043 658 2074 Pacem
674 2066 684 2082 ,
710 2045 744 2074 &
767 2043 1006 2082 Tranquilitatem
1031 2044 1233 2076 Convenimus
1247 2068 1257 2083 ,

190 2082 464 2121 Concordavitnus,
481 2081 686 2112 Contraximus
717 2083 752 2113 &
766 2082 969 2114 Conclufimus
991 2093 1025 2114 ac
1045 2094 1094 2122 per
1108 2083 1259 2114 Praesentes

189 2122 407 2158 Convenimus,
423 2121 664 2164 ConcordamuS,
680 2106 904 2160 Contrahimus,
922 2124 956 2153 ὃς
972 2106 1258 2153 Concludimusom-

190 2170 241 2192 nes
255 2162 289 2192 &
304 2160 428 2200 singulos
444 2159 543 2198 Pacis,
557 2159 771 2198 Amicitiarum,
793 2159 897 2199 Ligae,
913 2161 946 2192 &
963 2160 1257 2192 Confoederationum

193 2199 341 2230 Articulos
355 2199 508 2237 sequentes.

230 2237 410 2277 Insanus,
428 2239 500 2268 inter
512 2237 582 2268 Nos
596 2236 733 2269 Oratores
748 2236 916 2276 praedi&os,
932 2236 1129 2277 Nominibus,
1147 2237 1260 2270 Auito-

191 2277 272 2308 ritate
284 2300 295 2316 ,
313 2277 346 2308 &
372 2276 520 2307 Consensu
542 2276 643 2315 quibus
668 2275 764 2314 supra,
780 2276 843 2307 &c.
862 2275 1070 2316 Conventum,
1088 2276 1260 2308 Concorda-

194 2325 275 2354 tum,
294 2316 328 2346 δε
340 2315 523 2345 Conclusum
537 2314 596 2352 est,
614 2314 696 2352 quod
719 2315 794 2345 inter
818 2314 949 2352 praefatos
969 2318 1066 2353 Regem
1087 2316 1200 2354 Angliae
1225 2316 1260 2346 δε

191 2356 345 2393 Principem
358 2353 426 2393 His
429 2357 555 2384 aniarum
564 2376 574 2393 ,
587 2363 746 2392 eorumque
761 2353 900 2384 Haeredes
915 2355 949 2386 &
964 2354 1161 2393 Succeffores,
1180 2354 1261 2394 Reg-

191 2403 247 2430 na,
264 2393 387 2431 Patrias,
438 2393 561 2431 ominia,
576 2392 694 2430 Terras,
713 2391 854 2430 vassalos,
874 2392 1048 2424 &Subditos
1064 2393 1262 2431 quoscumque

191 2432 342 2470 praesentes
354 2432 388 2463 &
401 2432 528 2470 futuros,
546 2432 606 2462 tam
619 2430 829 2462 Ecclesiasticos
841 2431 927 2469 quam
946 2431 1105 2470 Seculares,
1113 2432 1262 2471 cujuscun-

193 2480 252 2508 que
265 2469 375 2509 Status,
393 2469 527 2507 Gradsis,
541 2470 588 2500 seu
609 2469 795 2500 Conditionis
818 2469 952 2507 existant,
979 2471 1088 2501 etiamfi
1112 2471 1263 2508 Archiepi-

196 2509 320 2547 scopali,
336 2508 459 2547 Ducali,
478 2508 523 2539 vel
545 2517 714 2548 quacunque
736 2508 787 2539 alii
806 2508 970 2548 Dignitate,
987 2509 1084 2548 Statu,
1099 2518 1145 2540 aut
1161 2509 1262 2540 Gradu

193 2548 399 2586 praefulgeant,
417 2547 448 2579 fit
463 2547 557 2585 bona,
571 2547 692 2586 sincera,
713 2557 795 2584 vera,
813 2548 938 2586 integra,
957 2547 1062 2586 fidelis,
1079 2549 1263 2586 perfec'ia‚&

194 2585 278 2617 firma
293 2587 448 2624 Amicitia,
467 2585 555 2617 Unio
565 2609 574 2624 ,
591 2585 679 2626 Liga,
694 2585 972 2624 Confoederatio,&
987 2586 1047 2617 Pax
1064 2597 1113 2625 per
1127 2588 1263 2625 Terram,

195 2624 298 2663 Mare,
317 2627 351 2656 &
377 2625 475 2663 Aquas
492 2624 604 2664 dulces,
623 2635 656 2656 ac
680 2625 770 2655 ubivis
792 2624 941 2656 Locorum
965 2626 1068 2657 futuris
1088 2626 1263 2665 temporibus

194 2666 337 2703 perpetuo
351 2663 491 2695 duratura.

233 2701 341 2733 ITEM
357 2725 367 2740 ,
387 2701 603 2740 Conventum,
629 2701 848 2733 Ooncordatum
869 2703 903 2733 &
925 2701 1106 2733 Conclusum
1127 2701 1171 2733 est
1192 2704 1264 2734 inter

191 2740 330 2772 Oratores
347 2740 497 2779 praedkstos
506 2764 515 2779 ,
524 2742 558 2772 ὃς
571 2741 679 2780 praefati
690 2741 825 2771 Oratores
841 2744 919 2778 Regis
932 2740 1045 2778 Angliae
1060 2740 1264 2782 Promiserunt,

195 2782 230 2811 &
253 2790 304 2817 per
316 2779 470 2810 Praesentes
486 2779 680 2816 Promittunt,
697 2779 780 2817 quod
801 2790 855 2810 nec
877 2781 954 2810 idem
979 2783 1039 2810 Rex
1060 2777 1191 2818 Angliae,
1210 2791 1264 2812 nec

193 2817 335 2848 Haeredes
342 2818 577 2849 autSucceffores
588 2818 804 2856 sui,quicquam
820 2818 1145 2855 aget,faciet,tra6tabit
1163 2820 1208 2850 vel
1224 2828 1264 2850 at-

194 2856 364 2894 temptabit,
376 2863 459 2892 agent
469 2876 478 2892 ,
486 2856 606 2892 facient,
619 2856 798 2891 trafflbunt,
810 2856 856 2884 vel
869 2856 1148 2892 attemptabunt,aut
1160 2858 1197 2887 ab
1208 2858 1266 2889 aliis

195 2895 260 2934 agi,
275 2893 351 2931 fieri,
370 2893 495 2930 traCtari,
511 2893 557 2922 vel
571 2893 730 2931 attemptari
745 2892 829 2922 faciet
840 2892 885 2922 vel
899 2892 1022 2930 facient,
1039 2901 1086 2923 aut
1107 2894 1264 2926 consentiet

197 2933 246 2963 vel
263 2932 457 2969 consentient,
477 2940 654 2969 quocunque
671 2931 699 2960 in
714 2930 882 2968 Loco,sive
897 2931 926 2960 in
942 2931 1050 2968 Terra,
1066 2931 1124 2962 sive
1139 2932 1264 2972 inMari,

198 2971 359 3010 Portubus,
377 2971 424 3001 vel
440 2970 528 3008 Aquis
548 2969 699 3006 dulcibus,
713 2968 863 2999 occasione
883 2979 1079 3008 quacumque,
1098 2970 1265 3010 nullumque

197 3009 340 3048 praestabit
364 3019 411 3040 aut
435 3007 606 3047 praestabunt
629 3007 775 3038 Auxilium
791 3030 801 3044 ,
819 3007 980 3038 Consilium
998 3031 1008 3045 ,
1034 3007 1178 3039 Favorem
1194 3032 1204 3048 ,
1220 3011 1264 3041 vel

196 3048 365 3085 Affensum,
384 3048 465 3086 quod
485 3057 535 3086 per
559 3047 673 3084 Alium,
694 3046 741 3077 vel
761 3045 842 3077 Alios
864 3045 1050 3084 quoscunque
1074 3047 1179 3084 aliquid
1200 3048 1265 3087 fiat,

197 3095 309 3125 agatur,
325 3088 474 3124 tracitetur,
489 3085 534 3115 vel
546 3094 729 3121 attemptetur
752 3086 782 3114 in
807 3084 960 3122 iujuriam,
979 3084 1199 3124 Praejudicium,
1217 3097 1265 3119 aut

197 3124 370 3164 Dampnum
384 3126 454 3156 dic'ti
470 3127 601 3162 Principis
613 3123 826 3163 Hispaniarum,
841 3123 1038 3154 Haeredumve
1052 3133 1099 3155 aut
1114 3124 1265 3157 Successo-

201 3160 268 3195 r‘utn
282 3164 413 3203 suorum,
431 3163 476 3194 sed
489 3163 716 3202 quibuscumque
731 3162 785 3200 fic,
806 3171 837 3192 ut
850 3162 1050 3200 praemittitur,
1068 3172 1170 3193 contra
1192 3172 1264 3202 prae-

198 3203 312 3234 distum
339 3205 430 3233 Princi
447 3214 487 3231 em
507 3201 722 3241 Hispaniarum,
739 3200 911 3231 Haeredesve
929 3210 976 3231 aut
991 3201 1170 3233 Succeffores
1185 3203 1264 3240 suos,

199 3241 272 3272 infra
290 3241 410 3281 Regna,
425 3210 546 3277 f'atrias,
565 3240 718 3276 Dominia‚
735 3248 782 3269 aut
799 3239 900 3270 Terras
918 3240 975 3270 suas
994 3239 1144 3278 praedic‘tas
1157 3240 1262 3278 aliquid

200 3281 359 3317 ,agentibus
373 3303 383 3318 ,
398 3280 599 3310 Tractantibus
613 3301 622 3317 ,
641 3278 686 3309 vel
706 3278 948 3316 Attemptantibus
962 3302 970 3315 ,
998 3277 1123 3314 expresse
1143 3280 1176 3310 δε
1192 3290 1263 3310 curn

198 3319 308 3351 effectu
335 3317 515 3349 contradicet
541 3318 575 3348 &
599 3317 820 3354 contradicent,
854 3318 987 3348 renitetur
1016 3317 1050 3347 δε
1085 3318 1237 3348 renitentur
1255 3341 1264 3356 ,

199 3358 325 3426 obstsffit
346 3359 380 3390 δε
402 3355 584 3395 obstabunt,
609 3357 643 3388 &
668 3355 912 3393 Impedimentum
936 3355 1041 3386 realiter
1066 3355 1211 3393 praestabit
1229 3359 1263 3389 &

220 3406 258 3427 rae
299 3397 380 3426 bunt.

197 3407 219 3436 P
234 3435 327 3466 ITEM
340 3458 350 3475 ,
373 3433 565 3465 Conventum
578 3455 588 3472 ,
615 3431 836 3463 Concordarum
855 3433 890 3463 &
908 3431 1087 3462 Conclusam
1104 3432 1146 3463 est
1160 3456 1170 3470 ‚
1192 3434 1265 3465 inter

197 3473 337 3504 Oratores
354 3473 563 3512 praedi&oe,&
581 3471 689 3516 praelati
703 3471 838 3514 Oratores
857 3473 934 3508 Regis
950 3473 1129 3513 Romanarum
1142 3472 1265 3503 &Prin—

189 3511 470 3588 gzfflssaffirg
476 3508 1262 3587 ’pfflr‘ssi‘i'sss‘f'ff&A33019532‘s232tffs⁰iffssi¹iffisstffiti³qffiiss¹i

198 3597 253 3619 nec
282 3588 362 3619 idern
386 3590 511 3625 Princeps
538 3587 756 3626 Hispaniarum,
782 3597 837 3617 nec
862 3587 999 3617 Haeredes
1015 3596 1061 3617 aut
1078 3586 1260 3619 Successor&

199 3627 257 3663 sui,
277 3628 433 3664 quicquam
450 3633 513 3664 aget
526 3649 537 3663 ,
555 3625 639 3655 faciet
654 3647 664 3662 ,
681 3625 812 3656 traetabit
825 3648 835 3662 ,
861 3625 907 3655 vel
923 3626 1101 3664 atteniptabit
1115 3649 1125 3663 ,
1150 3636 1235 3662 agent
1248 3649 1258 3664 ‚

197 3666 302 3696 sacient
315 3687 326 3703 ,
349 3663 512 3695 tractabunt
525 3686 536 3701 ,
564 3663 610 3694 vel
627 3664 835 3700 attemptabunt
849 3684 859 3699 ‚
884 3672 931 3693 aut
948 3664 985 3693 ab
1003 3664 1060 3694 aliis
1078 3666 1123 3700 agi
1138 3687 1147 3700 ,
1174 3664 1231 3694 fieri
1249 3687 1258 3702 ,

197 3703 329 3741 tractari,
348 3702 395 3734 vel
412 3702 570 3740 attemptari
588 3701 672 3731 faciet
686 3701 735 3731 vel
751 3701 874 3737 facient,
891 3709 938 3731 aut
955 3702 1111 3733 consentiet
1126 3702 1171 3732 vel
1186 3712 1258 3733 con-

196 3743 314 3778 sentient
329 3764 340 3780 ,
363 3749 549 3779 quocumque
564 3740 593 3769 in
611 3739 699 3770 Loco
712 3762 723 3778 ,
749 3739 806 3769 sive
825 3739 854 3768 in
875 3739 968 3770 Tetri
984 3762 994 3777 ,
1021 3740 1076 3771 sive
1101 3742 1129 3770 in
1155 3740 1255 3780 Mari,

196 3781 356 3818 Portubus,
373 3779 421 3810 vel
440 3778 528 3815 Aquis
546 3777 691 3815 dulcibus,
711 3777 862 3808 occasione
879 3787 1077 3816 quacumque,
1092 3778 1257 3816 nullumque

194 3819 339 3858 praestabit
352 3826 401 3849 aut
417 3816 591 3855 praestabunt
609 3816 755 3846 Auxilium
768 3839 777 3853 ,
805 3814 969 3847 Consilium
984 3839 993 3854 ,
1017 3816 1156 3847 Favorem
1171 3841 1180 3855 ,
1212 3818 1257 3848 vel

196 3858 348 3889 Affensum
367 3879 378 3894 ,
403 3854 484 3893 quod
509 3864 558 3891 per
585 3854 684 3884 Alium
699 3854 744 3885 vel
762 3854 831 3884 alios
849 3856 1047 3892 quoscumque
1063 3855 1165 3893 aliquid
1184 3853 1230 3886 fiat
1246 3879 1256 3894 ,

195 3904 310 3935 agatur,
329 3894 482 3932 tractetur,
500 3893 546 3923 vel
563 3901 746 3929 attemptetur
763 3894 792 3922 in
811 3890 963 3930 Injuriam,
978 3893 1194 3931 Praejudicium,
1209 3903 1256 3925 aut

197 3932 371 3972 Dampnum
399 3932 468 3962 dieti
493 3934 570 3969 Regis
599 3929 712 3967 Angliae
725 3954 736 3970 ,
759 3930 957 3961 Haeredumve
981 3941 1027 3962 aut
1051 3931 1254 3963 Successorum

196 3977 326 4010 tuorum,
344 3971 390 4003 sed
408 3971 633 4009 quibuscumque
649 3969 703 4006 fic,
721 3978 751 3998 ut
769 3970 1068 4007 praemittitur‚contra
1084 3970 1252 4007 praedictum

197 4013 294 4046 Regem
315 4009 429 4048 Angliae
441 4034 450 4047 ,
473 4007 646 4039 Haeredesve
662 4016 710 4037 aut
726 4007 905 4037 Successores
930 4007 993 4038 suos
1006 4030 1015 4046 ,
1035 4008 1107 4039 infra
1127 4009 1229 4046 Regna
1243 4032 1254 4047 ,

199 4044 321 4084 Patrias,
341 4048 483 4078 Dominia
497 4070 507 4085 ,
530 4054 576 4076 aut
593 4046 698 4076 Terras
717 4046 773 4075 suas
791 4045 938 4084 praedistas
954 4046 1060 4084 aliquid
1079 4047 1253 4086 Agentibus,

196 4086 400 4117 Tractantibus
412 4109 423 4123 ,
448 4086 493 4117 vel
517 4083 757 4122 Attemptanribus
783 4084 906 4122 expresse
921 4085 955 4115 δε
970 4093 1039 4115 cum
1057 4084 1162 4115 effer-Qu
1182 4094 1254 4116 con-

195 4125 312 4156 tradicet
333 4124 368 4154 &
388 4124 603 4162 contradicent,
621 4123 754 4153 renitetur
775 4123 808 4153 &
826 4123 996 4160 renitentur,
1008 4122 1133 4154 obstabit
1149 4124 1182 4155 ὃς
1197 4124 1253 4156 ob-

191 4163 319 4201 stabunt,
337 4160 633 4231 &PImlinedimentum
652 4160 758 4193 realiter
774 4160 917 4200 praestabit
935 4162 967 4194 ὃς
986 4161 1163 4199 praestabunt.

228 4205 301 4233 Tom.
319 4203 351 4231 V.
398 4224 404 4231 .
464 4223 472 4231 .

1291 1004 1411 1042 realiter,
1427 1007 1460 1037 ὅ(
1477 1015 1544 1036 cum
1563 1005 1685 1043 effectu,
1701 1006 1815 1036 eosdem
1831 1008 1994 1044 Principem,
2013 1006 2164 1046 Haeredes,
2181 1010 2214 1040 ὅ(
2231 1010 2350 1041 Succes-

1291 1042 1366 1073 sores
1388 1044 1451 1074 suos
1465 1066 1476 1081 ,
1499 1044 1615 1075 Auxiliis
1641 1044 1813 1075 Militaribus
1841 1044 1983 1076 Gentium
2003 1046 2162 1077 Armorum
2179 1070 2190 1087 ,
2216 1047 2351 1085 Expenfis

1291 1088 1386 1111 tamen
1401 1082 1481 1120 ipfius
1497 1085 1628 1121 Principis
1642 1082 1834 1121 Hispaniarum
1880 1082 2040 1115 Haeredurn
2053 1107 2063 1122 ,
2088 1094 2135 1116 aut
2153 1085 2352 1118 Successorum

1292 1119 1408 1150 suorum
1425 1143 1435 1156 ,
1460 1131 1512 1158 pro
1531 1122 1669 1152 Tuitione
1688 1123 1720 1152 δε
1740 1121 1834 1152 Defen
1847 1131 1915 1153 ione
1929 1123 2084 1153 eorundem
2098 1146 2109 1161 ,
2131 1125 2262 1162 quotiens
2279 1135 2352 1163 opus

1293 1157 1377 1190 fuerit
1390 1183 1399 1197 ‚
1417 1159 1559 1197 adjuvabit
1575 1160 1621 1190 vel
1639 1160 1809 1198 adjuvabunt
1823 1183 1833 1198 ,
1849 1169 1956 1199 quanto
1971 1161 2053 1192 citius
2071 1162 2230 1193 commode
2249 1166 2353 1201 poterit

1293 1197 1340 1240 vel
1355 1198 1653 1236 poterint‚p0stquam
1669 1199 1764 1228 debite
1781 1198 1815 1229 ad
1832 1199 1892 1230 hoc
1908 1199 2051 1238 requisitus
2067 1201 2150 1232 fuerit
2167 1201 2213 1232 vel
2229 1201 2354 1241 fuerint,

1293 1245 1321 1265 in
1340 1245 1466 1273 quorum
1480 1237 1659 1267 Auxiliorum
1670 1237 1851 1268 praestatione
1885 1238 1980 1276 quoad
1998 1237 2168 1269 Numerum
2185 1241 2283 1271 attinet
2298 1241 2354 1272 Ar-

1295 1283 1456 1313 matorum,
1474 1275 1601 1306 habenda
1617 1277 1670 1307 erit
1689 1275 1836 1306 Facultatis
1899 1276 1942 1306 tio
1953 1299 1962 1314 ,
1977 1284 2008 1307 ut
2024 1276 2129 1309 scilicet
2145 1279 2274 1316 praefatus
2291 1282 2353 1309 Rex

1293 1312 1406 1350 Angliae
1421 1337 1431 1353 ,
1456 1313 1594 1344 Haeredes
1617 1323 1665 1345 aut
1688 1313 1870 1344 successores
1891 1314 1954 1353 sui,
1980 1324 2039 1345 non
2067 1316 2136 1346 ultra
2154 1325 2280 1348 teneatur
2297 1327 2353 1348 nec

1294 1360 1456 1387 teneantur,
1475 1355 1562 1390 quam
1576 1362 1646 1384 tunc
1661 1352 1821 1383 commode
1835 1352 1928 1383 facere
1943 1355 2045 1390 poterit
2061 1355 2107 1386 vel
2124 1357 2247 1394 poterint
2262 1378 2272 1393 ,
2285 1365 2358 1386 con-

1294 1389 1408 1421 sideratis
1432 1390 1588 1429 Temporis
1611 1392 1645 1422 ὃς
1673 1391 1825 1421 Locorum
1848 1392 2062 1430 oportunitate,
2086 1403 2120 1423 ac
2145 1393 2223 1423 Statu
2241 1393 2353 1424 Rerum

1296 1428 1432 1465 suarum,
1457 1429 1501 1460 Ac
1526 1429 1635 1466 insuper
1658 1439 1711 1467 pro
1734 1429 1910 1460 Defensione
1934 1430 1968 1460 &
1985 1431 2124 1461 Tuitione
2141 1432 2272 1463 Personae
2287 1455 2297 1470 ,
2321 1433 2355 1463 δε

1295 1466 1390 1497 Status
1405 1468 1511 1505 praefati
1527 1470 1657 1507 Principis
1681 1466 1877 1536 PJIinaniarum
1890 1491 1899 1506 ,
1921 1467 2032 1506 ejusque
2050 1469 2211 1500 Haeredum
2230 1472 2264 1502 ὃς
2282 1472 2359 1502 Suc-

1295 1506 1440 1536 cessorum
1455 1529 1465 1544 ,
1491 1506 1647 1537 Patriarum
1663 1530 1673 1546 ,
1724 1516 1846 1537 erratum
1862 1530 1872 1545 ,
1894 1506 2104 1538 Dominiotum
2124 1509 2327 1547 praedic'torurn
2344 1533 2354 1547 ‚

1295 1553 1394 1574 contra
1420 1544 1562 1575 Invasores
1584 1547 1617 1576 δε
1640 1544 1754 1576 hostiles
1777 1545 1944 1581 Agreffores
1969 1545 2120 1577 earundem
2145 1547 2301 1578 Patriirum
2320 1548 2354 1578 &

1295 1582 1505 1614 Dominiotum
1525 1583 1733 1622 qualescunque
1747 1582 1866 1621 fuerint,
1883 1584 2012 1621 praefatus
2028 1587 2088 1614 Rex
2107 1585 2221 1622 Angliae
2232 1609 2241 1624 ,
2252 1586 2354 1616 Haere-

1296 1621 1345 1652 des
1368 1622 1402 1652 δε
1419 1621 1597 1652 Succeffores
1617 1621 1656 1652 sui
1673 1645 1682 1660 ,
1700 1622 1758 1652 fine
1779 1622 1877 1652 fraude
1890 1644 1900 1660 ,
1917 1622 1987 1652 dolo
1999 1645 2009 1660 ,
2034 1622 2253 1655 dissimulatione
2269 1649 2279 1664 ,
2309 1634 2356 1656 aut

1296 1659 1396 1690 colore
1410 1669 1613 1699 quocumque,
1629 1660 1681 1691 erit
1693 1661 1725 1691 &
1739 1669 1819 1691 erunt
1837 1659 1872 1690 de
1884 1670 1990 1691 caetero
2003 1661 2100 1692 futuris
2123 1664 2262 1699 perpetuis
2283 1672 2359 1693 tern-

1296 1699 1414 1735 poribus
1427 1699 1534 1737 praefati
1550 1701 1641 1728 Princi
1657 1702 1680 1729 is
1696 1698 1912 1736 Hispaniarum,
1929 1699 2089 1729 Haeredum
2105 1701 2140 1731 &
2156 1700 2359 1732 Succefforum

1296 1736 1412 1768 suorum
1434 1738 1604 1768 Amicorum
1659 1738 1752 1768 micus
1773 1738 1806 1767 &
1827 1737 1945 1775 Amici,
1963 1738 1997 1769 &
2012 1736 2204 1768 Inimicorurn
2223 1740 2359 1770 Inimicus

1298 1777 1332 1807 &
1348 1774 1479 1813 Inimici,
1498 1776 1555 1806 fine
1565 1775 1654 1813 aliqua
1667 1775 1948 1813 Exceptione3N0n
1961 1775 2136 1807 obstantibus
2147 1778 2360 1816 quibuscunque

1298 1814 1452 1852 Alligantiis
1477 1815 1510 1845 &
1537 1814 1840 1845 Confoederatiouibus
1860 1823 1926 1853 quas
1947 1814 2032 1845 habet
2053 1815 2088 1845 δε
2109 1814 2214 1846 habent
2231 1839 2241 1854 ,
2259 1817 2305 1848 vel
2328 1818 2359 1847 in

1298 1852 1424 1883 futurum
1440 1854 1543 1884 habere
1558 1854 1664 1891 poterit
1683 1854 1726 1883 vel
1743 1854 1881 1890 poterint,
1899 1862 1968 1883 cum
1989 1853 2213 1892 quibuscumque
2222 1854 2362 1894 Regibus,

1299 1890 1497 1930 Principibus,
1513 1901 1559 1922 aut
1574 1891 2070 1929 Communitaribus,qualescunque
2085 1891 2126 1922 illi
2140 1892 2193 1923 fint
2205 1902 2253 1924 aut
2267 1902 2360 1925 erunt:

1299 1929 1431 1960 Necnon
1450 1930 1603 1961 Personam
1619 1954 1629 1967 ,
1647 1930 1757 1968 Status,
1775 1929 1927 1967 HonoreS,
1944 1929 2104 1966 Dignitates
2115 1953 2125 1967 ‚
2143 1930 2263 1969 Causas,
2283 1932 2362 1971 Res,

1300 1969 1333 1999 &
1356 1968 1487 2007 Negotia
1508 1969 1591 2007 ipsius
1611 1968 1784 1999 Sereniffimi
1808 1970 1940 2006 Principis
1959 1968 2173 2008 Hispaniarum,
2191 1971 2240 2000 fibi
2260 1971 2364 2002 intimo

1300 2007 1433 2046 Amore,
1452 2007 1520 2038 Fide
1537 2029 1546 2045 ,
1562 2008 1596 2038 δε
1620 2007 1820 2038 Amicitiatum
1840 2007 1964 2037 Foedere
1981 2007 2131 2045 conjunffl
2144 2030 2154 2046 ,
2181 2018 2268 2047 quem
2290 2010 2361 2040 loco

1302 2045 1367 2076 Filii
1381 2044 1522 2077 Cariffimi
1538 2047 1572 2076 ὃς
1587 2045 1769 2076 Dilefflffimi
1787 2054 1911 2083 reputat,
1929 2045 2019 2076 taliter
2036 2046 2118 2076 cordi
2131 2047 2246 2077 habebit
2259 2049 2293 2079 ὃς
2309 2057 2363 2078 tra-

1303 2085 1407 2122 Ctabit,
1426 2084 1495 2115 sicut
1514 2083 1725 2116 Pientiffimum
1740 2084 1854 2114 Patrem
1869 2083 2052 2115 Dileetiffimi
2067 2084 2131 2114 Filii
2141 2084 2363 2125 Honoreffista-

1301 2132 1363 2161 tus,
1381 2123 1557 2162 Dignitates,
1574 2121 1677 2154 Causas
1692 2145 1703 2161 ,
1717 2122 1777 2153 Res
1789 2145 1800 2161 ,
1818 2124 1851 2155 &
1871 2121 2002 2161 Negotia
2024 2123 2129 2154 habere
2145 2146 2154 2162 ,
2169 2133 2310 2164 reputare,
2329 2126 2363 2157 &

1304 2162 1424 2193 traCtare
1440 2162 1524 2193 decet
1537 2163 1572 2194 &
1586 2163 1734 2193 convenit.

1339 2200 1384 2230 Ιτ
1394 2210 1412 2231 Ε
1423 2209 1451 2231 Μ
1461 2223 1471 2239 ,
1489 2199 1680 2232 Conventum
1692 2224 1702 2238 ,
1729 2199 1949 2231 Concordatum
1962 2199 1997 2230 &
2016 2198 2196 2232 Conclusum
2216 2201 2276 2240 est,
2295 2202 2366 2233 inter

1303 2239 1441 2270 Oratores
1454 2239 1622 2276 praedictos,
1641 2241 1674 2271 &
1689 2238 1826 2270 Oratores
1839 2239 1946 2277 praefati
1958 2241 2035 2276 Regis
2044 2241 2223 2269 Romanorum
2237 2241 2270 2271 &
2285 2243 2368 2271 Prin-

1303 2281 1364 2316 cipis
1377 2277 1591 2317 Hispaniarum,
1609 2277 1810 2314 Nominibus,
1829 2278 2025 2315 Auftoritate,
2043 2276 2203 2317 Consensu,
2219 2280 2252 2310 δε
2266 2280 2368 2310 Assen-

1303 2317 1334 2347 su
1352 2318 1452 2355 quibus
1469 2317 1547 2355 supra
1562 2315 1773 2353 Promiserunt,
1789 2316 1823 2346 &
1839 2326 1888 2354 per
1904 2315 2055 2346 Praesentes
2067 2314 2244 2348 Promittunt
2258 2340 2268 2355 ‚
2285 2318 2367 2356 quod

1304 2366 1397 2394 neque
1410 2355 1539 2392 praefatus
1554 2357 1678 2392 Princeps
1690 2354 1906 2394 Hispaniarum,
1924 2364 2019 2393 neque
2035 2353 2172 2386 Haeredes
2185 2366 2233 2387 aut
2248 2356 2369 2388 Succes-

1304 2395 1378 2426 sores
1396 2394 1436 2425 sui
1454 2393 1595 2431 praestabit
1612 2394 1659 2424 vel
1677 2393 1847 2431 praestabunt
1866 2394 2029 2430 Auxilium,
2047 2392 2209 2424 Consilium
2226 2418 2235 2433 ,
2254 2395 2299 2425 vel
2316 2395 2369 2426 Fa-
2416 2398 2419 2400 '

1306 2443 1411 2464 vorem
1437 2431 1578 2462 Hostibus
1594 2432 1642 2463 vel
1659 2431 1786 2463 Inimicis
1803 2432 1908 2471 praesati
1923 2435 2002 2469 Regis
2020 2431 2134 2469 Angliae
2146 2455 2156 2471 ,
2174 2432 2371 2466 Haetedumve

1306 2480 1353 2502 aut
1371 2471 1577 2502 Succefforum
1595 2470 1729 2509 suorum,
1747 2470 1881 2507 eosdem,
1901 2480 1948 2501 aut
1966 2480 2067 2501 eorum
2085 2471 2207 2508 aliquem
2226 2481 2275 2509 per
2291 2473 2368 2503 Ter-

1307 2520 1385 2548 ram,
1404 2509 1489 2540 Mare
1501 2533 1512 2548 ,
1534 2509 1581 2540 vel
1605 2510 1702 2547 Aquas
1721 2509 1818 2540 dulces
1829 2508 1961 2539 infestare
1981 2509 2028 2540 vel
2040 2510 2173 2540 invadere
2191 2511 2366 2549 volentibus;

1308 2558 1339 2580 ut
1354 2548 1376 2579 fi
1393 2548 1491 2587 aliquis
1508 2548 1556 2579 vel
1573 2548 1658 2586 aliqui
1675 2548 1866 2585 cujuscunque
1884 2546 1979 2578 Status
1995 2570 2004 2585 ,
2035 2547 2150 2578 Gradus
2166 2571 2176 2587 ,
2195 2549 2238 2579 vel
2257 2547 2371 2580 Condi-

1308 2588 1394 2618 tionis
1410 2587 1514 2618 fuerint
1530 2609 1540 2623 ,
1564 2587 1622 2618 five
1649 2586 1760 2624 Alligati
1778 2595 1825 2617 aut
1843 2585 2046 2616 Confoederati
2067 2586 2107 2616 sui
2126 2586 2178 2617 lint
2191 2610 2201 2624 ,
2220 2587 2277 2617 five
2292 2598 2370 2627 non,

1308 2626 1433 2664 Regna,
1449 2626 1568 2663 Patras,
1587 2624 1726 2655 Dominia
1762 2626 1797 2657 &
1813 2624 1915 2655 Terras
1929 2625 2036 2661 praefati
2053 2626 2131 2662 Regis
2147 2624 2278 2663 Angliae,
2301 2626 2371 2657 l-lae-

1309 2664 1410 2695 redum
1436 2665 1471 2695 &
1496 2663 1700 2695 Successorum
1723 2648 1837 2694 suorum
1863 2673 1929 2701 quae
1945 2664 1974 2706 in
1993 2663 2121 2701 praesenti
2138 2664 2258 2700 possidet
2277 2665 2322 2695 vel
2341 2666 2370 2695 in

1308 2703 1436 2734 futurum
1455 2703 1491 2733 de
1505 2702 1575 2742 Jure
1593 2702 1731 2740 possidere
1748 2702 1853 2739 debet,
1873 2711 1921 2738 per
1940 2711 2020 2732 Viam
2037 2700 2160 2731 Guerrae
2174 2702 2310 2733 hostiliter
2326 2704 2370 2733 in-

1309 2741 1428 2773 vaserint
1451 2741 1499 2772 vel
1516 2740 1635 2779 aggressi
1652 2741 1755 2771 fuerint
1769 2763 1780 2778 ,
1807 2749 1854 2770 aut
1874 2739 2007 2777 Iniuriam
2025 2739 2071 2770 vel
2090 2739 2259 2777 Dampnum
2277 2741 2370 2772 eidem

1309 2782 1376 2817 Regi
1390 2779 1519 2817 Angliae,
1537 2779 1724 2816 l-laeredibus,
1743 2776 1975 2814 Succefforibus,
1993 2786 2039 2807 aut
2057 2777 2183 2808 Subdiris
2202 2779 2253 2808 suis
2265 2803 2274 2817 ,
2300 2781 2371 2811 infra

1310 2818 1433 2856 Regna,
1453 2817 1571 2854 Patrias,
1589 2816 1708 2854 Terras,
1726 2815 1866 2855 Dominia
1881 2815 1927 2844 sua
1945 2815 2079 2852 praedidia
2093 2816 2196 2846 inferre
2213 2827 2260 2848 aut
2279 2819 2369 2849 facere

1309 2857 1466 2893 voluerint,
1484 2855 1613 2893 praefatus
1629 2856 1755 2891 Princeps
1771 2854 1982 2891 Hispaniarum,
2000 2853 2077 2884 bona
2092 2854 2178 2892 Fide,
2198 2855 2320 2891 realiter,
2335 2857 2371 2887 ἅτ

1310 2904 1379 2925 cum
1397 2893 1520 2929 effedffl,
1539 2892 1652 2923 eosdem
1668 2895 1764 2930 Regem
1782 2891 1911 2928 Angliae,
1927 2892 2054 2921 Heredes
2071 2891 2109 2926 ὠ·
2127 2892 2370 2935 Succqfforesficos,

1310 2932 1430 2962 Auxiliis
1454 2930 1625 2962 Militaribus
1651 2929 1794 2961 Gentium
1818 2930 1976 2960 Armorum
1991 2953 2000 2967 ,
2024 2930 2156 2968 Expensis
2174 2939 2270 2962 tamen
2289 2934 2371 2971 ipfius

1309 2973 1389 3007 Regis
1403 2969 1536 3008 Angliae,
1552 2968 1729 3006 Haeredum‚
1746 2977 1793 2999 aut
1812 2967 2014 2998 Succefforum
2032 2969 2164 3008 suomm,
2182 2980 2236 3007 pro
2253 2970 2369 3002 Tuitio-

1309 3019 1346 3039 ne
1363 3011 1396 3040 δε
1417 3008 1591 3039 Βεῐεηίιοηε
1605 3007 1780 3044 eorundem,
1798 3008 1929 3044 quotiens
1945 3016 2016 3044 opus
2035 3007 2117 3038 fuerit
2133 3030 2142 3046 ,
2169 3009 2309 3045 adjuvabit
2324 3011 2370 3041 vel

1306 3047 1498 3085 adjuvabunt,
1522 3048 1630 3084 quanto
1649 3047 1731 3076 citius
1749 3045 1910 3075 commode
1927 3047 2030 3083 poterit
2045 3046 2090 3075 vel
2109 3055 2243 3083 poterunt
2258 3071 2266 3085 ,
2290 3049 2369 3086 post-

1309 3095 1395 3124 quam
1419 3085 1514 3116 debite
1539 3085 1574 3114 ad
1598 3084 1656 3114 hoc
1679 3084 1822 3122 requisitus
1847 3083 1928 3114 fuerit
1956 3083 2000 3113 vel
2028 3084 2130 3114 fuerint
2143 3097 2153 3123 ς
2180 3084 2212 3115 In
2242 3096 2368 3124 quorum

1311 3124 1492 3154 Auxiliorum
1510 3122 1695 3153 Praestatione
1709 3145 1718 3159 ,
1747 3121 1841 3159 quoad
1864 3122 2031 3152 Numerum
2051 3123 2147 3153 attinet
2167 3124 2366 3164 Armatorum,

1310 3163 1436 3193 habenda
1453 3163 1504 3192 erit
1526 3161 1676 3192 Facultaris
1693 3160 1779 3190 Ratio
1794 3184 1804 3196 ,
1822 3169 1851 3189 ut
1866 3161 1971 3202 scilicet
1986 3161 2113 3198 praefatus
2130 3163 2252 3200 Princeps
2267 3164 2368 3202 Hispa-

1307 3205 1414 3231 niarum
1428 3225 1438 3237 ‚
1458 3200 1596 3230 Haeredes
1614 3209 1662 3230 aut
1684 3199 1860 3229 Succeilores
1881 3201 1918 3229 lui
1942 3209 2000 3228 riori
2021 3199 2091 3229 ultra
2113 3209 2237 3230 teneatur
2258 3201 2301 3231 vel
2325 3211 2368 3233 te-

1307 3249 1439 3276 neantur,
1457 3240 1542 3276 quam
1561 3247 1630 3268 tunc
1644 3238 1803 3268 commode
1817 3237 1907 3267 facere
1921 3238 2061 3275 poterint,
2079 3238 2253 3269 conlideratci
2269 3239 2365 3270 Tem-

1308 3280 1384 3316 poris
1398 3280 1431 3310 &
1450 3277 1602 3307 Locorum
1623 3277 1833 3314 oportunitate,
1857 3285 1890 3305 ac
1913 3276 1991 3305 Statu
2008 3275 2118 3305 Rerum
2131 3276 2254 3315 suarum3
2273 3287 2306 3308 ac
2318 3280 2364 3308 in-

1307 3318 1386 3354 super
1402 3326 1454 3355 pro
1470 3315 1644 3346 Defensione
1661 3316 1694 3346 ὅ(
1709 3314 1847 3344 Tuitionc
1864 3313 1994 3344 Personae
2010 3312 2144 3345 &Status
2160 3315 2268 3352 praefati
2284 3318 2363 3354 Regis

1307 3354 1440 3393 Angla,
1457 3354 1569 3392 ejusque
1587 3353 1745 3383 Haeredum
1762 3352 1794 3382 δε
1810 3351 2030 3389 Succefforum,
2049 3352 2236 3391 Regnorum,
2259 3354 2364 3386 Patria-

1307 3404 1372 3424 rum
1387 3416 1397 3430 ,
1423 3392 1579 3423 Terrarum
1594 3414 1604 3430 ,
1627 3393 1660 3422 &
1676 3390 1884 3421 Dominiotum
1901 3390 2120 3430 pnedicstorum,
2138 3400 2235 3422 contra
2249 3392 2365 3424 Invaso-

1307 3443 1365 3470 res,
1383 3433 1416 3462 &
1438 3431 1552 3461 hostiles
1571 3430 1736 3469 Agressorffi
1753 3429 1922 3460 eorumdem
1938 3429 2125 3467 Regnorum,
2143 3429 2312 3470 patriarum,
2331 3433 2365 3462 δε

1308 3471 1518 3501 Dominiorum
1527 3493 1537 3506 ,
1553 3470 1773 3506 qualescumque
1787 3468 1889 3498 fuerint
1899 3490 1909 3506 ,
1935 3467 2064 3504 praefatus
2077 3470 2200 3507 Princeps
2214 3470 2364 3508 Hispania-

1305 3520 1382 3547 rum,
1400 3508 1551 3543 Haeredes,
1568 3509 1601 3538 &
1624 3506 1802 3537 Successores
1819 3506 1859 3536 sui
1876 3529 1886 3543 ,
1911 3505 1966 3536 sine
1980 3507 2092 3545 fraude,
2110 3507 2194 3545 dolo,
2211 3508 2363 3538 diffimula-

1305 3550 1384 3579 tione
1398 3571 1408 3585 ,
1432 3556 1480 3578 aut
1500 3546 1599 3576 colore
1615 3554 1799 3583 quocumque
1811 3569 1821 3582 ,
1845 3546 1898 3575 erit
1912 3546 1945 3576 ὃς
1959 3554 2040 3575 erunt
2055 3545 2090 3576 de
2104 3555 2209 3577 caetero
2225 3548 2364 3584 perpetuis

1305 3587 1401 3617 futuris
1417 3585 1595 3622 temporibus
1609 3583 1718 3621 praefati
1730 3586 1807 3620 Regis
1820 3582 1948 3621 Angliae,
1963 3583 2120 3614 Heeredum
2133 3609 2142 3621 ,
2159 3586 2192 3616 &
2207 3584 2359 3615 Successo-

1301 3635 1366 3656 rum
1382 3625 1498 3654 suorum
1518 3623 1690 3652 Amicorum
1715 3622 1833 3651 Amicus
1853 3622 1888 3652 δε
1910 3621 2008 3652 Amici
2021 3644 2031 3659 ,
2049 3625 2082 3654 &
2096 3621 2287 3653 inimicorum
2300 3622 2358 3654 lni-

1300 3665 1393 3694 micus
1406 3664 1439 3693 &
1456 3661 1569 3691 [nimici
1586 3682 1596 3698 ,
1622 3660 1679 3690 sine
1695 3659 1786 3698 aliqua
1799 3659 1994 3698 Exceptione3
2014 3659 2088 3691 Non
2102 3661 2277 3691 obstantibus
2292 3663 2356 3699 qui-

1298 3702 1474 3738 buscumque
1497 3699 1653 3738 Alligantiis
1667 3722 1677 3735 ,
1704 3699 1737 3728 δε
1760 3696 2063 3729 Confoederationibus
2075 3708 2140 3737 quas
2155 3699 2238 3730 habet
2251 3707 2297 3730 aut
2309 3701 2358 3730 ha-

1299 3740 1369 3771 bent
1405 3739 1450 3770 vel
1464 3740 1493 3768 in
1515 3738 1642 3768 futurum
1662 3737 1765 3767 habere
1776 3738 1879 3774 poterit
1893 3736 1939 3767 vel
1956 3738 2078 3775 poterint
2092 3747 2160 3767 curn
2175 3737 2358 3775 quibuscum—

1299 3789 1355 3816 que
1370 3763 1512 3816 Regibus,
1530 3775 1706 3812 Principibus
1727 3783 1774 3805 aut
1789 3774 2055 3806 Communitatibus
2069 3798 2078 3812 ‚
2096 3775 2303 3814 qualescunque
2318 3776 2357 3807 illi

1299 3818 1352 3848 fint
1364 3825 1411 3846 aut
1427 3823 1509 3845 erunt
1523 3824 1529 3843 :
1556 3812 1688 3843 Praefatus
1704 3822 1818 3851 quoque
1839 3815 1960 3852 Princeps
1976 3813 2169 3851 Hispaniarum
2183 3814 2355 3852 Personam,

1298 3855 1390 3886 Status
1404 3876 1414 3891 ,
1440 3853 1575 3884 Honores
1591 3874 1601 3889 ,
1622 3851 1778 3891 Dignitates
1793 3874 1803 3889 ,
1818 3850 1937 3888 Causas,
1959 3852 2033 3888 Res,
2048 3853 2081 3882 &
2099 3852 2225 3890 Negotia
2238 3853 2320 3890 ipfius
2333 3855 2352 3873 *
2373 3869 2392 3888 ς
2413 3871 2497 3901 XIII.

1298 3892 1469 3924 Sereniffimi
1486 3893 1563 3928 Regis
1576 3889 1704 3928 Angliae,
1721 3890 1771 3920 sibi
1786 3891 1890 3920 intimo
1908 3891 2032 3927 Amore,
2052 3889 2131 3927 Fide,
2152 3893 2186 3922 &
2203 3892 2354 3923 Amicitia-

1296 3942 1362 3962 rum
1377 3929 1496 3961 Foedere
1509 3929 1675 3967 conjunffi,
1692 3938 1778 3966 quem
1793 3929 1861 3958 loco
1883 3929 1969 3958 Patris
1983 3927 2142 3958 Charissiini
2160 3931 2193 3960 ὅτ,
2219 3929 2353 3962 Dilectis-

1296 3970 1360 4000 fimi
1379 3969 1461 3999 habet
1480 3967 1514 3998 δε
1537 3976 1646 4003 reputat
1659 3989 1670 4004 ,
1694 3967 1782 3997 taliter
1795 3966 1874 3996 cordi
1889 3966 2002 3996 habebit
2015 3968 2048 3997 Sc
2064 3966 2207 4006 tractabit,
2225 3968 2295 3999 sicut
2310 3970 2352 3999 A·
2366 3981 2387 4002 ι

1295 4006 1498 4039 mantiffimum
1515 4004 1616 4035 Filium
1633 4003 1802 4035 Pientissimi
1815 4003 1903 4034 Patris
1918 4002 2070 4042 Honores,
2087 4004 2196 4043 Status,
2217 4005 2348 4046 Dignita-

1294 4056 1350 4085 tes,
1369 4044 1490 4080 Causas,
1508 4042 1570 4074 Res
1587 4044 1622 4074 &
1642 4042 1774 4080 Negotia
1791 4042 1911 4080 habere,
1928 4051 2070 4081 reputare,
2087 4043 2122 4073 δε
2134 4045 2252 4075 tractare
2267 4046 2348 4076 decet

1294 4086 1328 4116 &
1345 4084 1489 4115 convenit.

1334 4122 1378 4152 [τ
1389 4131 1407 4152 ε.
1418 4129 1444 4151 Μ
1457 4144 1466 4159 ,
1487 4119 1692 4156 Conventum,
1710 4118 1947 4156 Concordatum,
1965 4118 1998 4149 δε
2013 4117 2190 4150 Conclufiim
2209 4120 2265 4155 est,
2282 4120 2354 4150 inter

1295 4161 1430 4193 Oratores
1451 4158 1602 4198 praedictos
1619 4179 1629 4195 ‚
1651 4157 1831 4225 N0m³⁰¹f³³³
1850 4158 1883 4190 &
1896 4158 2136 4196 Aueloritatibus,
2154 4157 2353 4225 ConfetiAsuT&

1802 4205 1810 4224 i
1830 4204 1849 4226 2
2285 4201 2357 4226 Len-

2374 3917 2438 3944 204.
