2555 4266
680 220 792 262 ET
872 220 1137 263 ACTA

0 322 36 343 in.
53 309 95 342 D.
116 309 288 342 Manatum
307 308 388 347 ipfim
406 308 564 347 Aliaeu-2213,
587 308 698 346 capiatis
717 307 752 339 &
777 307 896 339 arestetis
909 331 918 345 ‚
938 308 1014 339 &in
1027 304 1162 343 prisona,

0 359 69 390 474.
114 349 261 386 ouousque
276 358 330 386 pro
345 348 401 386 ejus
416 347 630 378 Deliberatione
651 347 814 378 duxerimus
834 346 1044 383 ordinandum,
1061 344 1164 382 absque

0 391 26 419 a.
46 400 76 425 4.
115 375 445 462 Mffltcgi'ftiffissrffiiqm
459 385 594 417 custodiri
606 386 722 417 facetia

795 462 849 491 Per
862 457 944 498 ipftaem
958 460 1060 496 Ragm.

201 589 250 621 De
263 585 429 631 Arestando
447 590 482 626 ὠ·
502 584 646 633 Capiendo
656 595 712 631 pro
734 580 959 629 Operatiom‘bus
970 584 1065 629 Regis.

0 678 93 711 nn.D.
116 673 262 730 REX,
280 673 400 705 Dssecto
413 672 479 709 sibi,
496 669 610 714 Ricardo
627 672 752 707 Copcote,
771 668 905 700 Salutem.
975 707 980 712 .

0 727 69 758 4-4.
215 712 312 743 Sciatis
335 710 415 746 quod
437 709 634 748 assignavimus
650 716 677 737 te
697 709 755 738 tarn
769 707 802 737 ad
819 707 1030 745 Carpentarios,
1049 712 1167 736 vocatos

0 739 77 793 1.s14,
115 750 252 782 Whelers
269 752 305 782 &
327 748 529 787 Cartwiightes
542 769 553 784 ,
571 747 657 789 quam
673 746 741 777 alios
758 745 972 788 Carpentarios,
991 745 1167 787 Lathomos,

32 818 37 824 .
117 789 223 820 Fabros
259 788 453 820 Pmmbatores
469 808 481 824 ,
505 785 538 816 &
558 784 626 814 ahos
647 784 777 815 Artifices
790 785 823 816 &
840 783 992 822 Operanos
1013 786 1167 821 quoicum-

0 807 27 862 ,ἶ
40 844 77 862 m.
116 838 172 866 que
188 851 198 866 ,
224 813 514 867 pro'Operatiom‘bus
536 821 758 866 Ordinationum
780 821 938 853 nostrarum
951 844 960 859 ,
992 822 1168 859 ubicumque

113 868 233 897 inveniri
246 866 385 903 poterint,
402 863 462 893 tam
479 861 551 929 infr&
573 861 729 930 Iaibertates
753 863 840 929 quarg
852 870 927 892 eirtra
942 860 1053 898 (Feodo
1067 859 1169 891 Eccle-

114 905 319 974 ῦεῖἓῗυετὲῑελξῗ
331 900 705 977 ῧῗεῗὲῗίζῐῗίτξυεᾶῗῑέἇῗὶςῗζ
715 909 949 983 οεέἕέξᾌάυῧὶεᾌῐα
964 936 1057 969 nostra
1070 937 1101 967 in
1116 937 1169 967 eis-

113 981 179 1013 dem
196 979 394 1010 Deservuturos
430 977 603 1008 Ponendum
623 978 656 1008 &
674 977 748 1008 Pom
763 976 944 1015 faciendum,

150 1019 171 1038 ⁸
188 1017 321 1048 Necnon
343 1016 379 1047 ad
403 1000 578 1046 i3umbardos
592 1040 602 1053 ,
627 1015 778 1054 Canones,
796 1015 890 1047 Culve
922 1025 990 1054 nes,
1008 1013 1169 1057 Fowelers,

121 1057 323 1096 Serpentynes,
342 1055 375 1085 &
389 1055 456 1086 alios
472 1053 607 1085 Canones
619 1055 828 1093 quoscumque,
844 1064 876 1085 ac
893 1093 898 1097 Δ
917 1052 1170 1097 υΙνεῐεελὸυΙρὴιτ,

114 1096 270 1134 Saltpetyr,
288 1093 401 1131 Petras,
419 1093 556 1130 Ferrum,
574 1092 730 1123 Plumbum
739 1094 798 1136 2&
818 1092 998 1122 omnimodas
1014 1093 1076 1122 alias
1092 1090 1171 1121 Stuf-

111 1134 210 1171 furas,
236 1143 289 1170 pro
309 1131 414 1163 eisdem
426 1131 604 1171 ,Canonibus
626 1131 787 1162 necessarias
811 1133 844 1163 &
864 1140 1037 1174 oportunas,
1055 1139 1169 1160 necnon

113 1171 263 1203 Arbalistas
279 1171 312 1202 &
327 1170 469 1201 'fractum
485 1179 538 1209 pro
553 1169 657 1200 eisdem
667 1192 676 1208 ,
695 1170 803 1205 Arcus,
822 1169 955 1208 Sagittas,
974 1167 1169 1212 Bowestaves,

110 1210 331 1249 Bowestrynges
345 1231 356 1247 ,
379 1208 582 1246 Landgedeves
593 1232 602 1246 ,
622 1208 766 1246 Lanceas,
786 1207 929 1251 Gleyves,
945 1208 977 1249 ὃς
994 1206 1122 1251 Mallias,
1137 1215 1170 1236 ac

111 1250 212 1279 omnia
222 1250 275 1279 alia
290 1257 342 1286 pro
350 1246 584 1278 Ordinationibus
600 1246 701 1276 nostris
716 1245 855 1289 praeditfftis
871 1246 1020 1289 neceslaria
1034 1246 1067 1276 &
1084 1254 1170 1281 opor-

110 1297 194 1326 tuna,
219 1288 393 1325 ubicumque
411 1287 538 1331 ¹inveniri
561 1294 693 1323 poterunt
707 1284 1072 1352 ’D‘hmumf‘astspbfmassffi
1085 1284 1170 1322 quarn

113 1323 689 1434 ῗέιέἒῃξάἷῧῗὲὶἓῖῗξιῗὲ,8ἔξὲῗῗήέἕὲῗ
699 1332 1006 1392 ἂῗῗέἐῖαὲἓαῦἓ.ω
1045 1331 1077 1352 ³⁰
1094 1330 1171 1360 pm

177 1412 210 1434 ti
231 1413 289 1442 eo,
339 1411 365 1432 c.
415 1411 513 1439 amus,
560 1410 587 1431 c.

3 1071 12 1088 -ι

149 1479 184 1510 In
202 1479 295 1518 cujus,
311 1479 374 1510 &c.
391 1476 525 1517 quamdiu
541 1476 624 1507 nobis
638 1476 770 1515 placuerit
786 1475 936 1507 duraturas.

113 1594 134 1624 b
150 1555 240 1600 [Teste
253 1555 336 1594 Rege
347 1553 421 1594 apud
437 1552 708 1593 Wstmonasterium,
725 1552 843 1584 decimo
859 1552 965 1583 octavo
980 1551 1026 1583 die
1040 1551 1172 1583 Decem-

136 1603 179 1623 ris.

149 1668 299 1710 Confimiles
312 1670 417 1699 Literae
433 1670 563 1698 Patenter
577 1667 728 1705 diriguntur
741 1666 862 1707 Perfhnis
869 1666 1044 1707 si'aebstriptis,
1053 1667 1109 1706 βψ
1124 1678 1173 1696 ea-

117 1706 176 1738 dem
191 1711 294 1746 Data,-
313 1706 457 1746 videlicet,

151 1783 273 1815 Dilecto
288 1783 377 1824 Regis
393 1783 523 1823 Johanni
534 1786 622 1814 Scotte
631 1805 641 1821 ,
658 1781 719 1818 ὀνο.

271 1913 334 1945 Pro
349 1907 574 1943 Mercatoribus
598 1905 759 1943 Provinciae
775 1908 811 1942 de
837 1910 1013 1955 Guipuscoa.

0 2016 40 2037 in.
53 2005 94 2036 D.

0 2054 78 2085 1474-

0 2095 16 2112 ι.
34 2094 76 2120 ¹4·

115 1995 245 2054 REX
267 1995 418 2033 omnibus,
433 1994 467 2026 ad
480 2004 570 2033 quos,
589 1996 650 2026 &c.
669 1994 801 2026 Salutem.

207 2035 305 2066 Sciatis
321 2033 419 2072 quod,
436 2034 507 2064 curn
523 2033 609 2071 Nos,

152 2072 212 2103 Pro
227 2073 422 2104 Satisfaffione
440 2071 549 2110 fienda,
568 2071 717 2102 occasione
736 2071 980 2110 Attemptatorum
1002 2081 1052 2109 per
1068 2069 1172 2101 Subdi-

31 2144 40 2152 ,
116 2120 161 2142 tos
176 2111 288 2142 nostros
301 2111 410 2150 Angliae
426 2112 456 2141 in
471 2111 504 2142 &
519 2110 646 2141 adversus
661 2109 853 2142 provinciales
869 2111 1033 2141 Maritimos
1048 2110 1172 2141 Serenis-

2 2169 21 2188 ς,
35 2171 76 2196 14-
115 2151 176 2181 fimi
194 2150 293 2181 Fratris
311 2149 400 2180 nostri
421 2152 498 2187 Regis
512 2148 632 2189 Castellae
653 2148 693 2184 ό-
705 2151 830 2187 Legionis
846 2149 1006 2187 fastorum,
1022 2150 1052 2178 in
1068 2148 1174 2185 Praeiu-

65 2221 71 2227 ,
115 2188 223 2219 dicium
247 2189 328 2219 Pacis
345 2190 378 2220 &
404 2188 549 2219 Amicitiae
565 2188 635 2218 inter
651 2187 720 2218 Nos
739 2190 772 2218 &
795 2188 883 2226 ipsum
900 2186 1026 2219 Fratrem
1041 2187 1173 2217 nostrum

5 2246 75 2272 ΜΘ,
115 2228 150 2258 &
174 2227 277 2265 Regna
298 2226 392 2258 nostra
417 2227 485 2257 hinc
510 2226 578 2257 inde
597 2226 753 2257 contraetae
776 2227 809 2257 &
833 2226 949 2256 firmatae
966 2249 976 2263 ,
995 2226 1174 2257 Hominibus

113 2266 276 2297 Provinciae
298 2265 491 2303 Guipuscoae,
515 2264 665 2296 occasione
680 2263 885 2303 Dampnorum
896 2265 1011 2295 'eisdem
1033 2275 1082 2303 per
1097 2264 1173 2295 Sub-

113 2304 187 2335 ditos
200 2304 328 2342 nostros,
343 2312 408 2335 ante
424 2303 545 2334 Annum
560 2302 723 2334 Nativitatis
736 2303 863 2334 Domini
872 2303 1058 2334 Millelimum
1068 2326 1078 2341 ,
1090 2303 1173 2341 Qa-

114 2343 365 2383 dringentesirnutn
377 2364 389 2382 ,
415 2341 659 2381 Septuagesimum
678 2342 835 2374 secundum
849 2365 858 2381 ,
877 2342 1096 2380 quomodolibet
1113 2343 1173 2373 illa-

114 2390 226 2418 torum,

151 2419 186 2450 In
201 2421 330 2462 §Quinque
342 2418 455 2449 Milibus
470 2423 632 2449 Coronarum
644 2419 809 2450 Teneamur
818 2443 828 2456 ,

152 2458 191 2488 Et
204 2469 258 2497 pro
274 2456 416 2496 Dampnis
427 2481 438 2495 ,
461 2458 498 2487 ab
511 2458 615 2488 eodem
631 2457 737 2495 Anno,
756 2468 806 2496 per
819 2457 956 2489 Subditos
969 2457 1081 2488 nostros
1098 2456 1173 2488 Pro·

113 2497 280 2528 vincialibus
295 2497 452 2535 praedietis,
471 2496 557 2534 usque
571 2496 605 2526 ad
617 2495 711 2528 Diem
726 2495 902 2528 Vicesimum
917 2498 1055 2528 octavum
1065 2495 1173 2526 Mensis

115 2534 188 2566 Maii
215 2535 319 2566 ultimo
339 2536 513 2575 praeteritum
529 2558 539 2573 ,
564 2535 640 2565 illatis
653 2559 663 2572 ,
688 2534 988 2567 eisdem-Hominibus
1012 2535 1173 2565 Provinciae

114 2573 290 2612 Guipuscoae
301 2573 491 2614 suprascriptae
505 2575 534 2604 in
553 2576 607 2603 Sex
619 2573 734 2604 Milibus
754 2577 918 2604 Coronarum
942 2574 1066 2605 similiter
1081 2582 1175 2604 tenea-

114 2621 146 2642 m
168 2622 182 2641 r

147 2623 232 2689 ῑὲζῖικ
243 2650 358 2689 quidem
374 2650 509 2689 Dampna
526 2654 578 2681 Sex
594 2649 705 2680 Milium
721 2654 887 2681 Coronarum
905 2651 953 2690 ipfi
966 2650 1174 2688 provinciales,

115 2689 293 2757 ffissssssm
303 2688 713 2765 rssfflffissffaffissfflffa’
729 2689 987 2765 gztffiss‘sszffae
1012 2692 1046 2723 ἃ
1062 2690 1113 2721 ³¹i³
1125 2689 1174 2720 ¹¹¹*

154 2765 193 2795 Et
215 2749 292 2803 quod
313 2765 382 2797 Nos
395 2788 404 2804 ,
431 2776 484 2804 pro
497 2766 673 2797 Executione
687 2752 900 2798 p'raemifforum
909 2790 919 2806 ,
939 2752 988 2806 pe}
1003 2767 1108 2798 Literas
1120 2777 1174 2797 no-

117 2803 183 2834 stras
205 2803 334 2834 Parentes
349 2828 360 2841 ,
380 2804 577 2848 ¹asiignaremus
599 2804 777 2836 Sol-urionem
799 2806 858 2836 tam
883 2806 1026 2837 diciorum
1078 2811 1174 2846 uin-que

116 2842 228 2872 Milium
243 2843 330 2880 quam
349 2852 434 2873 etiam
448 2847 501 2874 Sex
520 2843 632 2873 Milium
649 2848 812 2873 Coronarum
833 2844 1049 2883 praediitarum,
1093 2849 1175 2875 roba-

117 2882 198 2911 tione
211 2880 327 2918 desuper
338 2880 431 2918 faita,
448 2890 480 2911 ut
495 2881 654 2919 ptaefertur,
671 2891 719 2918 per
734 2882 862 2913 Modum
873 2883 1051 2914 Retenrionis
1066 2883 1175 2914 Custu-

116 2928 244 2956 marum,
261 2919 299 2949 de
315 2919 347 2950 &
360 2919 440 2957 super
458 2919 643 2950 Mercandisis
656 2919 822 2950 Hominum
840 2921 1057 2952 Provinciamm
1073 2922 1175 2959 Hispa-

116 2959 172 2988 niae
184 2957 422 3002 Maritimarum,
447 2957 547 2988 Nobis
564 2959 593 2987 iri
609 2957 750 3001 Portubus
764 2958 861 2998 Regni
875 2959 964 2990 nostri
977 2961 1108 2999 Angliae,
1126 2961 1174 2990 ubi

117 2995 751 3079 ”f'isspffiss‘effffissffffissffffififfisssssssmsz
766 2996 1090 3080 ἓοᾞὲἔξιψᾶυςωωῑ
1107 3036 1176 3066 Me-

119 3071 193 3102 diam
209 3072 380 3110 Custumam
395 3073 431 3103 de
451 3073 584 3103 omnibus
605 3074 639 3104 &
654 3073 762 3111 singulis
775 3073 959 3104 Mercandilis
973 3075 1043 3113 suis,
1061 3085 1127 3113 quas
1144 3077 1174 3104 in

120 3109 260 3148 Regnum
281 3111 411 3142 nostrum
435 3111 548 3151 Angliae
567 3111 667 3143 adduci
689 3113 734 3142 seu
755 3112 791 3142 ab
807 3112 909 3143 eodem
927 3113 1009 3143 educi
1025 3115 1178 3151 continge-

121 3157 181 3186 ret,
200 3149 251 3180 fibi
267 3150 328 3187 ipsis
341 3152 460 3182 retinere
475 3151 612 3188 valerent,
632 3150 726 3181 donec
741 3151 774 3181 &
792 3151 938 3189 quousque
954 3161 1072 3191 utraque
1090 3152 1178 3183 Sum-

124 3195 171 3218 ma
183 3187 318 3224 praedicta
331 3189 404 3220 foret
417 3189 539 3229 plenarie
557 3189 706 3226 persoluta,

159 3226 202 3254 Et
221 3231 387 3266 appreciatur
406 3227 532 3269 quelibet
547 3232 653 3258 Corona
674 3228 714 3257 ad
725 3230 788 3257 Tres
799 3227 900 3258 Solidos
915 3227 953 3264 ό·
967 3229 1098 3270 ‘Qualiter
1119 3232 1178 3259 De-

124 3266 215 3293 narr‘m·
232 3268 354 3296 Monetae
366 3265 480 3303 Angliae
493 3266 532 3302 όν
542 3277 596 3296 non
608 3266 684 3295 ultra
691 3289 702 3304 ,

161 3299 250 3345 Prout
265 3305 294 3334 in
308 3305 432 3343 quodam
442 3304 730 3343 Appunc'tuamento,
745 3304 891 3343 superinde
905 3305 1057 3344 confeCm,
1067 3305 1177 3344 plenius

126 3347 234 3408 Ἤ
242 3350 389 3382 apparere,

162 3402 461 3453 Appu'nciuamentum
475 3419 645 3458 praedizstum
658 3421 687 3450 in
703 3421 837 3451 omnibus
851 3420 993 3452 observari
1007 3419 1152 3458 volentes,

165 3454 212 3484 Ac
231 3456 324 3500 quoad
337 3465 450 3496 tempus
465 3459 556 3496 plenae
568 3460 601 3490 &
616 3459 780 3490 sufficientis
793 3459 989 3497 Probationis,
1008 3459 1085 3497 super
1098 3460 1180 3489 dietis

129 3494 184 3535 Sex
205 3492 319 3523 Melibur
331 3495 465 3527 faciendae
481 3519 491 3536 ,
514 3497 576 3535 ipfis
600 3497 810 3530 Mercatoribus
826 3498 879 3530 hac
899 3500 963 3530 vice
976 3497 1106 3529 Gratiam
1120 3497 1179 3536 spe-

127 3531 228 3567 cialem
242 3531 334 3566 facere
349 3534 508 3573 cupientes,

165 3569 354 3615 Considerate
365 3572 452 3609 quarn
463 3582 539 3611 grata
551 3574 669 3606 Servitia
683 3574 829 3606 Homines
844 3575 1005 3606 Provinciae
1021 3573 1180 3605 Maritima-

128 3617 193 3637 rum
210 3608 408 3646 praedielarum
423 3619 525 3642 contra
541 3612 739 3645 Adversarium
753 3613 885 3645 nostrum
901 3614 1030 3644 Franciae
1044 3613 1180 3652 promise-

128 3655 217 3715 rurss}
231 3683 329 3729 Gratia
342 3683 439 3715 nostri
457 3684 566 3729 speciali
584 3687 786 3733 Conceffimus
798 3689 833 3720 &
847 3689 1006 3734 Licentiam
1021 3689 1162 3734 Dedimus
1171 3712 1180 3728 ‚

151 3734 184 3754 ro
199 3723 298 3767 Nobis
312 3723 347 3754 &
360 3722 529 3767 Haeredibus
542 3726 659 3764 nostris,
677 3727 799 3757 Dileehs
813 3726 911 3758 Nobis
923 3728 1131 3760 Mercatoribus
1146 3730 1180 3759 ὅ(

217 3762 308 3806 imbus
327 3761 548 3806 'Prouinciamm
568 3763 729 3802 Hispanniae
747 3765 943 3803 praedictarum
959 3766 1039 3804 quod
1052 3767 1116 3804 ipsi,
1135 3767 1180 3797 seu

132 3810 232 3833 eorum
249 3801 352 3839 aliqui,
369 3800 416 3831 vel
430 3801 545 3844 aliquis,
564 3810 611 3831 aut
626 3803 683 3841 ejus
696 3802 741 3832 vel
755 3812 856 3833 eorum
871 3803 1002 3835 Fa&ores
1018 3805 1075 3835 five
1083 3805 1182 3835 Artor-

132 3839 367 3879 nati,1ndigenae
385 3838 432 3868 vel
453 3839 627 3878 Alienigenae
640 3863 650 3878 ,
668 3839 786 3872 habeant
800 3841 833 3872 &
853 3843 987 3873 retineant
1001 3844 1031 3873 in
1046 3842 1181 3874 Manibus

130 3876 187 3908 suis
200 3879 320 3915 propriis
335 3877 520 3908 Medietatem
536 3879 667 3908 omnium
686 3876 889 3909 Cuflaimarum
909 3880 1068 3912 nostrarum
1078 3905 1087 3919 ,
1111 3881 1182 3912 No-

133 3914 177 3944 bis
191 3925 244 3953 pro
257 3917 394 3947 omnibus
406 3915 589 3947 Mercandisis
610 3916 735 3956 ipsorum
754 3916 949 3949 Mercatorum
969 3919 1003 3950 &
1015 3918 1181 3951 Hominum

133 3954 278 3997 propriis,
302 3964 352 3993 per
374 3955 445 3993 ipsos
465 3955 510 3986 seu
525 3964 626 3985 eorum
640 3955 762 3993 aliquem
780 3955 810 3984 in
825 3955 962 3995 Regnum
975 3957 1105 3988 nostrum
1121 3960 1183 3988 Aii-

133 3991 200 4030 gliae
218 3991 249 4023 in
271 4002 484 4031 quemcumque
504 3992 625 4024 Portum
645 3993 767 4032 ejusdem
782 3991 878 4032 Regni
895 3995 1082 4035 adducendis,
1098 3997 1132 4028 ὅτ
1148 3998 1184 4027 ab

134 4030 240 4060 eodem
258 4028 364 4074 Regno
385 4032 483 4063 nostro
505 4032 656 4063 educendis
671 4054 681 4070 ,
706 4031 887 4068 specstantium
904 4056 914 4070 ,
939 4033 1060 4072 quousq,
1081 4035 1185 4066 eisdem

137 4067 348 4102 Mercatoribus
359 4070 393 4102 ἃ
407 4070 603 4108 Hominibus,
611 4071 655 4101 seu
670 4080 768 4100 eorum
783 4070 867 4101 alicui
875 4094 884 4107 .,
897 4072 956 4101 tarn
966 4073 1007 4103 de
1017 4073 1091 4104 di&
1100 4073 1187 4103 Sum-

135 4107 457 4176 trainamggxrzzaegulyinbbrm
474 4113 637 4140 Coronarum
654 4131 664 4148 ,
681 4110 768 4147 quarn
780 4108 818 4139 de
831 4108 907 4141 dieta
925 4108 1044 4141 Summa
1056 4114 1110 4141 Sex
1127 4114 1188 4141 Mi-

384 4169 395 4185 ²

1220 192 1691 271 rustica
2209 243 2260 284 55

1239 307 1255 321 ⁸*
1274 301 1346 334 Inde
1360 307 1497 349 Surrenti-1
1509 310 1633 352 Coronis,
1651 309 1814 346 jampridem
1828 318 1877 347 per
1889 309 1957 343 Nos
1975 310 2104 353 Johanni
2124 317 2250 346 Martino
2275 313 2347 345 Ann.
2363 313 2407 348 Dg

1199 338 1235 372 de
1250 341 1411 385 Berastegni
1424 345 1584 384 perlolutis,
1600 348 1769 377 tantumodo
1782 350 1918 388 exceptis,
2298 360 2383 393 1474,

1228 379 1463 423 *plenarie-fuerit
1475 382 1667 421 Satisfaftum,
1686 384 1787 423 absque
1802 386 1896 424 aliquo
1918 388 2070 426 Compoto
2093 390 2136 421 seu
2153 392 2247 430 aliquo
2268 394 2335 420 Edv.
2354 403 2383 427 4s

1199 417 1272 461 allio,
1288 417 1387 448 Nobis
1403 420 1447 448 vel
1461 419 1630 451 Haeredibus
1645 423 1746 452 nostri,-
1761 433 1814 462 pro
1829 426 1926 454 eadem
1952 426 2106 459 Medietate
2130 439 2159 460 ut
2176 440 2248 467 prae-
2272 431 2285 444 ⁸
2309 432 2360 460 xi.

1201 456 1311 502 dffium
1335 456 1375 485 est
1401 458 1544 488 reddendo
1558 481 1568 496 ,
1590 460 1725 490 solvendo
1741 485 1751 496 ,
1775 464 1820 491 scu
1839 463 1985 501 faciendo,
2005 476 2050 502 per
2064 468 2247 505 Indenturas,
2270 466 2334 503 84²»

1200 494 1268 539 inde
1280 503 1352 524 inter
1365 495 1496 537 praefatos
1513 495 1689 528 Mercatores
1702 500 1734 529 ὅ(
1743 498 1885 530 Homines
1897 501 1942 531 seu
1956 511 2053 532 eorum
2067 506 2186 543 aliquem
2204 508 2251 537 vel

1201 532 1310 570 aliquos
1322 540 1367 562 aut
1379 542 1437 571 ejus
1454 534 1498 563 vel
1514 543 1613 564 eorum
1632 535 1762 566 Fa&ores
1777 537 1831 567 sive
1845 539 2008 569 Attornatos
2022 543 2170 577 praedistos
2203 546 2250 576 seu

1201 581 1301 601 eorum
1316 571 1455 610 aliquem,
1475 572 1508 602 δε
1523 571 1719 613 Custumarios
1734 574 1790 604 sive
1805 574 1981 606 Colleciores
1997 566 2199 612 Custumar.«i’ri
2215 585 2249 613 <Sc

1202 609 1397 640 Subfidiorum
1416 610 1581 640 nostrorum
1595 633 1604 648 ,
1628 612 1656 640 in
1676 611 1765 641 Portu
1785 612 1840 642 sive
1857 613 1995 644 Portubus
2012 618 2137 652 praedifti
2156 619 2250 659 Regni

1203 647 1292 678 nostri
1309 658 1361 687 pro
1375 657 1505 688 ternpore
1518 648 1664 678 existentes
1680 671 1689 687 ‚
1715 649 1765 679 ubi
1779 653 1926 690 contigerit
1944 652 2132 685 Mercandisas
2148 659 2249 693 praedi-

1201 687 1259 716 ‹stas
1271 688 1316 717 vel
1331 687 1452 725 aliquam
1466 686 1531 716 inde
1541 686 1696 718 Parcellam
1710 687 1748 717 sic
1758 688 1860 718 adduci
1877 691 1919 719 vel
1934 691 2030 728 educi,
2042 692 2251 725 [adductionem

1203 725 1237 793 ξ
1250 724 1444 794 affectionem
1461 725 1531 764 inas,
1546 725 1582 757 de
1597 735 1724 764 tempore
1739 727 1769 755 in
1788 735 1897 764 tempus
1911 750 1922 766 ,
1939 729 2033 759 debite
2049 730 2252 771 conficiendas,

1235 773 1251 793 e
1323 773 1399 794 antes

1241 801 1295 832 Per
1308 786 1426 840 quarum
1441 801 1555 838 quidem
1568 802 1781 832 Indenturarum
1791 802 1902 833 alteram
1921 802 2032 834 Partem
2041 827 2050 843 ,
2068 806 2101 836 &
2115 805 2163 836 has
2179 807 2255 838 Lite·

1204 849 1245 869 ras
1259 840 1365 871 nostras
1374 863 1384 878 ,
1403 841 1436 872 &
1446 839 1545 870 Brevia
1561 841 1653 870 nostra
1667 840 1825 878 superinde,
1843 840 2026 881 Custutnariis
2040 843 2096 874 sive
2107 843 2254 876 Colletssto-

1203 879 1280 908 ribus
1298 879 1436 917 praedic'tis
1451 901 1461 916 ,
1483 880 1512 909 in
1531 879 1620 910 Portu
1644 878 1700 908 five
1722 878 1862 910 Portubus
1883 879 1980 919 Regni
2002 880 2089 910 nostri
2113 883 2253 921 praeditTti,

1204 916 1360 986 Βξξεῃάε
1373 942 1383 955 ,
1401 916 1544 948 Volumus
1563 919 1597 949 ὃς
1618 927 1666 954 per
1682 917 1829 948 Praesentes
1845 917 2061 957 Concedimus,
2079 921 2177 958 quod,
2195 923 2254 952 tarn

1203 965 1237 993 pr
1290 957 1310 986 ti
1332 954 1509 986 Custumarii
1531 955 1587 986 fiue
1609 955 1786 987 Colleiwres
1802 979 1812 994 ,
1840 957 1873 988 &
1894 967 1993 987 eorum
2019 958 2152 997 quilibet,
2168 961 2255 997 quam

1203 994 1311 1031 praefati
1334 994 1511 1025 Mercatores
1533 995 1566 1025 &
1587 993 1753 1032 Homines,
1778 1005 1810 1024 ac
1834 996 1891 1033 ejus
1911 996 1944 1026 δε
1959 1005 2059 1026 eorum
2075 996 2206 1027 Fastores
2222 998 2255 1028 &

1204 1032 1347 1063 Attornati
1365 1032 1495 1071 praedi&
1509 1055 1519 1071 ‚
1545 1034 1578 1063 &
1597 1043 1697 1063 eorum
1713 1032 1846 1072 quilibet,
1862 1043 1916 1071 pro
1929 1034 2102 1064 omnimodis
2119 1035 2258 1066 Pecunia-

1204 1080 1268 1100 rum
1289 1071 1414 1101 Summis
1426 1096 1436 1109 ,
1461 1071 1497 1101 de
1515 1070 1670 1102 Medietate
1686 1071 1888 1102 Custumarum
1902 1073 2098 1109 praedii-[tarum
2115 1074 2144 1103 in
2160 1074 2254 1104 forma

1203 1109 1338 1148 praedieia
1350 1110 1518 1147 retinendis,
1535 1119 1598 1150 erga
1622 1109 1690 1140 Nos
1712 1111 1745 1141 ὃς
1766 1109 1903 1140 Haeredes
1923 1111 2032 1140 nostros
2047 1113 2171 1142 omnino
2187 1122 2257 1146 eiro-

1204 1157 1334 1178 netentur
1348 1149 1380 1179 &
1396 1149 1605 1187 acquietentur,
1621 1150 1655 1180 &
1671 1158 1770 1179 eorum
1785 1147 1903 1185 quilibet
1917 1158 2083 1179 exoneretur
2098 1151 2130 1180 ὃς
2143 1152 2257 1189 acquie-

1203 1195 1276 1216 tetur
1296 1187 1505 1228 imperpetuum
1521 1199 1531 1224 ·,
1554 1187 1690 1225 aliquibus
1700 1184 1834 1224 statutis,
1854 1186 1990 1225 Affibus,
2010 1188 2257 1227 Ordinationibus,

1205 1223 1417 1255 Proviiionibus
1432 1248 1442 1262 ,
1466 1224 1706 1255 Rei’triitionibus
1719 1248 1729 1263 ,
1749 1225 1795 1255 seu
1811 1224 1969 1265 Mandatis,
1985 1227 2014 1256 in
2029 1228 2203 1258 contrarium
2215 1228 2257 1258 fa-

1205 1263 1275 1331 ἃὶῗ,
1294 1263 1389 1306 editis,
1406 1263 1461 1331 {ile
1478 1263 1628 1301 ordinatis,
1645 1274 1706 1294 non
1723 1263 1908 1294 obstantibus.

1259 1311 1277 1330 ri
1293 1311 1328 1331 cu
1343 1311 1372 1331 us
1429 1310 1467 1331 ⁷c.

1206 1378 1225 1408 b
1242 1311 1338 1383 TesteJ
1352 1325 1434 1379 R’ege
1453 1339 1526 1379 apud
1552 1339 1807 1380 Wstmonasterium
1822 1364 1832 1378 ,
1848 1339 1964 1371 decimo
1979 1349 2060 1372 nono
2075 1340 2119 1373 die
2133 1340 2260 1372 Decem-

1227 1388 1272 1409 ris.

1433 1456 1486 1484 Per
1498 1452 1579 1492 ipficm
1594 1455 1703 1492 Regem,
1724 1453 1762 1489 ὠ·
1778 1454 1809 1484 de
1822 1458 1904 1484 Data
1911 1455 2061 1494 praedioi‘a,
2079 1457 2260 1486 Austoritate

1467 1492 1656 1522 Parliamentr'.

1468 1633 1561 1677 Super
1578 1632 1656 1663 Dote
1673 1631 1779 1664 Ceciliae
1801 1631 1881 1664 Filiae
1897 1634 1994 1679 Regis.
2316 1645 2364 1678 gn

1241 1725 1349 1756 Acobus
1362 1747 1372 1763 ,
1394 1724 1453 1755 Dei
1468 1724 1552 1764 gratia
1591 1726 1652 1754 Rex
1667 1729 1818 1764 Scotorum,
1837 1727 1972 1758 univerfis
1985 1727 2018 1759 &
2033 1727 2143 1767 singulis
2155 1727 2260 1758 Admi-
2283 1730 2356 1762 Ann.
2371 1730 2414 1763 D,

1251 1764 1340 1808 rallis,
1358 1762 1533 1802 Capitaneis,
1553 1747 1732 1809 CastellaniQ
1751 1765 1785 1796 &
1799 1775 1900 1796 eorum
1916 1766 2171 1810 Locatenentibus,
2196 1766 2259 1797 Cu-
2310 1778 2396 1808 1475.

1203 1801 1331 1832 stodibus
1345 1801 1485 1833 Portuum
1505 1801 1593 1832 Maris
1608 1802 1642 1832 &
1656 1803 1776 1833 ahorum
1789 1803 1938 1834 Locorum
1953 1804 2182 1843 Maritimorum,
2192 1815 2259 1836 nec·
2277 1812 2328 1836 An.
2352 1818 2394 1845 ¹4·

1202 1850 1263 1872 non
1274 1839 1454 1879 justiciariis,
1471 1839 1718 1879 Vicecomitibus,
1735 1841 1911 1881 Praepositi's,
1927 1841 2259 1882 Ballivis,Custumariis,
2278 1851 2309 1874 Ε.
2326 1856 2354 1880 4·

1203 1879 1365 1917 caeterisque
1381 1878 1519 1910 Ministris
1535 1901 1545 1916 ‚
1570 1879 1657 1916 Ligiis
1668 1903 1678 1919 ‚
1703 1882 1736 1912 ὅ(
1749 1880 1871 1911 Subditis
1883 1881 2002 1919 nostris,
2019 1882 2089 1912 infra
2104 1883 2258 1913 Libertates
2281 1891 2319 1913 Ex
2335 1888 2394 1914 Au-

1204 1919 1238 1949 &
1250 1927 1325 1948 exrra
1341 1940 1350 1956 ,
1375 1918 1434 1947 tarn
1456 1928 1504 1955 per
1519 1917 1638 1947 Terram
1660 1919 1746 1957 quam
1761 1929 1810 1956 per
1825 1918 1926 1958 Mare,
1944 1920 2120 1960 constitutis,
2137 1921 2171 1951 ad
2189 1931 2261 1960 quos
2281 1933 2345 1962 togr.

1205 1957 1351 1995 praesentes
1366 1955 1481 1987 Litterae
1497 1957 1692 1993 pervenerint,
1712 1957 1844 1987 Salutem.

1243 1993 1325 2025 Cum
1341 1995 1450 2025 fictum
1463 1994 1642 2025 Matrimonii
1662 1995 1873 2026 Sacramentum
1896 1996 1927 2027 sit
1943 2007 1959 2026 a
1981 1996 2105 2028 Summo
2125 1999 2258 2028 omniurn

1203 2032 1366 2072 Conditore
1380 2032 1449 2063 Deo
1465 2033 1495 2062 in
1512 2032 1641 2064 Paradiib
1658 2033 1730 2064 statu
1749 2034 1925 2064 innocentiae
1941 2034 2120 2074 Institumm,
2136 2046 2195 2074 quo
2203 2036 2262 2066 Po-

1204 2072 1286 2111 pulus
1303 2071 1401 2110 postea
1413 2095 1422 2108 ,
1440 2071 1561 2102 Naturae
1578 2071 1735 2102 necessitate
1753 2073 1843 2103 indies
1861 2073 1894 2103 ad
1913 2072 2061 2105 Interitum
2077 2075 2111 2106 &
2131 2074 2262 2105 Mortem

1205 2121 1242 2142 ve
1275 2121 1341 2148 ens,
1360 2110 1511 2142 exrinitam
1532 2109 1693 2141 restauraret
1713 2110 1920 2149 Propaginern,
1939 2122 1998 2150 quo
2013 2114 2097 2144 etiam
2117 2112 2264 2152 Principes

1206 2150 1233 2180 A
1268 2151 1357 2180 nitatis
1386 2148 1458 2187 Liga
1478 2148 1560 2179 firma
1580 2149 1714 2179 Amicitia
1733 2148 1972 2188 Connec‘tuntur,
1988 2151 2021 2182 &
2039 2150 2118 2182 Pacis
2135 2151 2259 2190 foedus,

1206 2189 1298 2256 Atinios
1314 2188 1347 2218 &
1359 2187 1560 2256 {ranqgillims
1579 2188 1650 2218 inter
1667 2188 1780 2219 eosdem
1798 2189 1964 2226 roboratur,

1278 2236 1324 2257 inc
1342 2237 1356 2256 e
1420 2237 1459 2256 uo
1488 2249 1497 2262 ,

1245 2264 1344 2303 Cum,
1361 2236 1555 2296 Seffeniffimus
1573 2264 1607 2295 ὃς
1625 2263 1836 2296 Potentiffimus
1854 2263 2004 2303 Princeps,
2022 2265 2182 2296 Edwardus
2195 2269 2263 2298 An-

1201 2303 1264 2342 gliae
1279 2307 1356 2340 Rex,
1374 2302 1470 2333 Consa
1491 2304 1607 2333 ouineus
1626 2302 1910 2341 noster-carissimus,
1929 2313 1983 2341 pro
2002 2303 2046 2334 sua
2067 2307 2174 2336 Minore
2191 2314 2262 2336 natu

1205 2343 1278 2372 Filia
1292 2341 1405 2380 Cecilia,
1423 2343 1456 2373 ὃ(
1508 2352 1540 2372 os
1557 2351 1610 2379 pro
1627 2340 1727 2371 nostro
1740 2341 1808 2371 Filio
1826 2344 2002 2379 Primogenito
2021 2341 2058 2377 ό·
2073 2344 2189 2374 Haerede
2202 2344 2263 2383 Ja-

1204 2382 1284 2420 cobo,
1303 2381 1396 2412 adhuc
1410 2380 1629 2418 impuberibus,
1646 2381 1688 2410 ob
1703 2378 1785 2410 Pacis
1801 2379 1915 2411 Bonum
1939 2382 1973 2412 &
1998 2379 2169 2420 Regnorum
2188 2383 2264 2414 Sco-

1207 2421 1254 2451 tiae
1268 2422 1301 2452 &
1318 2419 1431 2458 Angliae
1444 2418 1629 2450 Subditorum
1645 2419 1801 2457 Quietem,
1818 2418 1960 2457 Sponialia
1973 2419 2007 2449 &
2021 2419 2147 2450 futurum
2162 2420 2266 2452 Matri-

1206 2460 1338 2489 monium
1364 2460 1435 2488 inter
1461 2457 1528 2496 ipsas
1549 2457 1656 2487 nostras
1680 2457 1796 2496 Proles,
1813 2459 1883 2488 cum
1900 2457 1934 2487 ad
1952 2457 2082 2488 AEtatem
2095 2458 2264 2496 legittimam

1205 2497 1385 2567 ξρῧῃῖᾳῌὲὲιε
1411 2497 1445 2527 &
1474 2495 1664 2527 Matrimonio
1685 2504 1891 2535 congruentem
1914 2495 2046 2528 hincinde
2066 2500 2265 2538 pervenerint,

1230 2546 1249 2566 0
1270 2544 1328 2566 iciti
1356 2545 1459 2572 umus,

1243 2574 1280 2605 Et
1295 2575 1359 2612 quia
1373 2574 1413 2604 ob
1429 2574 1456 2604 id
1473 2572 1666 2604 Sereniffimus
1682 2573 1820 2611 Princeps
1836 2583 1889 2611 pro
1907 2573 1951 2603 sua
1963 2572 2083 2612 Juniore
2092 2573 2176 2613 Filia,
2194 2574 2265 2606 No·

1207 2614 1248 2644 bis
1263 2622 1369 2644 certam
1384 2613 1519 2643 Pecuniae
1534 2611 1685 2643 Summam
1695 2634 1706 2650 ,
1728 2611 1815 2642 Dotis
1828 2614 1964 2650 nomine,
1988 2613 2077 2642 Annis
2089 2613 2196 2652 aliquot
2220 2614 2264 2644 fu-

1207 2652 1291 2690 turis,
1309 2652 1343 2682 ad
1364 2651 1452 2681 Diem
1469 2650 1600 2681 Tertium
1618 2650 1779 2689 Februarii,
1805 2651 1876 2680 infra
1891 2650 2016 2688 Burgum
2032 2650 2162 2682 nostrum
2175 2653 2211 2683 de
2226 2652 2265 2682 E-

1209 2691 1351 2729 dinburgh
1362 2714 1370 2728 ,
1389 2689 1505 2720 Solvere
1517 2689 1681 2727 Teneatur,
1705 2698 1790 2727 prout
1803 2690 1833 2719 in
1847 2688 2005 2720 Indenturis
2023 2690 2056 2720 &
2073 2689 2205 2730 Litteris,
2224 2693 2266 2722 in-

1210 2730 1247 2760 de
1263 2730 1421 2766 confectis,
1438 2727 1546 2766 plenius
1562 2728 1738 2766 continetur,

1244 2767 1357 2806 justum
1372 2768 1481 2797 videtur
1495 2767 1528 2798 ὅ(
1547 2765 1688 2803 AEquitati
1706 2775 1888 2804 congruum,
1906 2775 1936 2797 ut
1949 2766 2016 2796 dieti
2034 2766 2263 2798 Excellentislimi

1209 2805 1347 2844 Principis
1371 2806 1484 2844 Servis,
1501 2805 1536 2834 ab
1559 2804 1618 2842 ipso
1630 2829 1639 2841 ,
1664 2804 1776 2835 Partem
1798 2804 1901 2842 Dotis,
1919 2805 2030 2845 singulis
2045 2806 2150 2843 Annis,
2168 2805 2266 2836 Nobis

1209 2845 1337 2876 soluturis
1357 2868 1367 2883 ,
1392 2843 1560 2875 destinandis
1573 2866 1583 2881 ,
1606 2843 1640 2872 ad
1662 2843 1769 2881 aliquos
1783 2843 1892 2874 futuros
1908 2843 2008 2872 Annos
2022 2846 2203 2874 convenienti
2215 2845 2267 2874 Se-

1210 2886 1324 2914 curitate
1340 2884 1409 2914 insta
1424 2883 1560 2921 Regnum
1577 2881 1706 2912 nostrum
1724 2881 1896 2919 assistamus,
1913 2892 1945 2911 ac
1963 2881 2076 2911 firmum
2092 2883 2124 2913 &
2141 2881 2266 2913 stabilem

1210 2922 1339 2952 nostrum
1355 2922 1470 2953 Salvum
1484 2919 1673 2951 Conductum
1687 2920 1721 2949 ad
1734 2920 1826 2951 dictos
1845 2920 1947 2950 Annos
1963 2919 2120 2958 donemus,
2136 2922 2168 2950 δε
2183 2929 2266 2958 expe-

1209 2961 1300 2991 ditum
1315 2961 1434 2999 eisdem,
1454 2959 1566 2990 Partem
1584 2958 1672 2989 Dotis
1687 2960 1861 2996 portantibus
1876 2980 1886 2996 ,
1913 2958 2088 2996 praebeamus
2106 2958 2266 2990 Commea-

1207 3007 1270 3030 Lim

1248 3022 1426 3074 Su’scepimus
1440 3038 1525 3074 igitur
1540 3036 1573 3066 &
1595 3035 1713 3065 Tenore
1731 3034 1913 3065 Praesentium
1935 3033 2098 3072 suscipimus
2112 3035 2265 3074 quoscum—

1211 3085 1267 3113 que
1283 3076 1350 3105 dieti
1368 3075 1497 3106 cariffimi
1514 3073 1723 3111 Consanguiriei
1739 3073 1827 3103 nostri
1841 3075 1918 3110 Regis
1931 3073 2044 3111 Angliae
2059 3074 2211 3112 Subditos,
2229 3074 2265 3105 ab

1214 3114 1273 3151 ipso
1288 3124 1341 3152 pro
1357 3114 1505 3144 Solutiorie
1521 3112 1604 3142 dietae
1623 3113 1750 3143 Summae
1769 3111 1854 3142 Dotis
1870 3121 1918 3142 aut
1933 3111 2022 3143 Partis
2036 3113 2157 3151 ejusdem
2172 3113 2264 3148 fingu-

1210 3152 1242 3182 lis
1256 3152 1347 3183 Annis
1361 3150 1513 3182 mittendos
1528 3151 1562 3180 &
1581 3149 1760 3181 destinandos
1783 3150 1984 3188 (cujuscunque
2004 3150 2114 3189 Status,
2132 3149 2263 3188 Gradus,

1212 3200 1259 3221 aut
1280 3190 1462 3220 Conditionis
1486 3187 1611 3225 existant)
1637 3188 1671 3218 ad
1687 3188 1853 3220 Numerum
1873 3188 2064 3228 Qadraginta
2079 3189 2264 3219 Personarum

1213 3229 1259 3260 vel
1276 3229 1346 3259 infra
1362 3228 1497 3267 Anglicos
1522 3226 1695 3264 (dummodo
1712 3227 1821 3258 dictum
1844 3227 2013 3258 Numerum
2037 3237 2096 3257 non
2115 3228 2262 3264 excedant)

1217 3269 1248 3298 in
1263 3266 1399 3306 Regnum
1420 3266 1549 3296 nostrum
1562 3288 1572 3303 ,
1597 3275 1665 3295 cum
1688 3266 1740 3296 suis
1764 3265 1852 3303 Equis
1867 3289 1877 3304 ,
1894 3265 2048 3303 HernesiiS,
2068 3265 2181 3303 Rebus,
2199 3265 2265 3296 Bul-

1216 3307 1288 3345 geis,
1306 3306 1447 3343 Casketis,
1467 3304 1570 3342 Bonis,
1589 3304 1670 3334 Auro
1683 3304 1811 3343 Argento
1825 3313 1970 3334 monetato
1985 3305 2016 3334 &
2034 3313 2092 3333 non
2109 3313 2267 3341 monetato,

1208 3345 1372 3384 jocalibus,
1392 3344 1521 3381 Litteris,
1539 3342 1686 3381 Scripturis
1712 3342 1808 3373 clausis
1832 3343 1865 3373 &
1888 3342 1985 3379 apertis
1999 3365 2008 3378 ,
2027 3342 2207 3379 conjunfflm
2219 3344 2266 3374 vel

1212 3383 1341 3421 divisim,
1357 3393 1404 3420 pet
1418 3382 1541 3413 Terram
1556 3382 1601 3411 seu
1620 3391 1668 3418 per
1685 3380 1770 3412 Mare
1784 3389 1829 3412 aut
1846 3380 1937 3418 Aquas
1954 3380 2064 3418 dulces,
2081 3380 2158 3411 salvo
2173 3381 2207 3412 &
2224 3381 2266 3412 se-

1214 3423 1284 3452 cure
1299 3420 1440 3452 veniendo
1455 3444 1464 3458 ,
1489 3420 1596 3450 ibidem
1619 3421 1777 3457 morando,
1797 3418 1881 3448 dictas
1899 3418 2085 3448 pecuniarum
2099 3418 2231 3450 Summas
2248 3424 2264 3437 ἓ

1213 3460 1399 3499 particulatim
1412 3458 1602 3490 Numerando
1616 3481 1625 3496 ,
1641 3457 1848 3494 DeliberandO,
1864 3457 1897 3486 &
1911 3456 2058 3486 Solvendo
2067 3479 2077 3495 ,
2096 3457 2266 3494 Quirtantias

1211 3499 1247 3530 de
1260 3498 1363 3530 Solutis
1387 3497 1568 3535 Recipiendo
1578 3518 1588 3534 ,
1611 3507 1643 3527 ac
1666 3497 1699 3527 ad
1723 3496 1816 3526 Partes
1837 3504 1958 3537 proprias
1971 3516 1981 3531 ,
1997 3503 2067 3525 cum
2081 3496 2132 3526 suis
2147 3495 2256 3535 Equis,

1212 3537 1373 3574 Herneffis,
1390 3536 1505 3574 Rebus,
1524 3535 1648 3574 Bulgeis,
1665 3534 1808 3570 Kaskeri5‚
1824 3532 1908 3562 Bonis
1922 3554 1931 3569 ,
1943 3531 2107 3572 jocalibus,
2128 3534 2263 3574 Qittan-

1212 3578 1276 3614 tiis,
1295 3575 1472 3611 conjuiidiim
1487 3575 1532 3604 seu
1548 3574 1659 3604 diviiim
1695 3582 1742 3610 per
1757 3570 1878 3601 Terram
1895 3570 1939 3600 vel
1954 3580 2003 3607 per
2013 3570 2098 3602 Mare
2111 3582 2157 3604 aut
2167 3573 2263 3610 Aquas

1213 3615 1323 3651 dulces,
1341 3613 1427 3644 libere
1442 3611 1604 3642 Redeundo
1620 3634 1630 3649 ,
1655 3596 1858 3652 Revertendo,
1885 3609 1917 3639 &
1941 3607 2149 3653 Repatriando,
2163 3612 2264 3649 absque

1210 3652 1421 3691 Impedimento
1439 3650 1485 3680 vel
1509 3649 1719 3679 Perturbatione
1741 3646 1828 3677 nostri
1853 3655 1899 3678 aut
1926 3646 2077 3686 Ligiorum
2102 3649 2267 3680 nostrorum

1211 3700 1353 3758 quoriilffec
1356 3697 1641 3762 1istoiciisesffaecipimus
1658 3724 1691 3754 &
1718 3721 1886 3753 Mandamus
1901 3732 2035 3762 quatenus
2050 3725 2142 3755 dictos
2163 3724 2267 3755 cariffi-

1216 3769 1257 3798 mi
1280 3765 1487 3804 consanguinei
1508 3762 1596 3793 nosti-i
1617 3765 1694 3799 Regis
1715 3761 1827 3799 Angliae
1851 3761 2004 3801 Subditoe,
2023 3765 2052 3792 in
2064 3763 2198 3801 Regnum
2213 3774 2267 3794 rio-

1216 3806 1306 3836 strum
1325 3814 1392 3836 cum
1407 3803 1529 3833 Summis
1542 3800 1678 3839 praedietis
1695 3799 1872 3830 destinandos
1896 3802 1930 3832 &
1950 3802 2106 3831 mittendos
2118 3825 2128 3839 ,
2147 3810 2177 3832 ut
2193 3811 2266 3839 prae-

1215 3846 1354 3881 mittitur,
1374 3841 1543 3877 Veniendo,
1568 3838 1675 3868 ibidem
1698 3837 1844 3869 Morando
1861 3863 1871 3877 ,
1898 3838 2102 3870 Conversando
2116 3863 2126 3876 ,
2154 3840 2186 3870 ὅ(
2208 3839 2266 3870 Ex-

1215 3882 1383 3921 spectando,
1401 3889 1449 3919 pet
1467 3876 1661 3916 Quadraginta
1672 3875 1742 3907 Dies
1757 3875 1869 3916 singulis
1886 3877 2014 3914 Vicibus,
2034 3877 2052 3906 fi
2068 3879 2105 3906 eis
2121 3877 2266 3917 placuerit,-

1215 3931 1248 3952 ac
1261 3922 1295 3950 ad
1314 3919 1408 3949 Partes
1425 3917 1566 3955 proprias,
1589 3915 1767 3951 conjunffirn
1789 3915 1834 3946 vel
1855 3916 1963 3946 divilim
1979 3937 1987 3952 ,
2015 3924 2063 3952 per
2078 3915 2200 3946 Terram
2217 3916 2263 3948 seu

1216 3969 1266 3998 per
1285 3958 1384 3994 Mare,
1402 3965 1448 3985 aut
1460 3954 1555 3991 Aquas
1571 3953 1668 3984 dulces
1682 3976 1692 3991 ,
1719 3953 1898 3990 Redeundo,
1918 3952 2102 3984 Revertendo
2117 3976 2127 3992 ,
2151 3956 2183 3985 &
2203 3955 2271 3986 Re-

1217 3997 1361 4037 patriando
1374 4018 1384 4033 ,
1402 3993 1617 4030 manuteneatis,
1635 3993 1800 4031 protegatis,
1818 3993 1851 4022 δε
1865 3990 2033 4029 defendatis,

1259 4035 1334 4066 Non
1356 4032 1502 4064 inferentes
1521 4032 1560 4060 eis
1576 4040 1623 4061 aut
1638 4040 1739 4062 eorum
1752 4030 1852 4067 alicui,
1870 4030 1915 4060 seu
1932 4039 2067 4067 quantum
2080 4030 2110 4060 in
2125 4031 2209 4062 vobis
2225 4030 2268 4062 est

1220 4074 1256 4105 ab
1272 4074 1330 4103 aliis
1344 4072 1437 4102 inferri
1456 4070 1663 4107 permittentes,
1681 4069 1709 4099 in
1727 4068 1872 4106 persons,
1892 4067 2008 4106 Rebus,
2026 4076 2072 4099 aut
2088 4068 2270 4107 Bonis,Ma-

1221 4112 1280 4143 lum
1295 4134 1306 4150 ,
1332 4108 1496 4140 Molestiam
1510 4130 1521 4145 ,
1543 4106 1676 4146 Injuriam
1692 4131 1703 4146 ,
1720 4107 1907 4145 Violentiarn,
1924 4106 2083 4145 Arrestarn,
2100 4107 2270 4162 Dampnurn

1250 4175 1253 4177 .
2225 4155 2274 4176 au-

2285 3423 2305 3442 *
2326 3422 2380 3452 XL

2284 3462 2350 3497 843.
