2555 4266
717 214 817 266 ‘ET
882 224 1151 265 ACTA
1214 190 1694 267 PUBLICA.

0 312 126 347 Anni).
186 310 276 349 Cujus
288 310 356 341 item
373 309 441 347 Ope
455 309 486 341 fit
499 318 547 348 ut,
565 311 613 347 qui
627 310 677 341 sub
694 311 751 349 ejus
764 311 889 349 Imperio
907 311 940 341 &
958 310 1083 348 Legibus
1104 309 1200 339 vivere

19 362 105 391 1500.

0 397 61 421 ΗΜ..
84 400 112 425 7.

0 425 19 448 ἴ
39 430 109 458 XII.

1 476 66 503 755·

145 349 272 387 student,
291 358 408 380 omnem
427 348 563 386 Corporis
579 349 763 386 Voluptatem
775 354 819 380 ‘ac
841 349 1062 379 Immundiciam
1082 352 1097 364 ‘
1116 347 1198 377 facile

145 390 249 419 evitare
264 388 296 418 &
313 386 471 424 propulsare
485 388 607 426 pollini,

182 426 291 456 Exinde
307 433 438 462 praeterea
452 427 594 455 nonnullae
612 425 708 455 Urbes
721 425 871 463 peramplae
884 426 917 454 &
932 424 1060 461 pleraque
1073 423 1122 452 alia
1131 422 1198 452 Do-

145 464 251 495 micilia
264 463 410 501 praeclara,
431 474 510 503 quae,
529 473 558 494 ut
573 465 665 502 palam
682 464 741 502 est,
759 472 839 493 antea
853 462 958 492 deserta
973 462 1006 491 ὃς
1023 461 1111 503 inanis
1122 460 1200 502 Ter·—

144 513 174 533 ra
189 504 340 532 extiterunt
350 524 358 538 ‚
378 502 561 538 pulcherimae
577 502 924 539 conduntur,magnaque
938 498 1103 529 Hominum
1117 507 1200 534 copia

145 539 238 572 modo
254 540 442 570 inhabitantur
453 563 462 577 ,
1059 574 1064 579 .
1137 574 1142 578 ,

181 577 262 607 Hinc
284 588 398 615 quoque
422 578 550 608 Mundus
571 577 697 608 latissime
716 578 792 616 viget
815 583 899 613 atque
913 573 961 604 sua
975 574 1201 618 Connnuanone

146 616 290 655 pergit,&
309 626 588 654 quaecumque,quae
601 617 635 646 ad
650 617 763 645 bonurn
775 614 877 644 statum
893 613 1030 643 Hominis
1046 620 1201 650 pertinent,

147 654 199 685 ista
216 653 330 691 Copula
345 655 493 693 perdurare
509 655 668 692 censentur,

184 693 282 730 Quare
295 703 354 723 non
372 693 430 724 fine
445 692 536 723 Causa
552 691 733 722 Matrimonii
749 690 961 721 Sacramentum
971 711 980 727 ,
990 698 1048 727 quo
1056 689 1202 731 nec-quic·-

144 741 231 769 quam
245 731 388 762 honestius
402 741 494 768 neque
507 732 640 760 humanae
664 729 786 759 Naturae
809 729 1053 759 accommodatius
1077 728 1133 757 esse
1154 737 1202 756 va-

145 770 201 801 leat
210 793 218 807 ,
235 770 276 799 est
290 780 305 799 a
321 771 430 800 cunctis
448 769 618 799 Mortalibus
633 767 754 798 maxima
766 777 798 797 ac
815 767 958 805 praecipua
979 766 1098 804 quadam
1117 775 1203 795 vene-

93 831 96 834 -
148 810 256 840 rarione
270 807 446 838 Habendum
462 805 765 844 prosequendumque,

189 845 327 882 Cumque
341 847 422 884 igitur
438 843 617 874 Praedileetus
642 843 728 874 Filius
750 843 845 875 noster
866 843 1075 876 primogenitus
1091 840 1205 871 Arthic-

147 894 192 913 rus
207 884 316 915 Walliae
329 883 660 917 PRiNcEPs,Cornubiae
677 882 768 919 Dux,
785 890 866 921 atque
884 881 1000 912 Comes
1018 881 1121 919 Cestriae
1135 890 1204 910 cum

147 922 325 953 Sereniffima
341 920 474 957 Principe
490 920 622 951 Domina
636 921 794 950 Katherina
818 919 933 958 Infante
953 919 1073 958 Castellae
1096 918 1133 954 &
1156 921 1204 947 Ass

150 971 296 997 ragonum,
314 958 562 988 illustrissimorum
578 958 744 996 Principum
764 958 958 995 Hispaniarum
975 961 1049 995 Regis
1069 957 1106 992 &-
1128 960 1206 994 Regi-

151 1009 195 1029 nae
213 997 380 1028 nostrorum
401 996 686 1035 Consanguineorurn
711 996 926 1027 Cariffimorum
949 997 1042 1034 Filia,
1067 996 1206 1025 mediante

151 1034 305 1074 magnifico
327 1034 399 1065 Viro
421 1034 556 1065 Domino
581 1036 707 1065 Roderico
722 1035 886 1070 Gundisalvi
905 1035 937 1064 de
951 1034 1206 1072 Pueblajuriscon-

150 1075 242 1111 sulto,
259 1082 345 1110 atque
360 1073 505 1103 dictorum
522 1073 773 1104 Illustriffimorum
796 1073 886 1111 Regis
912 1075 944 1104 δε
964 1073 1085 1113 Reginae
1107 1072 1207 1109 Hispa—

151 1114 264 1144 niarum
278 1111 445 1149 Principum
460 1111 627 1142 Consiliario
643 1113 675 1142 &
691 1112 829 1150 Oratore,
847 1121 962 1142 necnon
979 1112 1102 1148 praefatae
1123 1110 1207 1140 Prin-

151 1151 221 1188 cipis
238 1150 423 1180 Sereniffimte
439 1154 563 1180 Dominae
577 1153 720 1180 Katcrz'nae
732 1150 922 1181 Procuratore
938 1151 1062 1188 legitime
1075 1148 1208 1186 ampliss-

150 1198 256 1225 meque
268 1188 441 1226 constituto,
461 1200 493 1219 ac
500 1189 674 1219 Potestatem
691 1190 845 1226 legitimam
861 1188 1046 1218 sufficientem
1060 1187 1207 1225 specialem

150 1228 185 1257 &
199 1226 359 1264 specificam
376 1228 412 1257 ab
426 1228 522 1257 eadem
537 1231 658 1257 Domina
674 1230 811 1256 Katerina
826 1226 858 1255 ad
875 1226 1114 1257 Contrahendum
1139 1225 1209 1255 No-

151 1267 232 1296 mine
253 1266 313 1305 ipsis
332 1276 402 1296 curn
423 1266 564 1304 pmcdfflo
581 1266 652 1296 Filio
666 1265 763 1295 nostro
779 1264 908 1294 Arthuro
924 1265 1143 1296 Matrimonium
1161 1263 1211 1293 ha·-

151 1305 253 1342 bente,
275 1306 302 1334 in
320 1303 411 1342 Eum,
429 1314 559 1342 tanquam
574 1304 658 1342 ipsam
670 1305 788 1334 eandem
805 1303 1210 1341 Principem,consentiiteam

152 1343 258 1373 habere
278 1343 305 1372 in
326 1342 478 1380 Uxorem,
494 1352 579 1380 atque
599 1352 667 1373 cum
692 1342 813 1372 Persona
832 1341 901 1372 dieti
928 1342 1050 1372 Domini
1074 1341 1213 1377 Roderici,

154 1391 248 1418 eoque
273 1381 413 1411 mediante
435 1382 467 1411 &
489 1382 586 1419 vig0re
608 1381 692 1411 distre
714 1380 858 1410 Potestatis
882 1380 936 1410 sure
956 1381 989 1410 ad
1008 1381 1065 1411 hoc
1085 1379 1211 1416 expresse

155 1418 377 1456 Consentiente,
397 1429 446 1457 per
470 1419 565 1449 Verba
586 1419 622 1449 de
640 1419 772 1449 Praesenti
788 1442 797 1457 ,
815 1417 912 1449 nostra
935 1418 1087 1448 Voluntate
1111 1419 1144 1449 δε
1165 1426 1213 1447 ex-

155 1457 250 1496 presso
264 1456 424 1494 Consensu,
443 1467 589 1496 tamquam
603 1467 669 1488 curn
687 1457 784 1488 eadem
810 1460 928 1486 Domina
950 1456 1124 1493 Katherina,
1145 1456 1214 1485 Ma-

156 1497 322 1526 trimonium
337 1496 461 1534 legitime
480 1498 664 1534 contraxerit,
682 1495 828 1534 ipsamque
842 1496 872 1525 in
887 1505 983 1526 veram
1005 1496 1162 1534 legitimam
1179 1494 1213 1524 ὃς

156 1534 341 1564 indubitatam
355 1534 488 1564 Uxorem
503 1537 630 1572 accepit,
645 1544 735 1572 quem
757 1534 872 1573 quidem
894 1533 1088 1563 Corinaeum
1112 1531 1216 1562 Matri-

156 1572 328 1607 monialem,
347 1582 376 1602 ut
391 1574 567 1609 praemittitur
584 1575 705 1610 initum,
722 1573 778 1610 ipsa
796 1571 1003 1602 Praeclariffima
1017 1571 1217 1608 PrincepsDo-

156 1614 231 1640 mina
244 1610 401 1639 Katherina
411 1610 582 1649 ,Voluntate
600 1612 633 1642 &
647 1610 792 1641 Consensu
805 1610 950 1640 dictorum
967 1608 1217 1640 Illustriffirnorum

155 1645 323 1686 Principum
343 1650 535 1688 Hispaniarum
557 1653 633 1685 Regis
655 1648 693 1684 &—
714 1651 820 1685 Reginae
843 1648 1011 1685 Acceptavit
1026 1672 1036 1687 ,
1055 1646 1217 1678 Confirma-

156 1688 217 1725 vit,
236 1688 269 1719 &
286 1687 488 1726 Auxitorisavit‚
507 1687 557 1717 sub
572 1697 607 1718 eo
624 1688 672 1725 qui
685 1687 808 1725 sequitur
824 1686 959 1725 Tenore,

190 1762 238 1794 IN
257 1763 343 1794 Dm
362 1764 550 1796 NOMINE
571 1763 709 1795 Aluan.

168 1874 170 1876 ,
195 1837 339 1876 Νοὺρνέηι
352 1845 450 1872 univer
460 1852 469 1869 ι
483 1840 563 1879 quod
578 1840 646 1871 Nos
658 1840 815 1871 Katherina
828 1842 996 1873 Patr-iesvs
1013 1838 1120 1871 Walliae
1130 1837 1219 1878 ,Du-

157 1889 242 1910 crssa
259 1880 413 1918 Cornubiae,
462 1888 619 1910 ommssa
646 1879 770 1918 Cestriae,
789 1880 912 1911 Ibit-'ans
938 1879 1059 1948 Calglellae
1078 1877 1117 1913 ό·
1138 1880 1221 1907 Ara-

155 1927 270 1956 gonum,
288 1918 360 1947 Filia
386 1918 595 1949 Altiffimotum
621 1918 654 1948 &
677 1918 941 1949 Potentiffimorum
995 1918 1134 1954 rincipum
1153 1915 1220 1945 Do-

159 1957 272 1987 minoru
323 1959 456 1987 mebi-um
475 1955 601 1987 Domini
618 1957 784 1986 Ferdinandi
796 1956 834 1992 ὠ·
849 1960 974 1987 Dominae
985 1954 1220 1986 ElizabethaeRe-

154 1997 197 2031 gis
221 1993 259 2029 &
307 1998 388 2032 eginae
411 1993 551 2033 Castellae,
569 1997 708 2031 Legionis,
726 1998 887 2033 Aragonum
903 2018 913 2033 ,
930 1995 1026 2026 Sicilia·
1039 2018 1050 2032 ,
1068 1996 1220 2028 Granatae,

157 2031 220 2068 &c.
238 2034 266 2062 in
276 2032 401 2070 Oppido
416 2033 567 2070 Majoreti,
586 2032 645 2063 Die
659 2033 846 2064 Duodecimo
869 2034 977 2064 Menfis
1004 2033 1120 2069 Martii,
1138 2032 1220 2062 Anni

157 2070 298 2109 praesentis
313 2072 347 2102 &
362 2071 526 2108 infrascripti
539 2070 697 2103 *Millesimi
721 2072 1002 2110 Qadringentefimi
1026 2070 1220 2107 Nonagefimi

158 2111 248 2148 noni,
267 2109 303 2140 de
322 2109 469 2146 Licentia,
491 2110 641 2141 Voluntate
663 2110 696 2140 &
722 2111 851 2148 expresso
874 2110 1020 2141 Consensu
1035 2109 1217 2148 praefatorum

157 2151 236 2185 Regis
257 2147 296 2182 ό»
318 2151 425 2185 Regina
449 2148 602 2179 Parentum
624 2149 658 2180 δε
685 2148 884 2179 Dominorum
905 2154 1054 2185 meorum,
1069 2147 1219 2178 Concessi-

157 2196 222 2216 mus
237 2187 270 2217 &
291 2185 434 2221 Dedimus
453 2186 579 2217 nostram
595 2187 791 2224 amplissimam
811 2188 983 2219 Facultatem
998 2188 1029 2218 &
1046 2185 1218 2217 potestatem

156 2225 284 2254 Roderico
297 2224 463 2264 Gundtfizlvi
475 2225 507 2255 de
526 2224 628 2255 Puebla
639 2225 937 2265 jurisconsultissimo,
957 2226 1073 2256 Oratori
1088 2226 1121 2256 δε
1137 2223 1221 2254 Con'-

159 2263 260 2293 filiatio
278 2265 449 2294 eorumdem
467 2266 545 2301 Regis
573 2263 612 2299 &
635 2265 750 2301 ,Reginae
780 2263 934 2296 Parentum
960 2265 995 2295 ὃς
1019 2263 1220 2294 Dominorum

159 2310 292 2336 meorum
307 2301 380 2340 apud
395 2301 607 2332 Serenisiimum
628 2302 662 2333 &
680 2302 912 2334 Potentissimum
936 2303 1099 2333 Dominum
1120 2304 1221 2332 Hem-i-

158 2342 216 2370 'cum
232 2339 345 2378 Angliae
359 2343 471 2378 Regem,-
490 2340 638 2379 videlicet,
813 2374 822 2378 Α,
888 2364 891 2366 -
989 2367 991 2370 ,

165 2406 169 2408 .
198 2378 247 2408 Ad
254 2378 427 2409 Faciendum
436 2401 447 2417 ,
467 2375 775 2418 contrabendum-que,
791 2390 844 2418 pro
860 2379 961 2410 Nobis
975 2379 1008 2410 &
1022 2378 1157 2409 Nomine
1166 2383 1221 2408 no-

161 2416 239 2454 stro,
258 2416 500 2456 Matrimonium,
515 2427 564 2455 per
578 2417 675 2449 Verba
697 2418 733 2449 de
753 2418 902 2455 Praesenti,
922 2426 985 2456 apta
1008 2417 1042 2448 &
1060 2416 1222 2448 sufficientia

159 2455 196 2490 ad
213 2454 435 2490 Matrimonium
452 2454 689 2494 Contrahendum
705 2466 775 2488 cum
788 2456 976 2487 illustrissimo
1000 2455 1136 2486 Domino
1157 2458 1220 2485 Ar-

160 2493 244 2524 thuro
258 2493 424 2529 PR1Nc1Pn
441 2493 567 2534 Wlliae,
585 2494 678 2526 Duci:
697 2495 836 2525 cornubiae
847 2518 856 2532 ‚
875 2495 1013 2525 Com-ra
1025 2494 1131 2536 Οςβνὶιε
1148 2504 1222 2532 prae-

159 2533 211 2563 fati
226 2531 398 2563 Serenisfimi
413 2532 651 2565 &Potentissimi
667 2534 779 2571 Angliae
791 2537 867 2570 Regis
882 2533 955 2563 Filio
970 2533 1165 2572 Primogenito
1187 2533 1221 2564 &

158 2569 285 2601 Haerede
299 2588 310 2609 ,·
331 2572 366 2602 &
385 2570 420 2601 ad
441 2570 650 2611 Accipiendum
670 2572 792 2603 eundem
814 2574 907 2602 Princi
924 2583 965 2603 em
987 2572 1146 2601 Arthurum
1166 2580 1222 2608 pro

158 2608 234 2639 Viro
252 2609 354 2645 nostro
369 2609 529 2646 legittimo,
550 2611 583 2641 &
601 2609 832 2641 Promittendum
851 2611 884 2641 &
936 2610 1041 2640 andum
1057 2612 1117 2640 Nos
1128 2609 1220 2641 eidem

156 2646 348 2677 Illustrissimo
365 2649 483 2686 Principi
500 2648 630 2679 Arthuro
649 2659 701 2686 pro
721 2649 752 2679 U
756 2659 824 2680 xore
841 2649 887 2679 sua
904 2649 1028 2686 legitima
1041 2672 1052 2686 ,
1077 2650 1111 2680 &
1128 2649 1163 2682 ad
1181 2648 1221 2679 fa-

158 2685 293 2716 ciendum
312 2685 447 2715 Nomine
463 2685 562 2717 nostro
579 2688 677 2718 omnia
694 2687 745 2718 alia
763 2689 797 2720 &
813 2686 915 2726 singula
929 2687 1080 2718 neceffaria
1093 2688 1131 2719 ⁴&
1149 2696 1219 2717 con-

157 2725 301 2765 yenientia
319 2724 353 2754 ad
372 2724 514 2761 integrum
532 2724 670 2759 effestum
689 2727 723 2757 &
741 2726 947 2763 perfectionem
972 2726 1041 2758 dieti
1062 2724 1220 2756 Matrimo-

157 2763 200 2792 nii
216 2785 226 2800 ,
253 2771 338 2799 prout
360 2762 492 2799 praedit‘ta
510 2762 586 2794 Data
603 2764 635 2794 δε
654 2764 798 2795 Concessa
816 2765 868 2794 fuit
886 2763 1026 2801 praediCro
1044 2764 1168 2793 Roderico
1186 2765 1219 2794 &

157 2801 210 2835 alia
228 2799 308 2831 latius
326 2802 488 2831 continetur
507 2802 535 2830 in
555 2802 759 2833 Procuratione
778 2804 811 2833 δε
831 2802 973 2832 Potestate
990 2812 1055 2840 qnae
1074 2812 1127 2839 pro
1146 2811 1222 2840 prae-

158 2839 242 2907 dffcis
260 2848 309 2875 per
327 2839 396 2870 Nos
412 2839 580 2879 Gundzsalvi
599 2841 632 2870 de
650 2840 754 2870 Puebla‘
772 2840 833 2872 Die
851 2840 939 2872 Loco
958 2842 992 2873 &
1010 2841 1099 2871 Anno
1121 2849 1222 2878 praeta-

160 2882 179 2908 c
193 2887 229 2913 is,
298 2908 301 2911 ,
435 2907 439 2911 ,
593 2906 615 2912 ,7
645 2905 649 2908 ,
664 2903 667 2906 .
716 2882 727 2912 ᾗ
878 2902 882 2907 .
917 2904 918 2909 ,
1004 2903 1022 2909 ..
1089 2911 1092 2913 ,

198 2914 236 2945 Et
254 2913 406 2952 postquam
427 2914 570 2946 Dedimus
586 2916 620 2947 &
639 2914 840 2946 Concesfimus
864 2915 972 2947 dictam
997 2916 1172 2948 Potestatem
1188 2918 1222 2948 δε

160 2947 334 2984 ‘facultatem
354 2963 406 2990 pro
422 2953 561 2991 praedicTto
582 2952 775 2983 Matrimonio
805 2954 987 2985 conficiendo
1000 2979 1010 2994 ,
1035 2965 1095 2985 non
1118 2954 1222 2986 Revo-

160 2993 290 3022 cavimus
315 2989 415 3030 illam,
441 3001 534 3036 neque
560 2991 630 3021 Nos
654 2992 791 3029 poenituit
817 3002 879 3021 eam
897 2992 1098 3032 Concessisse,
1124 2994 1220 3023 immo

104 3052 106 3054 »
159 3029 271 3068 {semper
296 3030 536 3062 Perseveravitnus
564 3031 598 3061 ὅ(
624 3028 835 3061 Perseveramus
851 3031 880 3060 in
899 3031 1002 3063 eodem
1019 3031 1171 3070 Proposito
1186 3032 1220 3062 &

14 3374 34 3395 ⁴*
53 3366 124 3406 xil.

160 3065 316 3099 Voluntate
543 3098 548 3101 ,
604 3090 607 3092 -
722 3091 725 3094 -
1184 3098 1187 3100 .

197 3106 287 3144 Cujus
304 3091 517 3137 P'roc'urationis
536 3106 569 3136 &
588 3105 738 3137 Potestatis
756 3106 860 3137 nostrae
877 3105 982 3139 virtute
1006 3106 1138 3146 praefa‘tus
1163 3111 1217 3138 Ro-

156 3143 257 3173 dericus
277 3143 446 3183 Gundesalvi
471 3146 502 3175 de
523 3144 625 3178 Puebla,
643 3145 815 3176 Procurator
833 3147 931 3177 noster
943 3170 954 3185 ,
980 3147 1057 3185 Die,
1076 3147 1160 3177 Loco
1184 3148 1218 3178 &

158 3177 250 3219 Anno
264 3183 379 3213 inferius
395 3184 551 3221 contentis,
570 3184 649 3214 Fecit
662 3184 696 3214 &
711 3182 861 3220 Contraxit
877 3185 1011 3216 Nomine
1025 3184 1124 3223 nostro
1141 3186 1174 3216 ἃ
1188 3187 1217 3215 in

159 3220 314 3251 Personam
327 3220 450 3251 nostram
466 3222 688 3253 Matrimonium
703 3220 818 3251 firmum
834 3224 867 3254 δε
881 3224 1004 3254 validum
1018 3233 1084 3254 cum
1100 3224 1217 3260 praefato

159 3259 348 3290 Illustrisfimo
365 3258 501 3291 Domino
513 3260 644 3290 'Arthuro
661 3259 827 3291 PRIN'CIPE
851 3261 975 3300 Walliae,
994 3261 1090 3292 Dum:
1114 3266 1217 3291 Cornu-

161 3298 230 3336 biae,
247 3297 386 3328 Cosiri-E
410 3298 536 3338 Cestriae,
555 3298 644 3329 Vino
665 3299 698 3329 δε
720 3298 866 3329 Domino
884 3309 978 3338 meo,
995 3311 1044 3339 per
1066 3299 1160 3330 Verba
1181 3301 1216 3331 de

160 3337 306 3374 praesenti,
326 3335 548 3366 Matrimonium
570 3337 698 3368 facientia
720 3337 874 3367 secundum
893 3339 994 3369 Ritum
1017 3340 1050 3369 ὅ(
1074 3337 1215 3368 Ordinem

161 3375 275 3405 Santstae
298 3374 440 3404 Romanae
462 3374 595 3405 Ecclefiae
612 3399 622 3414 ,
651 3384 719 3406 cum
740 3375 876 3406 omnibus
900 3376 1128 3407 Solemnitatibus
1148 3378 1182 3408 &
1200 3382 1215 3394 *

160 3412 336 3443 Cerimoniis
359 3413 394 3443 ab
415 3412 470 3449 ipsa
492 3412 627 3443 Romana
649 3413 775 3444 Ecclesia
800 3415 939 3444 canonice
962 3415 1066 3445 statutis
1084 3413 1118 3444 δε
1136 3416 1170 3444 ad
1188 3415 1215 3445 id

160 3451 333 3489 neceffariis,
351 3461 437 3489 prout
449 3451 511 3482 haec
527 3452 561 3481 &
573 3451 622 3482 alia
635 3451 713 3482 latius
726 3453 905 3482 continentur
919 3454 946 3482 in
961 3453 1151 3485 Instrumento
1158 3452 1216 3484 Pu-⁴

162 3489 241 3520 blico
252 3489 318 3520 inde
331 3489 484 3529 confecto,
503 3489 581 3529 quod
598 3489 639 3520 est
652 3490 777 3521 Tenotis
791 3490 944 3530 sequentis,

194 3568 242 3600 IN
261 3568 344 3601 Dar
361 3569 543 3602 Nosimt'.
562 3565 696 3602 Amen.

154 3646 383 3719 &Ptgrlgroateserr‘is
396 3646 551 3714 Plukcillicum
565 3646 788 3681 Instrumentum
807 3648 917 3680 cunetis
931 3657 1060 3687 appareat
1067 3649 1211 3681 evidenter

192 3697 280 3766 Aln-no
293 3734 309 3754 a
318 3694 484 3753 υΝεένίῗεῐέ
498 3722 623 3767 Domini
638 3723 792 3767 Millefimo
801 3748 811 3762 ,
822 3723 1110 3763 Quadringentesimo
1119 3749 1128 3763 ,
1138 3725 1208 3756 No—

154 3759 1206 3832 3³⁶³&anssssss’thfiiffmMiihssoeffssffnffiissssn⁰tici3⁶iffiuiff⁰ffiff

153 3810 352 3875 Pe‘nligggstes,
367 3838 396 3867 in
417 3836 531 3874 Capella
551 3822 644 3868 si’tuata
669 3809 740 3868 inpfra
766 3810 937 3873 Manerititn³
954 3837 1127 3870 Illustrisfimi
1143 3813 1206 3870 Dof

154 3877 228 3905 mini
252 3875 376 3907 Arthuri
396 3874 567 3906 Pruncrms
588 3875 696 3904 Walliae
713 3898 722 3913 ,
748 3875 852 3906 Ducrs
877 3877 1014 3905 cornubiae
1030 3892 1041 3914 ,
1057 3877 1204 3909 Comi-ts

153 3913 261 3953 Cefl-riae
276 3938 286 3952 ,
303 3925 336 3945 ac
360 3914 547 3952 Primogeniti
574 3913 803 3944 Excellentiffimi
824 3915 857 3944 &
881 3913 1060 3945 Invic’tisfimi
1082 3916 1205 3947 Domini

155 3955 267 3981 Henrici
277 3955 353 3990 Regis
367 3951 479 3989 Angliae
491 3950 529 3986 ὠ·
543 3954 664 3980 Franciae
677 3950 716 3986 &
729 3954 841 3981 Domini
852 3952 1008 3990 Hibernia,
1025 3953 1153 3985 situatum
1170 3957 1203 3986 δε

152 3991 278 4021 locatum
294 4000 381 4027 prope
394 3990 525 4028 Opidum
540 3990 575 4019 de
599 3989 761 4027 Bewedelay
782 3991 810 4019 in
835 3990 969 4020 Dioecese
989 3990 1206 4031 Herefordensi,

152 4030 182 4059 in
196 4027 341 4058 Praesentia
364 4029 420 4058 mei
433 4028 466 4059 N
469 4029 549 4059 orarii
564 4027 676 4058 Publici
692 4028 724 4057 &
741 4027 873 4058 Testium
886 4028 1142 4070 infiascriptorum,

191 4065 369 4095 Personaliter
391 4066 534 4097 constituti
559 4069 672 4096 fuerunt
702 4066 831 4102 praefatus
861 4065 1058 4098 Illustriffirnus
1075 4069 1205 4098 Dominus

152 4106 277 4172 Prisssss
284 4101 530 4173 ,IocPDlagviffimus
546 4104 696 4135 Dominus
715 4103 855 4134 Rode-ricus*
870 4103 1037 4144 Gundefialvi
1056 4105 1089 4136 de'
1104 4107 1207 4138 Puebla

2223 224 2296 283 '153

1237 306 1469 348 jurisconsultus,
1487 310 1667 341 Consiliarius
1689 312 1722 343 δε
1750 311 1852 344 Orator
1876 312 2123 345 Sereniffirnorum
2148 313 2282 345 Domino
2314 311 2388 341 Arm
2400 308 2445 341 D

1243 354 1307 373 rum
1326 346 1488 386 Principum
1504 349 1630 380 Domini
1643 351 1807 380 Ferdjnandi
1821 351 1858 386 ὠ·
1875 355 1998 382 Dominae
2022 353 2196 383 Elizabethae
2219 356 2293 390 Regis
2335 358 2420 387 1500·

1244 381 1282 416 ὠ
1302 386 1408 420 Reginae
1431 386 1568 426 Castellae,
1587 392 1727 426 Legionis,
1744 393 1918 427 Aragonum,
1938 391 2050 429 Sicilia,
2065 395 2215 430 Gramatae,
2234 391 2293 426 &c.
2314 393 2373 416 Hm·
2393 394 2419 423 72⁴

1244 429 1276 449 ac
1289 419 1459 464 Procurator
1473 426 1610 461 legitimus
1626 427 1814 457 Serenisfimae
1834 427 2134 468 Excellentissimaeque
2159 430 2295 459 Dom‘mae

1246 456 1552 504 Dominae'l-(aterinae
1575 465 1756 500 praefatorum
1779 465 2024 497 Sereniffimorum
2047 471 2123 505 Regis
2141 467 2297 504 &Reginae

1244 495 1321 539 Ezltae
1334 499 1493 535 Legztrmae,
1510 502 1545 529 ad
1558 501 1791 533 Contrahendum
1810 503 2030 535 Matrimonium
2049 516 2097 536 ver
2105 515 2149 535 am
2173 506 2205 536 &
2227 507 2298 542 legi-

1245 542 1365 578 ttmum,
1382 545 1430 572 per
1444 537 1538 581 Verba
1554 539 1587 568 de
1605 539 1748 579 Presenri,
1767 543 1837 571 inter
1856 543 1941 581 ipsam
1956 545 1989 574 &
2006 543 2220 574 Hlustriffimum
2231 543 2298 573 Do-

1245 582 1356 602 minum
1382 576 1527 602 Dommum
1541 576 1696 607 Arthurum
1711 580 1875 608 antedfflum
1900 580 1923 610 P
1934 590 1956 610 R
1969 591 1979 610 t
1989 590 2012 611 N
2021 592 2055 611 cr
2069 591 2085 611 Ρ
2095 592 2112 612 Ε
2127 591 2151 612 M
2170 581 2298 620 Walliae,

1247 610 1278 640 D
1289 620 1311 640 U
1320 621 1336 641 c
1346 621 1364 655 ῖς
1375 620 1403 642 M
1422 612 1561 641 Cornubiae
1571 635 1579 649 ,
1599 613 1627 642 C
1636 623 1653 643 ο
1665 624 1688 644 ,η
1700 626 1710 645 r
1719 626 1741 644 τ
1753 627 1770 646 E
1782 626 1807 646 M
1829 618 1934 657 Cesti-ire
1949 619 2098 655 specialiter
2114 621 2299 658 constitutus,

1248 648 1339 680 Prout
1354 660 1381 679 in
1398 649 1592 681 Instrutnento
1609 651 1816 684 Procurationis
1832 657 1945 686 inferius
1961 659 2062 688 inserto
2077 659 2183 696 plenius
2206 660 2298 690 conti-

1247 695 1329 717 netur
1339 711 1348 725 ‚

1285 726 1434 763 Necnon,
1453 727 1614 757 Reverendi
1636 729 1664 756 in
1685 726 1801 758 Christo
1822 730 1931 769 Patres,
1947 725 2095 764 Dominus
2119 734 2302 773 Willielmus,

1249 762 1436 796 Permiffione
1450 765 1560 796 Divina
1574 765 1765 806 Lincolnienfis
1780 769 1832 803 Epi
1847 776 1917 804 chur
1932 770 2081 802 Praesidens
2097 772 2302 803 Conciliidiiti

1250 800 1424 832 Illusttissrmi
1442 803 1564 834 Domini
1582 803 1740 842 Principis,
1757 806 1790 835 ὃς
1832 804 1963 845 ohannes,
1980 811 2076 840 eadem
2103 810 2303 850 Permissione,

1250 840 1461 872 Coventrienfis
1474 843 1505 873 δε
1526 842 1722 873 Lichfeldensis
1732 842 1885 881 Episcopus
1894 843 2079 877 Cancellarius
2090 848 2212 879 Domini
2225 850 2305 880 Prin·-

1249 880 1335 917 cipis,
1351 880 1425 911 clara
1439 881 1471 911 &
1486 881 1539 911 alta
1554 889 1628 912 voce
1642 880 1710 912 dixit
1727 883 1758 912 ὃς
1773 882 1803 911 in
1818 882 1944 912 medium
1959 886 2093 923 protulit,

1286 955 1460 996 Illuſtriffime
1474 955 1511 992 ὠ·
1522 957 1746 998 ExcellentiJJime
1759 960 1883 996 Princeps
1896 956 1934 992 όν
1947 961 2062 989 Domine
2071 982 2081 999 ,

1275 995 1364 1037 .N0¹³
1387 1006 1439 1026 vos
1461 997 1494 1027 δε
1517 995 1699 1027 Consiliarios
1724 996 1831 1027 vestros
1850 999 1916 1027 latet
1931 998 1988 1027 tam
2008 998 2108 1028 Literis
2125 997 2212 1038 Regis
2225 1001 2309 1032 Sere:

1251 1033 1355 1063 nrflimi
1372 1034 1495 1064 Domini
1514 1035 1602 1064 nostri
1620 1034 1766 1065 Genitoris
1789 1035 1891 1072 vestri,
1912 1045 1979 1072 quas
2001 1035 2145 1066 Hesterno
2169 1036 2225 1068 Die
2251 1039 2308 1069 Ve-

1252 1072 1383 1102 nerabilis
1395 1072 1540 1102 Dominus
1549 1072 1663 1103 Βοᾶοτ
1670 1073 1801 1103 Ricardur
1810 1076 1873 1103 Nic.
1882 1076 1931 1111 qui
1944 1074 2021 1104 adest
2032 1098 2041 1111 ,
2051 1075 2231 1106 Coniiliarius
2240 1087 2311 1114 prae-

1252 1109 1301 1140 fati
1320 1110 1489 1141 Serenisfimi
1506 1110 1597 1148 Regis
1611 1111 1735 1142 Domini
1748 1111 1835 1141 nostri
1849 1113 1955 1149 attulit,
1973 1114 2036 1142 tum
2049 1115 2134 1144 etiam
2150 1116 2230 1145 dieto
2246 1115 2312 1145 Doa‘

1254 1149 1336 1178 mino
1352 1148 1483 1180 Doitore
1501 1149 1643 1180 Mandato
1657 1149 1752 1188 Regio
1768 1149 1868 1180 Nobis
1882 1149 2033 1187 referente,
2051 1152 2166 1190 qualiter
2186 1153 2312 1183 Serenis·

1255 1186 1338 1216 fimus
1354 1186 1498 1218 Dominus
1510 1188 1635 1218 Genitor
1649 1188 1740 1219 vester
1755 1190 1788 1220 &
1804 1188 1950 1219 Dominus
1963 1189 2059 1220 noster
2076 1191 2228 1228 Supremus
2244 1193 2315 1223 affe-

1255 1225 1311 1255 &at
1326 1226 1360 1256 δε
1376 1226 1530 1262 plurimum
1544 1226 1677 1257 defiderat
1694 1226 1917 1257 Matrimonium
1941 1227 2131 1258 indissolubile
2153 1240 2202 1266 per
2219 1230 2313 1261 Verba

1256 1263 1293 1293 de
1308 1263 1439 1294 Praesenti
1454 1266 1526 1295 inter
1540 1264 1721 1295 Serenitatem
1735 1264 1857 1295 vestram
1879 1267 1913 1297 &
1927 1263 2139 1296 Illustriffimam
2158 1267 2310 1305 Virginem

1257 1301 1419 1332 Dominam
1433 1305 1597 1332 Katerinam
1611 1303 1746 1340 Sponsam
1761 1302 1882 1333 vestram
1897 1303 1999 1333 Filiam
2010 1303 2313 1337 Excellentiffirnorum

1257 1339 1382 1378 Regir&
1399 1343 1506 1378 Reginae
1521 1341 1717 1380 Hispaniarum
1729 1341 1787 1372 fieri
1805 1342 1838 1372 δε
1861 1343 2008 1380 contrahi,
2026 1353 2058 1373 ac
2078 1353 2141 1374 earn
2166 1345 2207 1374 ob
2235 1345 2313 1376 Cau—

1258 1379 1314 1408 sam
1330 1378 1493 1411 Dominum
1509 1381 1651 1409 Doclorem
1665 1381 1698 1409 de
1713 1379 1832 1418 Puebla,
1851 1382 2037 1418 praefatorurn
2053 1381 2250 1413 Dominorum
2261 1387 2315 1414 Re-

1257 1421 1296 1454 gis
1316 1416 1354 1451 ὠ·
1370 1419 1475 1453 Reginae
1497 1418 1692 1456 Hispaniarum
1714 1418 1909 1456 Auitoritate,
1928 1419 2111 1458 praesentem,
2130 1420 2195 1458 post
2216 1431 2260 1452 ma
2281 1433 2314 1455 na

1260 1457 1372 1485 viarum
1398 1456 1554 1486 discrimina
1569 1479 1579 1494 ,
1603 1467 1671 1486 curn
1696 1456 1845 1487 sufficienti
1875 1456 2086 1488 Commiffione
2112 1459 2145 1489 &
2174 1458 2246 1489 Min
2267 1471 2316 1492 ato

1261 1493 1461 1561 procursatorro
1475 1495 1554 1532 ipiius
1574 1494 1762 1525 illustrissimae
1771 1494 1896 1532 Virginis
1909 1499 2025 1525 Domine
2036 1498 2182 1527 Katerinae
2195 1499 2254 1530 huc
2267 1501 2316 1530 ad-

1261 1532 1358 1562 ventas
1372 1542 1387 1562 e

1298 1555 1436 1601 Praeteiea
1450 1569 1636 1610 Cclfitudinem
1657 1579 1733 1600 tuam
1752 1580 1812 1601 non
1832 1574 1955 1609 praeterit
1975 1572 2187 1604 Sanctiffimutn
2211 1574 2319 1607 Domi-

1263 1619 1333 1639 num
1359 1609 1489 1639 nostrum
1513 1612 1615 1647 Papam
1638 1609 1832 1638 Alexandrum
1855 1612 2025 1641 modernum
2049 1613 2166 1642 Tecum
2188 1614 2222 1644 δί
2250 1625 2319 1646 cum

1262 1647 1375 1686 praefata
1395 1647 1571 1678 Sereniffima
1593 1650 1712 1677 Domina
1733 1650 1869 1676 Katers'na
1891 1659 1940 1686 ut,
1956 1659 2015 1679 non
2037 1650 2167 1681 obstante
2193 1654 2272 1690 quod
2288 1655 2319 1684 in

1263 1685 1364 1716 AEtate
1383 1685 1505 1725 legitima
1526 1685 1670 1716 constituti
1693 1695 1752 1715 non
1773 1686 1862 1716 effetis
1878 1710 1887 1723 ‚
1909 1686 2131 1717 Matrimonium
2154 1699 2201 1726 per
2226 1691 2319 1723 Verba

1264 1725 1301 1755 de
1317 1724 1450 1792 Pfffsemi
1462 1724 1629 1756 contrahere
1645 1725 1770 1763 valeam,
1789 1724 1824 1755 de
1834 1723 2009 1764 Benignitate
2021 1725 2067 1757 sua
2075 1726 2242 1764 Apostolica
2251 1728 2320 1760 Dis-

1285 1773 1350 1795 ensa
1373 1773 1406 1800 e,
2116 1789 2119 1791 >

1264 1774 1283 1802 p
1303 1802 1451 1839 Qiocirca
1466 1800 1714 1839 (Excellentiffime
1730 1800 1876 1839 Princeps)
1893 1802 1940 1832 Te
1952 1802 2094 1833 humiliter
2111 1803 2265 1841 Rogamus
2286 1807 2320 1838 δε

1266 1839 1455 1871 Obsecramus
1467 1849 1496 1870 ut
1509 1839 1577 1878 quid
1589 1840 1620 1870 in
1635 1840 1692 1870 hoc
1710 1839 1899 1870 Matrimonio
1913 1839 2120 1872 Contrahendo
2133 1842 2213 1873 sentis
2226 1845 2320 1875 decla:

1265 1889 1341 1917 rare,
1361 1878 1551 1917 Mentemque
1564 1886 1643 1909 tuatn
1654 1877 1797 1916 superinde
1814 1879 1927 1916 publice
1941 1881 2096 1917 exprimere
2111 1880 2248 1921 digneris,

1305 1956 1420 1994 Quibus
1436 1965 1485 1993 per
1501 1955 1649 1993 praefatum
1665 1943 1852 1985 Reverendum
1869 1955 2022 1994 Epifiopum
2038 1956 2132 1987 Distis
2147 1957 2304 1990 &Prolatis

1265 1996 1423 2073 {iggdffigsj
1437 1993 1635 2026 Illustriffimus
1650 1993 1783 2033 Princeps
1799 1994 1853 2025 alta
1867 1995 1900 2025 &
1913 1994 1986 2025 clara
2003 1994 2085 2026 Voce
2098 1996 2214 2034 protulit
2226 1997 2303 2029 Verb

1284 2139 1289 2144 ,
1304 2109 1450 2151 Clariffime
1465 2112 1579 2141 Domine
1595 2113 1716 2147 Orator,
2146 2132 2149 2134 -

1304 2150 1398 2188 Quod
1410 2149 1570 2180 Beatiffimo
1590 2159 1623 2180 ac
1639 2146 1820 2180 sanetiffirno
1837 2146 1909 2178 Patri
1925 2147 2025 2178 nostro
2048 2148 2175 2190 Pontifici
2197 2153 2325 2182 Maximo

1267 2188 1301 2220 &
1320 2187 1501 2219 Sereniffimis
1521 2187 1685 2218 Parentibus
1708 2190 1778 2216 meis
1799 2186 1857 2216 hoc
1875 2185 2096 2217 Matrimonium
2120 2189 2248 2218 contrahi
2267 2191 2324 2227 pla-

1267 2227 1343 2264 cuit,
1358 2227 1439 2257 laetor
1452 2226 1585 2264 equidem
1599 2227 1631 2257 ὃς
1645 2224 1884 2265 gaudeo‚nedum
1899 2234 2012 2264 propter
2021 2224 2220 2256 Obedie‘itiam
2236 2237 2322 2265 quam

1266 2265 1318 2295 illis
1330 2265 1438 2302 debeo,
1457 2265 1560 2295 verum
1576 2266 1662 2295 etiam
1676 2271 1792 2302 propter
1811 2262 1957 2293 summum
1981 2263 2122 2294 Amorem
2144 2275 2161 2302 q
2174 2275 2228 2294 .e:n
2251 2276 2319 2303 erga

1267 2303 1474 2334 Sereniffimam
1497 2303 1658 2333 Dominam
1678 2301 1874 2338 Principissam
1905 2303 2072 2332 Katerinam
2093 2302 2218 2341 Sparfizm
2235 2314 2322 2334 meam

1267 2341 1469 2381 Dilet‘liffimam
1482 2342 1591 2379 habeo,
1934 2372 1937 2373 γ

1271 2407 1275 2410 .
1303 2380 1466 2411 Contentor
1482 2379 1704 2410 Matrimonium
1720 2378 1794 2408 inter
1806 2376 1892 2414 ipsam
1908 2379 1942 2409 ὃς
1959 2378 2013 2409 Me
2029 2377 2180 2410 Hodierno
2190 2381 2250 2411 Die
2258 2384 2323 2419 perss

1266 2419 1330 2458 fici,
1346 2419 1380 2450 &
1400 2419 1507 2449 idcirco
1525 2428 1577 2448 vos
1600 2415 1758 2456 (Clariffime
1781 2419 1896 2446 Domine
1916 2416 2031 2454 Orator)
2049 2417 2232 2450 vehementer
2244 2420 2324 2451 obse-

1265 2467 1317 2495 cto
1329 2459 1363 2489 ὃ(
1376 2467 1448 2496 opto
1457 2482 1467 2496 ‚
1484 2465 1516 2487 ut
1531 2456 1667 2487 Nomine
1680 2455 1762 2492 ipsius
1776 2454 1917 2485 Dominae
1931 2455 2092 2495 Principrffae
2107 2458 2250 2488 Katerinae
2273 2469 2323 2489 ve-

1266 2506 1330 2527 rum
1354 2497 1440 2526 hodie
1468 2505 1584 2525 mecum
1613 2494 1835 2524 Matrimonium
1857 2516 1867 2532 ‚
1897 2493 2039 2524 mediante
2069 2494 2164 2525 Santiti
2200 2496 2321 2534 Spiritus

1267 2534 1385 2572 Gratia,
1400 2533 1589 2565 indissolubile
1611 2531 1774 2573 perficiatis,
1793 2532 1857 2570 quia
1879 2531 1913 2562 ad
1938 2532 1996 2563 hoc
2017 2532 2079 2563 sum
2103 2532 2168 2572 Ego
2186 2533 2323 2566 Paratiffi-

1266 2583 1339 2604 mus.

1302 2650 1417 2689 Quibus
1431 2653 1481 2688 per
1492 2636 1640 2687 praesatum
1653 2646 1924 2691 Excellentislimum
1945 2648 2110 2686 Principem
2133 2649 2262 2688 prolatis,
2281 2652 2324 2680 in-

1265 2690 1430 2758 ῗὶἳὲἑῐίεὲἱιὲὲ
1437 2688 1527 2765 dietus
1543 2686 1719 2718 Clarissimus
1731 2685 1878 2717 Dominus
1886 2687 1989 2716 DoHor
2002 2687 2034 2716 de
2046 2685 2147 2717 Puebla
2161 2689 2286 2727 prorupit
2294 2691 2323 2719 in

1305 2804 1324 2824 ²¹*
1344 2788 1505 2842 &erengffime
1519 2800 1557 2836 (ἐν
1570 2782 1794 2840 Excellenttffime
1808 2803 1931 2839 Princeps
1945 2800 1983 2836 ῤ’
1996 2790 2126 2840 Domine,

1304 2880 1396 2918 Qiod
1410 2878 1615 2909 Celsitudinem
1626 2886 1703 2907 tuam
1718 2877 1752 2907 ad
1773 2878 1831 2907 hoc
1851 2875 2052 2914 perficiendum
2076 2876 2320 2917 Matrimonium,

1267 2921 1377 2957 utrique
1391 2916 1518 2948 vestrum
1530 2914 1862 2954 honorificentiffimum,
1883 2923 2049 2952 promptum
2070 2924 2253 2954 paratumque
2277 2918 2320 2947 vi-

1266 2957 1320 2987 deo
1330 2980 1339 2994 ,
1356 2967 1417 2986 non
1432 2954 1545 2992 possum
1561 2963 1622 2983 non
1636 2953 1773 2983 mediocri
1787 2951 1862 2982 affici
1879 2952 2000 2989 gaudio,
2021 2953 2171 2990 praesertim
2187 2963 2252 2984 curn
2263 2955 2319 2986 La-

1265 2995 1369 3025 borum
1392 3001 1523 3024 meorum
1547 2991 1666 3022 Frustus
1682 2993 1742 3029 jam
1762 2991 1791 3020 in
1814 2990 1907 3020 lucem
1925 2991 2082 3028 prodeunt,
2102 2990 2320 3023 Celsrtudinem-

1265 3043 1320 3071 que
1332 3042 1408 3063 tuam
1423 3031 1574 3069 intelligere
1588 3030 1675 3060 velim
1692 3039 1755 3066 me,
1776 3028 1911 3059 Nomine
1924 3029 2060 3059 Dominae
2076 3039 2148 3060 meae
2170 3029 2317 3061 Illustriffi-

1265 3082 1321 3102 mae
1335 3073 1368 3103 &
1383 3068 1628 3101 Excellentissimae
1644 3067 1779 3105 Principis
1796 3070 1920 3097 Domine
1932 3069 2075 3097 Katerinae
2089 3068 2192 3107 Sponfie
2205 3077 2274 3108 tuae,
2284 3070 2319 3100 ad

1262 3110 1423 3148 hujusmodi
1438 3106 1639 3145 perficiendum
1648 3105 1869 3136 Matrimonium
1887 3115 1949 3136 non
1963 3107 2057 3137 minus
2070 3116 2103 3137 ac
2117 3106 2319 3139 Celfitudinem

1264 3158 1341 3180 tuam
1355 3147 1530 3185 Promptum
1543 3153 1574 3175 ac
1587 3143 1727 3174 Paratum.

1301 3225 1373 3264 Qo
1385 3224 1462 3255 facto
1476 3222 1622 3253 Domitius
1639 3220 1746 3252 Orator
1761 3220 2080 3259 antedictusssequifitm
2093 3231 2107 3251 a
2124 3222 2241 3259 praefato
2250 3221 2315 3252 Do-

1264 3267 1344 3295 mino
1366 3262 1540 3293 Reverendo
1561 3259 1704 3299 Episcopo
1724 3259 1900 3289 Cancellario
1922 3270 1957 3289 an
1983 3260 2151 3290 Mandatum
2175 3260 2315 3291 sufficiens

1260 3304 1295 3333 ad
1311 3303 1368 3332 hoc
1384 3299 1501 3331 habuit?
1520 3298 1601 3329 Idem
1617 3298 1721 3328 Orator
1737 3297 1961 3334 Procuratorque
1974 3297 2116 3334 quoddam
2133 3298 2313 3329 Procuratio-

1259 3343 1300 3371 nis
1315 3340 1466 3370 Publicum
1483 3337 1702 3367 lustramentum
1712 3359 1721 3373 ,
1741 3335 1830 3365 Manu
1848 3336 1960 3372 propria
1974 3335 2054 3372 ipiius
2072 3339 2194 3365 Dominae
2209 3339 2315 3366 Princi-

1254 3384 1298 3417 pis
1311 3382 1454 3409 Katerinae
1471 3375 1692 3412 Constituentis‚
1712 3376 1744 3405 ὅ(
1759 3374 1875 3413 proprio
1889 3373 1938 3402 suo
1951 3373 2065 3411 Sigillo,
2083 3375 2111 3403 in
2127 3374 2246 3411 quadam
2262 3374 2310 3405 Pi-

1259 3418 1320 3448 xide
1347 3417 1452 3455 Lignm
1472 3414 1611 3452 pendente
1630 3413 1752 3448 incluso,
1770 3411 1858 3441 Viridi
1880 3409 2007 3441 Cordula
2029 3412 2122 3442 Serica
2137 3422 2264 3452 annexo,
2281 3422 2313 3444 ut

1259 3457 1402 3496 apparuit,
1421 3453 1613 3489 Subscriptum
1626 3453 1658 3482 ἃ
1675 3451 1845 3489 Sigillorum,

1295 3493 1387 3533 Qod
1402 3493 1515 3530 quidem
1530 3490 1753 3526 instrumentum
1767 3488 1894 3526 praefatus
1902 3486 2017 3530 1)οᾷοτ
2033 3487 2182 3518 Richardus
2196 3491 2260 3519 Nic.
2277 3491 2307 3520 in

1255 3530 1368 3572 publica
1383 3531 1516 3562 omnium
1529 3528 1686 3559 Astantium
1701 3527 1846 3558 Praesentia
1861 3526 1893 3556 &
1904 3525 2053 3556 Audienda
2067 3526 2199 3558 distinete
2215 3529 2247 3560 &
2263 3528 2307 3558 son

1258 3573 1330 3602 nore
1347 3571 1412 3600 leoir
1428 3579 1431 3582 ·

1291 3591 1486 3647 Cuju50Te⁷no½
1505 3606 1536 3635 de
1548 3604 1631 3634 verbo
1645 3604 1685 3632 acl
1697 3602 1828 3639 verbum,
1858 3604 1963 3641 equitur
1973 3625 1982 3638 ‚
2000 3600 2038 3637 ὠ·
2052 3601 2088 3641 ςβ
2102 3602 2184 3640 talis,

1290 3684 1337 3715 IN
1357 3685 1438 3715 DEI
1458 3678 1798 3712 NOM1NEAMEN.

1288 3761 1438 3792 Noverint
1465 3756 1582 3788 universi
1615 3754 1695 3792 quod
1723 3754 1791 3784 Nos
1814 3756 1951 3784 Katerina
1981 3753 2145 3785 Parucaps
2168 3753 2301 3794 Walliae;

1250 3799 1392 3830 DucrsSA
1412 3796 1563 3832 Cornubiae,
1582 3793 1766 3823 Conrrrssix
1786 3792 1907 3833 Cestm’nz,
1925 3792 2050 3823 ΙΝι-ΑΝς
2066 3790 2185 3830 Castellae
2197 3791 2234 3826 ὠ
2249 3796 2296 3822 A.

1245 3848 1390 3875 maganum,
1406 3836 1502 3866 Fer
1524 3831 1728 3863 Altissimorum
1744 3831 1909 3869 Principum
1930 3831 2124 3862 Dominorum
2147 3839 2293 3870 meorum.

1249 3875 1373 3906 Domini
1387 3874 1548 3904 Ferdinandi
1561 3869 1598 3905 ὠ·
1614 3873 1738 3899 Domine
1749 3868 1922 3898 Elizabethae
1934 3873 1973 3898 Re
1989 3872 2011 3897 ir
2023 3867 2059 3902 &
2073 3871 2178 3905 Reginae
2193 3868 2295 3908 Castel-

1247 3913 1299 3953 lae,
1317 3916 1456 3951 Legionis,
1474 3913 1634 3946 Aragpnum
1645 3928 1654 3945 ,
1671 3907 1939 3944 Siciliae,Granatae,
1955 3880 2015 3949 (lje.—
2032 3908 2202 3949 attendentes
2214 3906 2292 3945 quod

1248 3962 1297 3990 per
1313 3962 1365 3982 vos
1380 3951 1532 3981 Rodericum
1549 3945 1714 3985 Gundefhlvi
1732 3946 1764 3975 de
1776 3945 1889 3982 Puebla‚
1909 3944 2105 3974 Coniilranum
2127 3946 2159 3975 ὃς
2185 3945 2293 3976 Otato-

1248 4000 1312 4021 rem
1322 3989 1491 4020 eorumdem
1507 3986 1595 4022 Regis
1611 3985 1644 4014 ὃς
1660 3984 1780 4023 Reginae
1797 3984 1947 4013 Parentum
1961 3983 1994 4011 &
2004 3981 2200 4025 Dominorum
2211 3993 2292 4014 meo-

1248 4038 1312 4058 rum
1329 4029 1358 4058 in
1374 4027 1473 4058 Analia
1486 4024 1683 4060 Residentem,
1703 4033 1754 4059 pro
1769 4021 1867 4051 Nobis
1888 4022 1921 4050 &
1944 4019 2078 4050 Nomine
2100 4020 2216 4060 nostro,
2236 4024 2293 4052 vir-

1245 4075 1304 4097 tute
1320 4051 1463 4096 PotestS’tis
1478 4073 1525 4100 per
1540 4061 1622 4099 Nos,
1641 4061 1675 4091 de
1689 4060 1829 4096 Licentia,
1840 4057 2006 4097 Voluntate,
2024 4059 2057 4089 &
2073 4057 2215 4090 Consensu
2225 4059 2294 4091 Ma-

1243 4104 1376 4143 jestatum
1391 4103 1516 4139 suarum,
1529 4099 1621 4131 eidem
1632 4098 1791 4167 conceffsae,
1803 4098 1916 4129 fuerunt
1930 4097 2002 4129 θιὼ
2024 4096 2181 4137 Sponsalia,
2195 4098 2293 4129 secun-

2225 4127 2300 4171 dam(

1757 4171 1761 4174 '
1781 4176 1794 4187 v

2341 2806 2360 2825 *
2380 2808 2449 2835 XII:

2342 2854 2403 2882 757·
