2555 4266
758 211 868 255 ET
947 211 1204 257 ACTA

8 303 86 336 Ann.
100 299 144 334 D.
165 295 326 336 &futuris'3
343 304 442 328 contra
457 297 603 336 praefatum
616 297 834 330 Illustriffimum
849 302 944 337 Regem
952 299 1081 339 Angli-e,
1105 300 1215 339 ejustiue

38 352 51 372 1
57 351 125 381 500.

9 385 74 410 Hm.
91 390 119 416 7.

15 997 39 1018 θ
55 1000 123 1028 XII.

19 1046 84 1074 745-

51 4004 71 4024 *
79 4004 147 4034 xii.

51 4043 120 4078 746·

164 338 268 369 Filium
287 337 514 375 Primogenitum
529 338 562 368 δε
576 337 751 376 Haeredem,
768 348 906 368 eorumve
917 339 1052 369 Haeredes
1065 339 1215 376 ptaedidkos

162 377 198 407 &
213 374 405 412 Succefform,
422 384 472 412 per
481 375 618 414 Terram,
637 376 721 407 Mare
735 378 770 408 &
785 378 876 415 Aquas
889 377 1002 413 dulces,
1019 386 1054 406 ex
1074 377 1153 407 causa
1171 375 1216 406 vel

161 414 312 445 occasione
332 422 510 451 quacumque
532 414 665 452 praesente
686 415 731 445 vel
750 415 858 452 futura,
875 414 1052 451 Consilium,
1070 415 1218 444 Auxilium

161 452 209 483 vel
223 452 363 482 Favorern
373 473 382 488 ,
401 452 515 488 publice
531 453 577 483 vel
590 453 722 490 occulte,
741 453 847 482 direete
860 452 907 483 vel
921 452 1078 489 indireffle,
1096 462 1155 482 non
1169 453 1219 481 da-

163 492 237 521 bunt
250 498 304 518 nec
319 489 504 528 praestabunt,
522 500 570 521 aut
582 491 646 521 alias
668 491 770 528 quovis
785 489 876 519 modo
890 488 1056 528 Juvabunt,
1072 499 1126 519 nec
1146 489 1220 519 Sub-

162 529 236 559 ditos
249 528 374 566 praedicti
391 527 563 559 Sereniifimi
577 532 652 566 Rigis
666 527 778 565 Angliae
789 527 880 565 ejusve
895 527 1097 557 Success'orum
1112 527 1220 556 Rebel-

161 567 202 598 les
213 566 242 595 in
257 566 308 596 suis
323 565 447 605 Regnis,
463 566 626 604 Dominiis,
644 566 764 596 Locisve
780 565 895 595 scienter
910 566 1092 602 receptabunt
1102 587 1112 601 ,
1123 574 1221 602 recep-

163 605 251 636 tarive
271 605 389 643 facient,
409 615 462 636 nec
484 606 514 634 in
533 605 636 635 eisdem
659 603 771 634 Morari
789 611 836 632 aut
855 603 999 633 Auxilium
1018 603 1063 633 vel
1081 603 1221 634 Favorem

161 643 267 673 habere
279 644 461 682 permittent,
479 644 530 680 &,
548 643 566 672 fi
582 642 689 672 Morari
704 643 733 670 in
752 641 855 671 eisdem
870 641 966 671 Terris
981 642 1223 680 praesumpserint,

162 681 276 711 eosdem
289 681 411 719 Capient
425 681 470 711 vel
482 681 556 720 Capi
567 681 686 718 facient,
704 679 739 710 &
759 678 794 709 ad
808 678 912 710 Manus
930 683 1010 717 Regis
1023 680 1134 718 Angliae
1148 680 1224 711 Tra-

163 720 233 750 dent
248 719 293 750 vel
304 720 394 750 Tradi
409 720 522 750 facient.
639 729 641 731 ·

201 757 248 788 Ιτ
258 767 276 788 Ε
286 767 330 795 M,
348 757 568 788 Concordatum
583 757 617 788 δε
631 755 810 787 Conciufum
833 755 875 786 est
896 756 975 794 quod
998 757 1129 794 praefatus
1144 757 1225 787 Illus-

164 796 297 828 triffimus
311 799 371 825 Rex
386 794 498 832 Angliae
509 794 622 832 ejusque
636 794 722 825 Filius
734 793 942 833 primogenitus
956 795 989 826 &
999 796 1223 834 Haeres,eorum

165 835 307 866 Haeredes
325 836 358 866 &
373 833 549 864 Succeffores
569 833 695 870 praedieti
719 834 748 863 in
771 835 854 863 omni
875 833 1009 872 Treuga,
1025 833 1117 872 Pace,
1138 834 1225 873 Liga,

166 873 440 908 Confoederatione,
458 871 503 900 vel
518 869 642 901 Unione
655 881 849 909 quacumque,
866 881 952 909 quam
959 882 1028 902 eum
1042 873 1135 911 atiquo
1143 872 1226 902 Prin-

167 914 249 952 cipe,
266 909 476 947 Universirate3
494 907 864 947 Comunitate,Societate,
881 910 926 940 vel
941 910 1073 941 Homine
1085 921 1228 950 quocum-

166 961 223 989 que
234 951 270 979 ab
284 950 336 978 hac
351 947 411 977 Die
424 947 460 977 de
479 956 584 977 caetero
605 948 821 978 concordabunt
841 950 874 979 ὃς
895 949 1083 987 concludent,
1100 949 1229 989 praefatos

167 992 262 1026 Regem
276 985 315 1021 (ἐν
331 988 459 1023 Reginam
475 985 614 1025 Castellae,
630 989 772 1026 Legionis,
792 989 970 1026 Amgomrm,
991 992 1007 1003 ¹*
1022 987 1136 1026 Siciliae,
1153 991 1229 1018 Gra-

167 1034 257 1063 mtae,
272 1023 332 1058 &a
348 1034 504 1062 eorumque
518 1023 658 1055 Haeeedes
672 1026 705 1056 ὃς
719 1025 915 1063 Successores,
934 1035 965 1055 ut
975 1025 1152 1063 praedicitur,
1169 1027 1228 1066 spe-

168 1065 275 1133 ciallite‘r
291 1064 323 1094 &
343 1064 516 1093 nominatim
532 1062 804 1102 Comprehendent,
823 1063 844 1093 fi
857 1065 886 1093 in
899 1063 1001 1095 eisdem
1013 1063 1230 1102 Comprehendi

167 1113 208 1136 vo
218 1110 324 1132 uerint:

205 1140 260 1179 Et,
278 1139 358 1170 simili
378 1139 487 1179 modo,
508 1139 634 1180 praediffi
653 1142 714 1170 Rex
744 1138 782 1174 ὠ·
804 1142 909 1178 Regina
935 1141 1074 1181 Castellae,
1093 1144 1231 1180 Legionis,

167 1183 332 1217 Aragonum
342 1202 351 1216 ,
372 1178 485 1217 Sicilire,
501 1182 654 1215 Granatae,
672 1177 732 1213 &a
751 1188 907 1216 eorumque
920 1178 1057 1210 Haeredes
1072 1181 1234 1211 &Succes-

174 1219 249 1249 sores
261 1217 367 1256 praefati
387 1218 417 1246 in
432 1219 514 1247 omni
537 1218 624 1257 Liga,
643 1216 734 1254 Pace,
750 1217 884 1255 Treuga,
902 1216 1156 1249 confoederatione
1170 1242 1179 1257 ,
1197 1220 1232 1250 &

173 1257 299 1287 Unione
318 1265 515 1295 quacumque,
540 1266 624 1294 quam
648 1265 716 1285 cum
735 1254 830 1292 aliquo
851 1254 1000 1294 Principe,
1024 1257 1233 1295 Universitate,

169 1295 375 1331 Comunitate,
391 1294 549 1331 Societate,
566 1294 611 1325 vel
634 1293 763 1323 Homine
785 1294 878 1339 aliquo
899 1294 936 1324 ab
954 1295 1006 1324 hac
1030 1294 1089 1326 Die
1107 1296 1232 1334 inantea,

168 1333 391 1365 concordabunt
407 1334 440 1364 &
453 1333 644 1370 concludent,
665 1332 813 1369 praefatum
827 1331 1039 1363 bereniffimum
1053 1336 1148 1370 Regem
1166 1338 1233 1364 An-

165 1373 230 1410 gliae
241 1395 251 1411 ,
269 1371 379 1410 ejusque
395 1370 498 1401 Filium
514 1370 746 1409 Primogenitum
760 1372 792 1400 δε
808 1370 962 1402 Haeredem
971 1394 982 1410 ,
1001 1381 1156 1411 eorumque
1163 1372 1233 1403 Hae-

169 1412 248 1443 redes
263 1412 295 1442 &
311 1409 506 1446 Successores,
525 1418 554 1440 ut
562 1409 742 1447 praedicitur,
758 1408 1130 1446 specialiter&nominatim
1139 1410 1234 1441 Com—

169 1449 348 1488 prehenderit
357 1471 367 1487 ,
387 1448 406 1478 si
418 1448 450 1482 in
465 1448 568 1479 eisdem
584 1447 801 1484 Comprehendi
814 1448 964 1478 voluerint.

208 1488 223 1518 I
233 1496 256 1518 T
267 1497 285 1519 E
295 1495 322 1517 M
360 1485 578 1517 Concordatum
591 1486 625 1517 δε
643 1484 821 1516 Conclusum
836 1486 877 1516 est
891 1496 920 1517 ut
936 1486 1106 1526 Captiones,
1124 1489 1233 1528 Pigno-

173 1527 313 1564 rationes,
333 1509 479 1564 marchae,
498 1525 531 1555 ὃς
554 1524 717 1562 Reprisaliae
736 1523 867 1555 Navium
882 1525 915 1556 &
933 1525 1117 1557 Personarum
1137 1527 1234 1558 Bono-

171 1575 273 1596 rumve
289 1565 428 1603 utriusque
441 1563 549 1602 Partis,
567 1572 722 1601 eorumque
742 1562 930 1593 Vaffillorum
947 1565 980 1594 &
997 1564 1182 1596 Subditorum
1199 1566 1234 1596 de

173 1613 282 1634 cetero
295 1601 422 1639 cessent,
436 1602 483 1632 sed
497 1602 738 1640 quandocumque
758 1601 847 1639 aliqua
869 1601 961 1631 Navis
977 1603 1105 1642 indigena
1128 1606 1234 1635 exitura

172 1641 217 1672 est
229 1643 265 1672 ab
283 1641 378 1678 aliquo
390 1641 480 1670 Portu
495 1642 554 1670 tam
574 1639 743 1678 Regnorum
760 1639 792 1669 &
808 1639 1022 1671 Dominiorum
1038 1641 1231 1680 Angliae‚Hi'-

173 1680 290 1718 hernae,
308 1679 370 1714 (εὶ-ι.
395 1680 483 1716 quam
505 1677 645 1718 Castellae,
663 1680 804 1714 Legionis,
823 1682 1005 1716 Aragonum,
1029 1681 1143 1719 Siciliae,
1161 1685 1235 1711 Gra-

174 1725 268 1756 natae,
285 1717 347 1754 ὠς.
368 1717 495 1754 Majores
517 1717 550 1747 ὃς
574 1715 802 1753 Gubernatores‚
818 1718 851 1747 &
874 1718 919 1746 alii
944 1717 1105 1757 officiales,
1122 1720 1235 1757 quibus-

175 1766 303 1796 cumque
324 1756 504 1786 Nominibus
526 1755 717 1792 appellentur,
733 1754 792 1784 talis
815 1754 916 1793 Villae,
939 1755 1049 1794 Opidi,
1067 1757 1111 1788 seu
1134 1757 1238 1789 Portus

172 1794 250 1825 unde
262 1795 370 1825 exitura
383 1793 440 1831 est,
456 1795 565 1832 capiant
581 1792 748 1824 sufficientes
761 1792 927 1824 Securitates
937 1794 1100 1826 aDominis
1115 1796 1159 1827 seu
1168 1796 1237 1827 Pos-

176 1833 326 1864 sefforibus
339 1856 348 1871 ,
364 1831 525 1871 Magistris,
543 1831 690 1869 Patronis,
707 1831 752 1860 vei
774 1831 900 1861 Bursariis
920 1832 1030 1869 Navis,
1048 1835 1082 1865 ad
1105 1834 1236 1872 Duplum

173 1871 288 1903 Valoris
299 1872 392 1903 Navis
407 1867 564 1910 Apparatus
578 1871 611 1901 &
630 1869 805 1900 Vistualium
823 1870 964 1910 ejusdem,
982 1872 1063 1911 qued
1087 1872 1238 1912 Magistri,

176 1909 344 1948 Marinarii,
363 1909 484 1947 Naum,
502 1910 535 1939 &
548 1917 650 1939 omnes
664 1909 694 1938 in
713 1917 745 1938 ea
758 1908 840 1938 Navi
855 1908 1019 1947 existentes,
1037 1912 1237 1951 cujuscumque

178 1948 274 1980 Status
288 1949 333 1978 seu
351 1948 522 1979 conditionis
542 1946 674 1985 existant,
690 1946 838 1978 servabunt
856 1948 928 1978 hanc
947 1948 1054 1979 Pacem
1069 1960 1134 1989 erga
1155 1951 1237 1988 quos-

177 1997 305 2026 cumque
323 1987 456 2017 Subditos
477 1986 652 2024 Patriarum,
671 1985 864 2028 Regnorum,
882 1986 1114 2027 Dominiorum,
1138 1989 1240 2020 Terra—

179 2036 249 2056 rum
260 2027 366 2056 alterius
380 2026 483 2064 Partis,
502 2027 535 2056 &
550 2025 656 2055 nullam
669 2026 705 2056 eis
722 2023 855 2062 InJuriam
872 2024 917 2055 seu
935 2025 1106 2057 Violentiam
1123 2029 1151 2057 in
1167 2028 1241 2057 Ter-

182 2072 233 2101 ra,
251 2064 344 2102 Mari,
360 2064 554 2102 Fluminibus,
571 2072 619 2094 aut
640 2065 669 2093 in
684 2063 771 2093 Portu
788 2064 881 2101 aliquo
907 2063 1010 2095 facient
1034 2064 1078 2096 seu
1101 2066 1241 2105 inferent,

185 2102 244 2141 Et,
263 2104 282 2133 si
304 2102 464 2141 hujusmodi
484 2103 651 2133 Securitates
673 2101 812 2145 praestare·
826 2102 985 2141 noluerint,
1001 2114 1061 2134 non
1082 2107 1245 2142 permittent

186 2141 238 2179 ipsi
262 2141 405 2180 Mtjores,
421 2140 651 2177 Gubernatores,
670 2140 869 2183 &10fficiales
884 2141 1088 2179 proeditlcrum
1111 2143 1244 2181 Oppido-

185 2189 251 2210 rutn
272 2180 316 2210 seu
339 2180 498 2217 Portuum,
519 2180 568 2210 ubi
595 2179 681 2210 Caius
703 2179 749 2208 ille
769 2179 921 2217 acciderit,
944 2179 1062 2211 Navem
1085 2181 1241 2218 hujusmodi

181 2228 304 2256 quoquo
321 2219 410 2249 modo
423 2220 509 2248 exire:
530 2218 673 2256 Qiotiens
688 2226 781 2249 autem
796 2217 982 2248 Securitatem
997 2221 1168 2258 praemiffim
1176 2221 1243 2252 Ma-

181 2257 276 2294 jores,
294 2257 522 2295 Gubernatores,
540 2258 574 2287 &
597 2255 742 2286 Officiales
762 2256 892 2293 praediffl
912 2258 1046 2295 exigerint
1065 2258 1110 2289 seu
1133 2267 1246 2299 recepe-

185 2297 259 2334 rint,
273 2295 379 2326 dabunt
394 2296 500 2326 Literas
510 2295 693 2332 auc'tenticas,
712 2294 760 2324 sub
774 2304 874 2325 eorum
889 2294 1003 2334 Sigillo,
1023 2296 1246 2336 Poffefforibuffi,

189 2333 352 2373 Magistris,
369 2334 413 2364 seu
434 2333 563 2364 Bursariis
585 2333 656 2363 illius
682 2333 777 2364 Navis
799 2334 834 2362 ita
856 2333 1030 2372 assecuratae‚
1050 2335 1249 2367 Testificantes

186 2372 273 2412 ipsam
287 2373 473 2404 Securitatem
488 2371 659 2410 praestitam,
677 2371 712 2401 ad
728 2370 814 2401 finem
829 2380 876 2409 ut,
893 2371 1013 2411 ipsarum
1033 2373 1189 2404 Literarum
1203 2376 1247 2405 vi-

186 2420 274 2450 gore,
294 2411 387 2443 Navis
409 2410 569 2449 hujusmodi
582 2410 666 2448 alios,
684 2409 720 2440 ad
738 2419 809 2449 quos
829 2410 943 2441 forsitan
963 2411 1131 2452 applicabit,
1147 2413 1248 2444 Portus

186 2451 276 2480 libere
287 2451 363 2481 exire
376 2451 471 2481 valeat.

227 2487 424 2519 Providebunt
435 2491 520 2519 etiam
534 2487 642 2526 praefati
657 2486 752 2527 Reges
772 2488 806 2519 &
821 2487 986 2528 Principes,
1000 2498 1157 2528 eorumque
1174 2490 1247 2521 Hae-

189 2527 272 2557 redes
293 2529 327 2559 &
349 2527 546 2564 Succeffores,
563 2536 594 2558 ut
615 2527 812 2568 praemittitur,
829 2537 877 2566 per
899 2526 958 2557 suas
982 2527 1116 2566 Litteras,
1134 2529 1168 2558 ad
1186 2529 1248 2559 suos

188 2565 403 2597 Gubernatores
419 2568 452 2597 &
469 2564 614 2595 Officiales
635 2564 820 2602 oppidorum
837 2565 870 2595 δε
891 2565 1032 2595 Portuum
1056 2566 1169 2597 suorum
1186 2568 1247 2597 Re-

186 2612 311 2642 gnorum
326 2606 359 2636 ὃ(
375 2604 582 2634 Dominiorum
597 2604 761 2640 mittendas,
780 2603 867 2633 taliter
884 2604 962 2641 quod
980 2605 1029 2644 ipsi
1041 2607 1137 2635 omnia
1152 2607 1247 2637 &lin-

188 2642 253 2680 gula
268 2643 408 2674 Praernissa
423 2643 459 2673 de
476 2651 603 2681 ternpore
622 2644 652 2672 in
668 2650 780 2681 tempus
793 2642 979 2672 observabunt
996 2644 1030 2673 ὅ(
1045 2643 1187 2674 observari
1207 2645 1248 2674 fa-

187 2681 281 2711 cient:
299 2681 338 2712 Et
351 2681 459 2718 praefati
475 2680 622 2711 Officiales
635 2690 796 2716 teneantur,
815 2681 886 2710 infra
899 2680 1093 2719 Qadraginta
1101 2681 1173 2712 Dies
1181 2692 1247 2721 pro-

187 2720 270 2749 ximo
285 2718 427 2757 sequentes
441 2722 456 2750 ἐι
468 2719 527 2750 Die
542 2718 745 2757 Requisitionis
760 2718 808 2748 sibi
822 2719 905 2749 faeere
919 2729 970 2757 per
979 2719 1092 2750 Partem
1106 2719 1249 2758 Dampni-

187 2756 303 2788 ficatam
318 2758 545 2796 computandos,
562 2758 664 2795 exequi
678 2757 841 2796 praedictam
850 2757 1062 2797 Obligationem
1075 2769 1174 2789 contra
1183 2759 1250 2790 Ma-

212 2795 309 2826 'strum
331 2797 426 2827 Navis
445 2799 479 2829 &
500 2798 556 2835 ejus
577 2796 778 2834 Fidejusiores,
803 2796 852 2835 qui
870 2797 922 2827 tale
947 2796 1119 2835 Dampnum
1140 2799 1249 2829 intulit:

188 2805 230 2865 {t
242 2834 322 2872 quod
334 2845 434 2866 omnes
450 2836 553 2866 Literae
567 2834 754 2864 Marcharum
769 2836 801 2865 &
813 2834 1044 2873 Reprisaliarum‚
1061 2835 1194 2866 haetenus
1203 2847 1251 2874 per

188 2872 342 2910 praedkfilos
355 2873 450 2912 Reges
463 2875 497 2905 &
510 2872 730 2903 Praedeceffores
746 2872 807 2902 suos
823 2873 983 2910 conceffae,
1002 2883 1099 2903 contra
1115 2874 1250 2905 Subditos

190 2912 300 2942 alterius
311 2910 415 2948 Partis,
432 2912 483 2941 fint
496 2910 659 2948 Suspensae,
677 2911 710 2940 &
725 2911 821 2948 vigore
835 2920 932 2940 <aarum
946 2911 1020 2942 nulla
1035 2911 1174 2942 Executio
1189 2912 1249 2943 fieri

189 2949 290 2988 poffit,
308 2949 353 2978 sed
366 2949 402 2979 de
413 2959 493 2979 novo
508 2949 554 2978 fiat
569 2948 728 2985 Requisitio
739 2949 773 2977 ad
789 2948 953 2978 instantiam
962 2948 1250 2989 Dampnificatorum,

190 2989 227 3020 &
239 2989 278 3018 eis
291 2987 336 3018 fiat
352 2986 465 3025 Justitia
485 2997 534 3025 per
551 2986 730 3024 Superiorem
746 2985 996 3025 Dampnificantis,
1012 2988 1046 3018 δε
1069 2988 1098 3017 in
1113 2989 1172 3027 ejus
1188 2988 1251 3018 De-

191 3027 393 3066 negationem,
410 3025 512 3056 servata
530 3024 626 3055 forma
642 3025 671 3054 in
696 3024 829 3054 similibus
843 3023 962 3055 Casibus
975 3025 1127 3063 consueta,
1145 3026 1251 3064 poilint

189 3065 250 3096 dari
272 3066 306 3096 &
323 3065 446 3096 concedi
461 3063 590 3094 Marchae
603 3064 647 3094 seu
662 3062 825 3100 Reprisaliae
840 3071 940 3093 contra
953 3063 1086 3095 Subditos
1108 3066 1141 3095 &
1157 3064 1252 3096 Vassa-

190 3103 234 3134 los
248 3103 386 3143 Principis
397 3103 539 3140 justitiam
554 3101 738 3139 Denegantis,

232 3140 304 3172 Ira
314 3150 361 3179 M,
379 3141 460 3180 quod
473 3141 493 3171 si
512 3151 561 3179 per
575 3140 710 3171 Subditos
723 3139 926 3179 praedietorum
946 3139 1064 3180 Regum
1081 3141 1126 3171 vel
1142 3150 1191 3179 per
1203 3141 1253 3171 ali-

213 3189 281 3210 uem
295 3179 478 3210 Subditorum
496 3182 577 3210 unius
591 3179 635 3210 vel
646 3178 755 3209 alterius
766 3178 856 3208 Partis
868 3179 1072 3209 eorumdemve
1091 3179 1251 3210 Haeredum

191 3189 229 3249 gc
250 3218 468 3258 Successorum,
494 3226 524 3248 ut
546 3218 726 3256 praedicitur,
749 3218 900 3255 quicquam
924 3217 1131 3256 imposterum,
1147 3218 1250 3255 ubique

191 3257 345 3294 locorum,
365 3265 464 3287 contra
478 3257 557 3296 vim,
576 3256 714 3293 formam,
735 3256 768 3285 ὃς
783 3255 918 3286 effeetum
937 3256 1078 3293 praesentis
1096 3255 1250 3287 TracCtatsis

193 3296 230 3327 &
250 3294 448 3326 Conclufionis
471 3294 570 3332 Pacis,
595 3294 786 3332 Concordiae,
810 3294 974 3332 Amicitiae,
990 3294 1087 3332 Ligae,
1105 3294 1251 3332 Unionis,

192 3337 230 3367 &
246 3333 507 3365 Oonfoederationis
526 3333 634 3364 faetum
647 3333 692 3363 vel
707 3341 901 3369 attemptatum
921 3332 1003 3363 fuerit
1025 3332 1115 3370 (quod
1128 3332 1207 3363 Deus
1223 3343 1251 3363 a-

191 3372 295 3409 vertat)
316 3372 385 3402 illud
403 3371 440 3402 fic
455 3371 563 3402 facttum
577 3372 623 3401 vel
636 3380 851 3409 attemptatum,
871 3372 1000 3408 quotiens
1014 3371 1044 3401 id
1059 3371 1251 3409 acciderit,ad

192 3409 425 3449 Requifitionem
440 3410 528 3441 Partis
547 3419 646 3440 contra
658 3411 742 3448 quam
758 3409 788 3439 id
802 3409 907 3439 fac'tum
923 3409 969 3439 vel
982 3417 1178 3448 attemptatum
1194 3409 1251 3440 effe

193 3448 396 3488 praetenditur,
414 3458 462 3488 per
477 3448 569 3479 debita
582 3449 615 3479 ὅ(
636 3458 777 3487 oportuna
791 3447 930 3478 Remedia
951 3447 1125 3479 Restituatur
1140 3449 1172 3479 &
1189 3448 1250 3478 Re-

244 3496 322 3525 etur,
341 3487 386 3518 sed
401 3497 451 3526 per
467 3487 523 3517 hoc
539 3487 606 3518 huic
623 3487 747 3524 praesenti
760 3485 859 3524 Pacis,
873 3485 1051 3516 Concordiae
1061 3509 1070 3524 ,
1089 3487 1251 3525 Amicitiae,

227 3527 296 3565 igae,
314 3526 460 3564 Unionis,
475 3526 509 3556 ὃς
532 3525 792 3556 Confoederationis
812 3525 960 3555 Tra-statui
974 3526 1004 3555 in
1022 3524 1101 3555 nullo
1121 3526 1252 3562 praejudi-

193 3573 293 3605 cetur,
307 3574 360 3594 nec
375 3573 489 3603 propter
505 3564 576 3594 Tale
590 3564 698 3595 faelium
715 3563 760 3594 vel
776 3570 972 3607 attemptatum
987 3563 1087 3607 eadem
1104 3563 1162 3606 Pax
1171 3587 1182 3602 ,
1199 3563 1251 3593 Li-

195 3613 246 3642 ga,
267 3601 368 3639 Unio,
385 3603 419 3633 &
437 3602 652 3633 Confoederatio
675 3602 787 3640 Rumpi
808 3602 852 3631 vel
867 3601 994 3631 Diisolvi
1016 3602 1189 3639 censebitur,
1206 3602 1252 3633 sed

194 3640 399 3672 nichilominus
411 3641 440 3670 in
453 3639 504 3670 suo
517 3640 639 3670 Robore
650 3641 827 3678 permanebit
842 3641 876 3671 &
887 3639 1012 3670 Effeeiu.

233 3679 247 3710 I
255 3688 278 3709 τ
287 3688 305 3709 ε
315 3686 360 3715 M,
374 3677 611 3715 Concordatum,
627 3677 832 3715 Conventum,
849 3679 883 3707 ὀί
898 3676 1078 3708 Conclusum
1091 3677 1134 3708 est
1153 3677 1230 3715 quiid
1240 3701 1250 3716 ,

195 3718 215 3748 fi
227 3718 322 3756 aliquis
337 3714 490 3753 Vassallus,
506 3715 628 3754 Homo,
646 3716 690 3746 vel
707 3716 839 3746 Subditus
853 3716 963 3745 alterius
976 3715 1063 3746 Partis
1077 3726 1125 3755 per
1135 3717 1249 3752 {Vass'al-

194 3757 257 3795 los,
275 3755 434 3792 Homines,
448 3754 494 3783 vel
509 3753 644 3783 Subditos
657 3754 765 3783 alterius
781 3762 880 3783 contra
899 3754 979 3791 vim,
994 3753 1116 3784 formam
1127 3777 1137 3792 ,
1155 3756 1189 3786 δε
1209 3755 1251 3785 ef-

195 3795 307 3826 ficium
328 3792 467 3831 praesentis
485 3790 638 3822 Traetati‘is
663 3793 697 3823 &
721 3790 914 3828 Concordiae,
930 3792 960 3820 in
977 3791 1072 3830 aliquo
1094 3793 1190 3822 Laesus
1206 3793 1250 3823 rel

196 3832 425 3872 Dampnificatus
486 3830 535 3868 rit,
551 3830 585 3861 &
599 3829 678 3866 super
692 3829 750 3859 hoc
765 3830 793 3859 in
806 3829 858 3859 illis
875 3829 964 3859 Locis
979 3830 1012 3860 δε
1031 3840 1080 3869 per
1093 3831 1154 3861 illos
1167 3831 1249 3868 Judi-

197 3881 260 3908 ως,
279 3871 330 3902 ubi
344 3872 377 3902 &
395 3879 412 3908 p
439 3886 442 3887 ν
495 3878 527 3897 os
543 3868 572 3896 in
585 3868 682 3897 talibus
698 3867 814 3898 Casibus
826 3866 980 3904 deJustitia
994 3868 1135 3904 provideri
1153 3869 1248 3906 debet,

196 3907 453 3940 Reformationem
467 3908 500 3938 δε
514 3905 732 3943 Reparationem
747 3905 881 3942 consequi
901 3914 961 3934 non
975 3905 1112 3944 valuerit,
1128 3907 1251 3937 nichilo-

197 3944 635 4016 &mimirss‘rff‘ssa‘snffffiisszssff
649 3941 1250 4020 ἓὲἓῖῗέἀέῗέἓ,ᾇῖῧυῗοῗοέεξὲἱὲῗῖξέἑί

220 3993 230 3999 ’
352 3997 360 4015 1
614 4005 623 4017 ⁹

198 4022 331 4059 consequi
347 4033 406 4053 non
427 3993 563 4058 voifierit,
580 4029 649 4050 cum
665 4018 910 4050 Commendatiiiis
926 4003 1185 4051 &'Admonitoriis
1202 4022 1252 4051 Li-

199 4061 265 4092 teris
277 4060 315 4090 sui
332 4059 467 4098 Principis
487 4060 521 4090 ad
536 4060 650 4089 alterurn
669 4057 832 4095 Principem
854 4065 996 4100 recurret,
1014 4058 1142 4097 ipseque,
1161 4060 1252 4089 Defe-

200 4099 283 4137 etum
304 4097 482 4130 officialium
498 4098 613 4130 suorum
626 4096 769 4135 supplens,
787 4095 826 4126 illi
847 4094 882 4127 de
903 4095 1000 4128 debito
1017 4096 1093 4135 Juris
1110 4096 1255 4130 Remedio

1279 193 1742 259 PUssLtcA.
2233 232 2311 274 149

1250 295 1498 340 providebit3'nec
1511 309 1589 330 antea
1604 300 1707 332 Literae
1721 302 1756 334 de
1775 302 1932 343 Reprisaliis
1952 304 1997 336 vel
2013 302 2133 336 Maoeha
2152 303 2198 336 vel
2217 304 2299 338 Con*
2320 302 2395 334 Ann·
2413 302 2459 335 D?

1252 336 1413 365 tromarcha
1428 346 1613 374 impetrentur
1627 341 1670 371 vel
1684 342 1883 373 concedantur.

2338 352 2424 379 1500.

1286 370 1357 400 ΙΤΕ
1369 381 1412 410 M,
1431 373 1647 407 Concordatum
1665 381 1697 410 δε
1710 379 1887 410 Conclusum
1905 380 1945 410 est
1967 382 2047 419 quod
2063 391 2177 420 uterque
2190 382 2298 414 Princi-
2317 386 2378 409 ΗΜ·
2405 391 2436 417 7,

1251 417 1320 446 pum
1333 411 1529 455 praefatorum,
1547 416 1616 445 infra
1632 417 1687 446 Sex
1704 417 1816 447 Menses
1833 419 1895 456 post
1906 420 2004 450 harum
2013 420 2304 452 Confoederationum

1253 446 1410 483 perfectam
1425 448 1662 483 Conventionem
1679 456 1711 485 &
1730 455 1846 493 ipsarum
1864 457 2019 489 Literarum
2034 459 2249 498 Traditionem,
2268 470 2310 491 te-

1254 492 1352 526 neatur
1373 484 1448 514 hunc
1463 487 1630 533 Trafftatum
1646 492 1824 532 Treugarum
1843 494 1940 534 Pacis,
1958 496 2101 534 Unionis,
2119 498 2151 528 δε
2174 497 2310 528 Concor·

1254 522 1329 566 dne,
1348 520 1610 567 Confoederationis
1625 531 1658 559 &
1676 541 1749 561 verae
1765 533 1908 563 Amicitiae
1934 535 1962 563 in
1985 537 2119 565 omnibus
2140 537 2175 567 δε
2199 536 2312 576 singuiis

1256 561 1456 604 inligmoribus·
1471 561 1556 608 Locis
1571 564 1739 603 Regnorum
1760 570 1793 600 &
1809 570 2016 603 Dominiorum
2039 573 2170 611 suorum,
2184 576 2240 605 tam
2261 584 2313 614 per

1256 598 1366 644 Littora
1380 597 1470 629 Maris
1483 609 1570 642 quam
1586 603 1665 639 super
1680 605 1802 637 Terram
1817 609 1850 639 ὅ(
1865 610 1893 638 in
1900 609 2041 640 Portubus
2054 612 2242 650 eorumdem,
2258 623 2311 650 pu-

1256 637 1333 666 blice
1353 637 1388 667 &
1409 636 1558 681 solenniter
1581 639 1767 683 Proclamari,
1786 645 1956 686 Notificari,
1976 650 2010 680 &c
2034 648 2174 681 Publicari
2198 652 2292 682 facere

1257 683 1341 713 prout
1355 686 1385 705 in
1402 676 1448 706 tali
1463 674 1535 706 Casu
1550 681 1701 716 antiquitus
1714 680 1771 710 fieri
1783 685 1936 716 consuevit.
2299 673 2311 690 ³

1295 713 1341 743 [T
1353 721 1422 752 ΕΜ,
1441 716 1477 744 ne
1491 714 1607 758 afflidtae
1623 716 1703 747 detur
1717 717 1864 758 Afflictio,
1883 722 2069 756 Conventum
2085 727 2118 758 &
2132 727 2312 759 Conclusum

1260 751 1302 782 est
1323 751 1461 796 quod,'fi⁸
1481 753 1685 798 aliquaNavis
1709 755 1838 800 Angliae‚
1865 759 2022 801 Hispaniae,
2041 764 2085 795 vel
2108 766 2217 797 alterius
2237 767 2316 798 Loci

1259 791 1311 821 sub
1333 789 1528 834 Dominio&
1543 791 1664 824 Ditione
1686 795 1889 831 praedietorum
1904 797 2068 837 Principum
2099 803 2136 834 Vi
2154 805 2315 836 Ventorum

1262 828 1398 867 Qaslata
1418 828 1547 860 fuerit&
1562 832 1635 867 passa
1652 831 1861 871 Naufragium,
1880 835 1913 865 &
1935 835 2012 867 Boua
2032 825 2084 870 vel’
2097 851 2145 879 per
2166 843 2315 882 Aquarum

1262 869 1471 912 vehementiam
1486 869 1531 898 vel
1547 879 1597 906 per
1609 871 1690 900 aliam
1703 880 1914 911 quamcumque
1934 872 2054 906 Causam
2068 879 2102 908 ad
2127 879 2223 911 Litora
2242 882 2313 912 alte-

1259 916 1315 949 rius
1337 906 1478 944 Principis
1491 907 1628 945 producsta
1645 908 1711 949 sint,
1731 911 1811 948 quod
1835 919 1904 942 tunc
1922 910 2155 951 Praepofimsrvel
2176 918 2321 951 Officialis,

1260 946 1340 982 ipiius
1359 945 1451 988 Loci,
1471 945 1562 989 statim
1579 948 1813 980 &incontinenti
1827 949 1891 988 post
1903 949 2027 981 habitam
2044 952 2187 984 Notitiam
2202 958 2230 986 in
2245 968 2328 995 quo-.

1262 993 1328 1013 rum
1344 982 1482 1014 Manibus
1500 984 1663 1028 hujusmodi
1676 986 1755 1018 Bona
1769 988 1814 1019 seu
1834 987 2026 1019 Mercimonia
2039 990 2119 1028 sunt,
2136 992 2240 1024 facient
2259 995 2321 1025 fieri

1262 1021 1446 1059 Sequesttum
1463 1032 1597 1053 omnium
1612 1026 1812 1061 praedic'torum
1828 1026 1974 1057 Bonorum
1993 1029 2038 1059 seu
2055 1028 2321 1063 Mercimoniorutn

1265 1059 1303 1090 fic
1325 1060 1504 1091 salvatorum:
1523 1061 1577 1100 Et,
1595 1063 1614 1092 fi
1633 1063 1697 1094 Pars
1715 1064 1791 1095 Laesa
1805 1065 1874 1095 infra
1897 1065 2007 1105 Viginti
2023 1066 2152 1106 Menses,
2169 1077 2218 1107 per
2237 1070 2324 1109 Signa

1263 1099 1307 1128 sua
1322 1100 1472 1142 consueta,
1491 1100 1535 1130 vel
1549 1110 1597 1139 per
1613 1102 1675 1132 alias
1689 1103 1825 1140 legitimas
1840 1104 2024 1136 Probationes
2039 1104 2096 1136 Pro
2117 1107 2244 1138 rietatem
2252 1118 2320 1146 pro-

1263 1137 1387 1180 baverit,
1402 1139 1485 1176 quod
1497 1139 1575 1169 illico
1588 1138 1664 1170 Bona
1676 1141 1863 1181 Proprietario
1874 1142 2082 1182 Restituantur3
2126 1145 2219 1176 toviso
2233 1146 2323 1185 quod,

1265 1175 1285 1204 si
1300 1175 1374 1205 dieta
1394 1176 1471 1206 Bona
1486 1178 1530 1208 seu
1554 1177 1746 1210 Mercimonia
1758 1182 1809 1211 fint
1823 1181 1858 1211 de
1879 1180 1980 1211 Rebus
1993 1192 2056 1221 quae
2070 1184 2204 1214 servando
2221 1184 2324 1215 servari

1265 1223 1326 1243 non
1341 1215 1473 1252 potsunt,
1493 1215 1573 1253 quod
1593 1219 1623 1247 in
1643 1219 1688 1248 tali
1705 1218 1778 1249 Casu
1798 1219 1925 1256 praedic'ti
1947 1219 2095 1258 Praepositi
2116 1222 2161 1252 v'el
2177 1222 2326 1254 Officiales

1264 1251 1370 1296 possint
1390 1252 1424 1283 ἃ
1443 1253 1564 1284 debeant
1585 1255 1742 1293 hujusmodi
1767 1257 1845 1288 Bona
1869 1259 1902 1290 &
1929 1257 2123 1290 Mercimonia
2141 1259 2271 1293 Vendere
2289 1264 2325 1295 ὃς

1267 1290 1396 1334 Pretium
1416 1291 1534 1322 Servare
1553 1293 1587 1323 ad
1608 1293 1774 1326 Utilitatem
1795 1296 1989 1335 proprietarii:
2009 1297 2062 1336 Et,
2079 1299 2100 1328 si
2123 1299 2194 1329 infra
2216 1308 2327 1338 tempus

1269 1329 1470 1366 praed1<5lorum
1494 1329 1606 1370 Viginti
1624 1332 1771 1364 Mensium
1789 1334 1886 1373 aliquis
1904 1334 2102 1372 Proprietarius
2120 1346 2179 1366 non
2200 1341 2324 1376 venerit,

1270 1375 1338 1398 tunc
1354 1368 1535 1407 serveturJus
1549 1368 1686 1401 Comune
1702 1373 1761 1403 illus
1782 1372 1876 1411 Regni
1894 1374 1944 1403 ubi
1963 1374 2125 1410 huiusmodi
2138 1374 2216 1406 Bona
2237 1387 2270 1414 ap
2290 1377 2326 1407 li-

1269 1415 1407 1449 cuerunt,
1422 1407 1497 1437 salvo
1515 1415 1611 1438 tamen
1625 1409 1650 1439 ei
1666 1410 1711 1440 vel
1725 1413 1780 1449 eis,
1797 1413 1845 1451 qui
1860 1411 2023 1450 hujusmodi
2043 1412 2121 1444 Bona
2133 1414 2163 1443 in
2179 1413 2257 1444 Mari
2302 1416 2327 1444 i-

1269 1444 1409 1474 toribusve
1424 1454 1670 1485 recuperaverunt,
1688 1458 1741 1485 pro
1763 1450 1821 1488 ejus
1835 1449 1879 1480 vel
1897 1459 1998 1480 eorum
2019 1451 2179 1482 Laboribus
2195 1453 2275 1492 justo
2290 1454 2326 1484 &

1267 1482 1425 1551 {atiorbabili
1438 1483 1556 1522 Salario,
1573 1495 1622 1524 per
1638 1486 1773 1525 QiatuOt
1794 1487 1910 1528 Legales
1926 1487 2069 1521 Homines
2089 1490 2123 1522 ad
2138 1490 2196 1521 hoc
2212 1491 2327 1530 Juratos

1281 1530 1347 1551 axau
1367 1530 1397 1550 o.
1871 1544 1875 1547 »

1306 1597 1342 1628 In
1355 1599 1434 1642 cujus
1451 1597 1516 1643 'Rei
1540 1598 1755 1632 Testimonium
1772 1602 1906 1634 Nomina
1929 1603 2023 1635 Manu
2045 1606 2158 1645 proprii
2174 1605 2328 1647 subscripsi-

1272 1646 1336 1667 mus
1351 1637 1384 1668 &
1399 1637 1492 1676 Sigana
1505 1637 1599 1669 nostra
1615 1639 1802 1679 apposuimus.

1307 1712 1374 1744 Dat.
1393 1714 1422 1744 in
1438 1717 1563 1744 civitate
1579 1716 1702 1747 London.
1722 1716 1850 1748 Decimo
1865 1718 2002 1758 dieJulii,
2021 1719 2109 1751 Anno
2123 1720 2249 1751 Domini
2261 1719 2332 1756 Milo,

1273 1751 1389 1790 lesimo,
1409 1753 1714 1793 QadringentefimO,
1731 1757 1932 1796 Nonagefimo
1948 1768 2037 1788 nono.

1309 1829 1493 1861 THoMAs
1512 1830 1702 1863 LoNDoN.
1722 1832 1971 1865 Episcopus.

1308 1868 1490 1900 Docron
1509 1878 1558 1900 DE
1579 1871 1767 1902 Puram.

1314 1943 1449 1984 Cumque
1469 1947 1627 1986 praeinserta
1649 1948 1812 1988 Amicitiae,
1837 1948 2014 1982 Concordiae
2030 1974 2040 1990 ,
2064 1951 2164 1991 Ligae,
2188 1950 2335 1990 Unionis,·

1274 1983 1554 2025 Confoederationis,
1573 1988 1608 2018 &
1622 1987 1704 2018 Pacis
1721 1987 1867 2027 Capitula,
1884 1992 2036 2029 omniaque
2057 1992 2089 2022 δε
2106 1991 2213 2028 singula
2233 1992 2261 2020 in
2282 1991 2335 2020 illis

1277 2032 1411 2067 contenta
1432 2023 1531 2055 Nobis
1552 2026 1701 2064 gratiffima
1724 2027 1777 2057 sint
1798 2037 1830 2057 ac
1856 2030 1982 2059 maxime
2006 2029 2148 2066 placeant,
2165 2028 2336 2067 velimusque

1277 2064 1377 2092 o'mnia
1399 2063 1432 2093 &
1455 2062 1562 2100 singula
1585 2063 1686 2094 nostris
1706 2064 1869 2096 Patentibus
1892 2067 2026 2104 Litteris,
2053 2068 2190 2098 Manibus
2219 2068 2338 2105 propriis

1277 2100 1451 2138 subscriptis,
1470 2111 1504 2131 ac
1517 2102 1616 2132 nostro
1634 2103 1732 2140 Regio
1748 2103 1853 2142 ‘Sigillo
1868 2106 1985 2135 munitis
2004 2105 2203 2143 Gonfirmare,
2222 2106 2339 2145 Appto—

1279 2139 1363 2176 bare,
1381 2139 1414 2169 &
1434 2138 1648 2182 Corroborare,
1666 2141 1775 2172 idcirco
1797 2144 1973 2179 praesentibus
1992 2143 2105 2174 Litteris
2124 2144 2225 2174 nostris
2241 2144 2338 2174 omni-

1278 2178 1330 2207 bus
1347 2178 1510 2208 melioribus
1524 2178 1587 2217 via,
1605 2180 1713 2219 modo,
1732 2182 1764 2211 δε
1779 2180 1873 2212 forma
1888 2182 1989 2220 quibus
2007 2183 2108 2213 melius
2121 2184 2153 2214 ὃ(
2168 2182 2286 2212 validius
2301 2182 2340 2212 de

1274 2216 1336 2254 jure
1352 2216 1496 2252 poffumus
1511 2218 1543 2247 &
1557 2218 1710 2257 debemus,
1727 2220 1886 2259 praeinserta
1902 2221 2064 2260 Amicitiae,
2082 2221 2338 2260 Concordiae‚Li-

1278 2263 1337 2297 gae,
1355 2254 1501 2298 UnioniS,
1513 2254 1774 2288 Confoederationis
1785 2281 1795 2296 ,
1819 2259 1853 2289 δε
1869 2258 1951 2290 Pacis
1966 2258 2113 2298 Capitula,
2131 2261 2282 2299 omniaque
2300 2260 2335 2290 ὅτ

1281 2293 1385 2332 ungula
1409 2303 1438 2323 in
1464 2294 1516 2323 illis
1541 2296 1575 2325 δε
1600 2297 1728 2334 quolibet
1753 2306 1854 2327 eorum
1872 2307 2021 2336 contenta,
2034 2299 2115 2337 juxra
2131 2299 2169 2330 sui
2187 2300 2285 2331 seriem
2303 2299 2338 2329 &

1280 2341 1411 2362 tenorem
1434 2331 1592 2362 Laudamus
1607 2357 1617 2372 ,
1641 2335 1860 2374 Approbamus,
1878 2335 2094 2375 Ratifficamus,
2119 2338 2153 2368 &
2176 2337 2340 2368 Confirma-

1284 2380 1362 2409 mus,
1377 2379 1411 2400 ae
1426 2370 1514 2408 Rata,
1533 2370 1640 2410 Grata,
1660 2374 1693 2403 δε
1710 2374 1803 2403 Firma
1823 2374 1972 2412 habemus,
1990 2376 2041 2412 δε,
2059 2376 2080 2406 si
2098 2377 2209 2409 neeesse
2229 2377 2288 2417 est,
2304 2386 2337 2407 ea

1283 2412 1379 2439 omnia
1395 2410 1429 2440 &
1447 2409 1549 2448 singula
1565 2411 1601 2440 de
1615 2421 1693 2441 novo
1709 2411 1906 2443 Concedimus
1919 2414 1952 2444 &
1965 2413 2138 2453 Firmamus,

1318 2446 1354 2477 Et
1369 2447 1478 2490 insuper
1492 2448 1689 2480 Promittimus
1702 2451 1736 2482 ὃς
1747 2450 1897 2488 juramus,
1912 2451 1992 2489 super
2007 2451 2111 2483 Sancta
2132 2452 2192 2484 Dei
2206 2453 2339 2492 Qatuot

1282 2484 1432 2524 Evangelia
1451 2488 1632 2523 corporaliter
1649 2490 1683 2520 &
1706 2490 1870 2519 manualiter
1890 2499 1938 2527 pet
1957 2489 2026 2520 Nos
2045 2491 2116 2522 taeta
2132 2515 2142 2527 ,
2167 2493 2246 2523 bona
2269 2492 2340 2523 Fide

1282 2524 1316 2554 &
1331 2525 1361 2554 in
1378 2524 1474 2555 Verbo
1494 2524 1590 2564 Regio
1607 2535 1719 2564 tenere,
1737 2528 1770 2558 &
1785 2527 1960 2566 adimplere,
1974 2539 2008 2559 ac
2026 2529 2224 2561 inviolabiliter
2243 2531 2342 2561 obser-

1283 2572 1366 2600 vare,
1389 2572 1441 2602 pro
1463 2563 1578 2602 Nobis,
1597 2564 1723 2604 Regnis,
1741 2565 1855 2604 Terris,
1872 2567 1906 2598 &
1924 2566 2092 2598 Ditionibus
2108 2568 2231 2608 nostris,
2242 2570 2340 2601 omnia

1282 2601 1316 2631 &
1334 2601 1454 2639 fingula,
1482 2603 1510 2631 in
1530 2603 1692 2640 praeinsertis
1711 2603 1855 2634 Amicitiae
1869 2627 1880 2642 ,
1906 2603 2098 2643 Concordiae,
2117 2607 2198 2646 Ligae
2210 2631 2220 2646 ,
2238 2608 2339 2638 Unio-

1283 2640 1342 2678 nis,
1360 2639 1640 2679 Confoederationis,
1655 2643 1689 2673 &
1710 2641 1792 2673 Pacis
1811 2642 1947 2681 Capitulis
1966 2653 2116 2684 contenta,
2135 2655 2219 2683 prout
2243 2648 2272 2676 in
2291 2646 2340 2677 eis-

1284 2677 1351 2707 dem
1369 2687 1482 2709 cavetur
1502 2680 1535 2710 δε
1557 2682 1735 2718 continetur,
1754 2682 1787 2712 δῖ
1804 2690 1903 2711 contr-a
1921 2682 1974 2719 ipsa
2002 2684 2102 2720 quovis
2126 2685 2217 2714 modo
2233 2684 2342 2716 directe

1284 2717 1333 2746 ve}
1347 2717 1482 2748 indireffie
1500 2727 1558 2748 non
1582 2720 1678 2750 venire
1699 2719 1748 2749 sub
1769 2719 1954 2757 Obligat-ione
1978 2721 2012 2752 &
2037 2720 2189 2760 Ypotheca
2205 2725 2340 2755 omnium

1284 2754 1433 2786 Bonorum
1453 2755 1617 2786 nostrorum
1637 2757 1813 2794 praesentium
1833 2759 1867 2789 &
1885 2762 2061 2796 mturorum,
2077 2770 2191 2790 necnon
2209 2761 2261 2792 sub
2273 2761 2342 2794 Ροε-

1285 2802 1322 2823 na
1338 2794 1469 2832 Perjurii,
1488 2804 1572 2830 quam
1591 2794 1656 2825 Rex
1672 2796 1705 2826 δε
1723 2794 1834 2834 Regina
1849 2796 1963 2832 poffunt
1979 2798 2025 2827 tali
2041 2797 2115 2827 Casu
2132 2800 2271 2829 incurrere

1323 2830 1450 2872 Insuper,
1470 2832 1540 2864 Nos
1564 2842 1701 2871 tanquam
1725 2834 1801 2871 Avi,
1818 2834 1960 2871 Tutores,
1975 2836 2008 2865 &
2032 2834 2185 2866 Curatores
2208 2823 2340 2869 Personae

1284 2871 1391 2907 praefati
1409 2870 1584 2901 niustriffimi
1599 2871 1692 2902 Princi
1715 2873 1736 2901 is
1757 2871 1900 2901 Michaelis
1922 2873 2037 2909 Nepotis
2055 2872 2093 2907 ὠ-
2116 2875 2241 2904 Haeredis
2258 2876 2342 2915 nostri

1288 2909 1427 2948 cariffimi,
1450 2909 1664 2946 Promittimus,
1716 2909 1882 2947 ollicemur,
1910 2911 1944 2941 &
1965 2909 2096 2948 Juramus
2117 2912 2152 2942 ad
2172 2912 2340 2945 Dominum

1283 2946 1385 2977 Deum
1401 2946 1530 2977 nostrum
1542 2945 1661 2985 Jhesum
1686 2947 1853 2985 Christum,
1871 2949 1903 2978 ὃς
1917 2949 1973 2985 ejus
1994 2948 2128 2980 Sanctam
2143 2949 2285 2990 Crucem,
2304 2954 2340 2984 δε

1283 2983 1386 3014 Sancta
1408 2985 1540 3022 Quatuor
1556 2985 1723 3024 Evangelia,
1749 2986 1846 3024 quod,
1865 2985 2013 3025 postquam
2031 2988 2178 3024 praedkstus
2192 2988 2343 3022 Illustriffi-

1283 3033 1347 3053 mus
1364 3022 1496 3061 Princeps
1512 3023 1636 3053 Michael
1647 3026 1736 3062 Nepos
1751 3024 1789 3059 ὠ·
1804 3024 1936 3061 legitimus
1954 3027 2049 3055 Haeres
2067 3025 2152 3065 noster
2170 3028 2320 3068 Carisfimus
2330 3053 2341 3069 ‚

1287 3062 1356 3093 Deo
1373 3071 1529 3100 annuente,
1553 3064 1709 3100 pervenerit
1727 3062 1761 3092 ad
1779 3061 1908 3093 AEtatem
1927 3062 2078 3094 Annorum
2099 3065 2344 3106 Qatuordeciin,

1284 3101 1414 3131 dabimus
1433 3110 1551 3137 operam
1572 3110 1640 3131 cum
1665 3100 1789 3138 effec‘tu,
1817 3100 1896 3139 quod
1909 3100 2020 3139 Jurabit
2034 3101 2211 3141 solempniter
2224 3128 2234 3142 ,
2258 3107 2291 3136 &
2310 3108 2340 3137 in

1284 3139 1378 3169 forma
1392 3139 1502 3176 debita,
1519 3147 1568 3177 per
1585 3138 1622 3169 Se
1640 3139 1673 3169 &
1691 3138 1871 3170 Successores
1883 3139 1946 3170 suos
1961 3140 2073 3171 Tenere
2089 3143 2123 3173 &
2142 3143 2339 3175 inviolabiliter

1287 3177 1462 3213 Observare,
1487 3187 1520 3207 ac
1544 3177 1648 3207 Teneri
1673 3178 1707 3208 ὃς
1733 3177 1883 3208 Observari
1899 3178 1990 3209 facere
2011 3178 2196 3211 Amiciriam.
2222 3182 2241 3199 ‘²
2257 3181 2340 3213 Con-
2353 3176 2374 3196 ⁰

2391 3178 2461 3212 xm

1284 3216 1428 3252 cordiam,
1448 3215 1567 3254 Ligam‚
1584 3214 1754 3254 Unionern,
1769 3215 2076 3255 Confoederationem,
2091 3217 2212 3256 Pacem,
2231 3217 2337 3263 Paffl,
2355 3226 2419 3252 747·

1284 3255 1319 3285 &
1342 3253 1480 3283 Promissa
1502 3263 1637 3284 contenta
1661 3254 1695 3284 &
1721 3263 1865 3285 contentas
1883 3255 1912 3284 in
1929 3254 2096 3292 praeinsertis
2111 3255 2244 3295 Capitulis
2258 3268 2339 3296 Juxta

1283 3292 1398 3322 illorum
1415 3293 1448 3323 δε
1463 3291 1575 3323 illarum
1593 3292 1690 3322 seriem
1706 3294 1739 3324 δε
1754 3301 1900 3330 tenorem,
1922 3295 1956 3324 &
1974 3302 2074 3323 contra
2090 3303 2134 3323 eas
2150 3295 2196 3325 vel
2214 3306 2246 3327 ea
2263 3296 2338 3329 dire-

1286 3330 1334 3361 <ste
1358 3339 1416 3360 non
1442 3329 1534 3360 facere
1553 3331 1598 3361 vel
1623 3331 1718 3361 venire
1733 3354 1743 3369 ,
1768 3331 1818 3361 sub
1842 3329 2025 3370 Obligatione
2041 3332 2171 3362 omnium
2186 3332 2339 3367 Bonorum

1286 3369 1417 3406 suorum,
1442 3378 1475 3399 ac
1500 3369 1550 3398 sub
1575 3369 1669 3399 Poena
1692 3369 1807 3408 Pei-jurii
1832 3370 1917 3407 quam
1936 3369 2071 3407 Princeps
2089 3370 2181 3408 potest
2199 3373 2246 3402 tali
2264 3373 2340 3406 Casu

1285 3408 1445 3445 incurrere,
1462 3416 1593 3446 praeterm
1608 3407 1767 3446 Volumus,
1793 3406 1872 3445 quod
1889 3408 1920 3437 in
1938 3407 2096 3446 hujusmodi·
2119 3408 2268 3450 Amicitia,
2287 3411 2339 3443 Li—

1283 3454 1335 3484 ga,
1353 3445 1621 3483 Confoederatione,
1637 3447 1671 3476 &
1691 3446 1764 3476 Pace
1782 3445 2034 3481 comprehendatur
2048 3445 2240 3480 Sereniffimus
2254 3452 2341 3481 Ema-

1284 3483 1349 3513 nuel
1362 3487 1422 3514 Rex
1438 3484 1602 3522 Portugaliae
1618 3484 1705 3515 Filius
1723 3483 1818 3516 noster
1837 3483 2051 3515 Dilefflffimus.

1320 3560 1353 3591 In
1372 3571 1494 3599 quorum
1513 3563 1644 3592 omniurn
1663 3562 1696 3593 &
1716 3560 1884 3600 singulorum
1903 3560 2338 3602 piaedi&ommTestim0nium;

1284 3599 1429 3637 praesentes
1453 3599 1570 3630 Litteras
1596 3599 1731 3629 Manibus
1752 3598 1851 3629 nostris
1868 3599 2035 3639 signavimus
2047 3621 2058 3637 ,
2084 3599 2229 3639 Sigillique
2247 3603 2338 3633 nostri

1283 3640 1442 3668 munimine
1458 3637 1582 3676 jussimus
1601 3638 1734 3668 roborari.

1320 3712 1429 3744 Datum
1447 3715 1481 3745 δε
1499 3713 1606 3743 Ac‘tum
1624 3714 1653 3743 in
1671 3713 1743 3744 Urbe
1760 3713 1931 3752 Hispalienfi,
1949 3713 1996 3745 die
2009 3714 2152 3746 Vicefimo
2170 3714 2276 3746 Mensis
2287 3715 2337 3755 Jaf

1280 3753 1384 3790 nuarii,
1403 3754 1490 3783 Anno
1503 3762 1517 3782 a
1535 3751 1693 3782 Nativitate
1713 3751 1837 3782 Domini
1856 3752 2010 3783 Millesimo
2026 3754 2288 3796 Quingenteiimo,

1642 3827 1827 3859 Praesentibus
1843 3827 1950 3860 ibidem
1958 3852 1968 3868 ,

1317 3907 1448 3950 Guterriq
1464 3907 1496 3936 de
1514 3905 1651 3951 cardenas
1664 3903 1845 3943 Praeceptore
1861 3905 1974 3943 Maiore
1988 3904 2120 3944 Legionis
2133 3905 2251 3938 Ordinis
2266 3906 2339 3947 San-j

1283 3942 1707 4020 ἂῖἳὶῐσὲαςιὲιῗιεῖἱεζῗὲἶὲἷεᾶο
1725 3980 1848 4012 Murciae
1855 4004 1865 4019 ‚

1322 4023 1478 4060 Maioribus
1497 4021 1751 4057 Computatoribus
1768 4020 1882 4055 nostris,

1322 4061 1435 4100 Joanne
1463 4058 1600 4097 Venusque:
1633 4057 1841 4100 Computatore
1866 4056 1979 4100 Majore
2004 4055 2180 4092 illustrissimi
2201 4059 2338 4101 Principis

1288 4100 1416 4140 Nepotis
1434 4099 1465 4132 ὃς
1484 4096 1614 4130 eredis
1631 4096 1719 4129 nostri
1737 4095 1892 4171 Ciffffflb
2258 4135 2339 4167 Con·
