2555 4266
713 192 826 234 ET
911 187 1179 233 ACTA
1261 184 1738 232 PUBLICA.

0 279 253 313 Ann.D·'torum
267 303 277 317 ,
304 277 478 310 Domorum
498 301 508 315 ,
535 277 742 310 AEdificiorum
757 301 766 318 ‚
791 279 990 310 Clausurarum
1004 299 1014 315 ,
1039 287 1072 307 ac
1093 276 1215 306 aliorum

28 319 112 360 1478.
156 320 321 355 Locorum,
341 327 456 347 necnon
479 319 615 347 omnium
637 318 671 348 ὃς
693 318 864 356 singulorum
881 340 891 355 ,
909 327 941 347 ac
962 321 1214 357 quorumcumque

3 360 70 388 Edv.
88 368 116 394 4.
154 357 414 395 Implementorum
438 356 577 392 praedidio
601 355 781 394 Episcopatui
799 356 1000 392 pertinentium
1016 356 1072 382 {ive
1087 353 1215 390 speetan-

154 397 248 431 tium,
266 404 315 431 per
336 394 508 432 praediCfflm
528 397 708 424 Laurentium
722 393 951 433 Archiepiscopum
969 391 1106 427 Eborum,
1125 398 1214 425 nuper

154 431 308 471 Epifiopum
327 431 547 472 Dunelmenfhm,
563 440 609 463 aut
635 433 715 470 ipsius
739 432 840 469 Dolo,
861 429 1064 468 Negligemia,
1082 429 1127 459 seu
1149 427 1214 457 De-

154 471 222 502 sidia
241 470 437 501 Dimissorum
457 494 466 508 ,
483 470 725 508 Contingenrium
741 493 750 506 ,
771 471 815 499 seu
839 467 1072 509 Substratstorum
1086 488 1096 503 ,
1123 474 1156 495 ac
1177 463 1213 495 ad

153 519 279 546 quorum
294 509 532 546 Reparationem,
549 508 790 539 Emendationem
800 529 808 543 ,
825 506 857 536 &
871 505 1128 536 Constructionem
1141 512 1213 540 prae-

153 548 224 578 fatus
236 549 403 577 Laurentius
417 547 632 586 Archiepifiopus
646 546 764 575 Eborum
774 568 783 581 ‚
801 553 890 586 nuper
902 542 1040 580 Epifiopus
1047 541 1214 572 Dunelmen-

146 582 188 625 fis
222 586 364 616 tenebatur
379 586 424 616 seu
438 585 656 623 quomodolibet
671 584 749 612 artari
765 590 856 618 potuit
870 581 915 612 vel
930 582 1062 617 astringi,

193 608 234 655 ita
256 625 337 662 quod
366 634 419 655 nec
441 624 510 654 Nos
531 622 682 661 praedic'ius
707 618 872 650 Willielmus
894 618 1079 657 Dunelmenfis
1106 616 1214 661 Episto-

149 669 218 700 pus,
237 672 291 692 nec
316 662 490 692 Executores
513 669 558 691 aut
579 658 758 690 Successores
780 657 868 695 nostri
884 681 893 694 ,
911 658 1034 695 aliquam
1056 656 1215 686 Anionem

2269 197 2317 249 83

2180 323 2197 326 v>
2338 304 2411 336 Ann.
2426 303 2473 339 Di

1258 369 1479 412 Prorogationis
1507 372 1643 403 Termini
1663 397 1674 414 ,
1697 382 1751 417 pro
1777 369 1895 404 Litibus
1914 380 1969 418 per
1994 372 2136 407 Arbitror
2151 373 2311 418 finiendis,
2332 346 2450 420 Εὲτῒῖἰ.

1701 419 1884 464 Ratificatio.

1257 497 1373 555 REX
1391 496 1538 537 universis,
1560 500 1706 538 praesentes
1720 498 1825 534 Literas
1837 503 2010 543 inspet‘ftutiz
2028 504 2163 538 Salutem.
2335 506 2387 531 An.
2406 504 2448 532 ¹8·

1347 536 1574 606 Notunffacimus
1592 540 1689 578 quod,
2335 545 2356 568 E
2385 552 2413 577 4.

1296 576 1380 607 Cum
1405 577 1447 615 Jo
1467 588 1550 606 annes
1571 579 1702 607 Howard
1722 578 1805 608 Miles
1819 579 1964 609 Dominus
1979 579 2014 610 de
2030 580 2178 620 Howard,
2195 581 2310 613 Richar-
2330 579 2467 609 Franc.r8.

1257 609 1305 644 dus
1319 614 1444 655 Tunstall
1457 614 1560 653 Miles,
1578 617 1611 646 ὅ(
1625 616 1737 646 Thomas
1753 619 1882 654 Langton
1895 617 2089 648 Decretorum
2106 619 2238 660 Dostor,
2330 621 2359 644 Ε·
2375 627 2394 653 4
2412 626 2449 646 m·

1294 653 1398 684 Nostri
1411 654 1631 691 Procuratores,
1652 654 1769 691 Legati,
1788 656 1820 684 ὃς
1836 655 1870 685 ad
1892 653 2066 693 infrascripta
2090 656 2239 697 Deputati,
2258 669 2314 689 no*
2336 664 2379 684 ¹2·

15 1519 91 1553 Ann.
108 1520 148 1550 D.

45 1560 129 1597 1478.

10 1602 64 1626 Aa.
88 1598 129 1626 18.

12 1678 54 1702 Ex·
69 1659 127 1702 ju·

13 1720 79 1750 eegr.

28 2439 50 2457 0
64 2438 134 2468 XII.

155 701 251 731 versus
264 701 412 739 praefatum
424 701 604 729 Laurentium
623 696 852 735 Archiepiscopum
873 695 992 726 Eborum
1003 719 1012 733 ,
1038 705 1126 732 nuper
1149 697 1216 732 Epi-

150 738 257 779 scopum
271 737 474 806 Dunolmrgzsem
483 760 492 776 ‚
503 736 546 766 seu
559 736 731 765 Executores
745 736 806 765 suos
816 757 826 774 ,
844 735 889 765 seu
901 745 1004 764 eorum
1017 734 1139 771 aliquem
1150 743 1216 770 ,oc-

158 779 271 808 casione
285 778 390 808 Praemi
417 785 518 811 orum,
537 774 573 804 de
589 782 693 804 caetero
709 773 837 810 exigere,
856 783 992 809 movere,
1008 772 1053 802 vel
1066 772 1216 803 vendicare

158 817 331 854 poterimus,
347 815 393 844 seu
411 813 516 850 poterit
529 811 558 840 in
573 811 720 849 futurum,
736 811 774 842 set
793 822 842 850 per
867 812 925 841 hoc
942 811 1064 842 Paetum
1085 810 1215 840 nostrum

158 855 246 885 fimus
258 853 359 884 exclusi
373 850 583 888 imperpetuum
598 851 631 881 &
647 850 866 881 Praecludamur.

196 892 230 923 In
251 892 329 928 cujus
351 889 408 920 Rei
421 888 638 919 Testimonium
654 888 841 920 Praesentibus
859 887 990 927 Sigillum
1015 887 1147 918 nostrum
1168 896 1217 925 ap·-

199 931 308 960 suimus.

157 940 266 997 PoDat.
283 963 514 1005 Qartodecimo
529 964 587 995 Die
603 964 710 995 Mensis
724 963 814 1004 Maii,
830 965 918 996 Anno
940 965 1034 1004 Regni
1057 963 1144 1003 Regis
1156 963 1218 994 Ed-

159 1006 248 1039 wardi
263 1004 365 1044 Qarti
376 1004 503 1036 Decimo
519 1004 634 1035 oe'tavo.

196 1079 239 1112 Et
257 1080 540 1118 MEMORANDUM,
575 1080 630 1110 uod
637 1082 782 1119 praediffm·
797 1081 972 1111 W'illielmus
986 1080 1140 1119 Episcopus
1153 1077 1219 1109 Du-

159 1121 307 1151 nelmenfis
323 1124 402 1150 venit
414 1124 443 1150 in
457 1119 555 1149 Cancel
564 1123 651 1149 ariam
661 1123 737 1157 Regis
745 1143 754 1158 ,
767 1120 953 1149 Tertiodecimo
965 1122 1019 1149 Die
1032 1118 1132 1157 Junii,
1151 1120 1220 1146 An-

158 1168 194 1189 no
210 1160 352 1198 praest’nti,
369 1157 407 1192 <VJ
428 1161 591 1196 Recognovit
611 1161 741 1196 Scriptum
758 1158 918 1196 praedidtum
934 1157 971 1193 ὠ
988 1160 1076 1187 omnia
1093 1162 1220 1186 contenta

159 1201 189 1228 in
202 1198 289 1227 eodem
303 1202 331 1227 in
338 1196 433 1237 forma
444 1198 588 1236 praea'ida.

162 1321 340 1366 Certficatio
370 1318 451 1368 quod
482 1323 601 1353 Civitas
632 1317 809 1366 Colburgens
843 1319 962 1364 ejusque
996 1320 1082 1350 Cives
1097 1316 1220 1363 sepera-

209 1376 320 1403 verunt
336 1370 370 1414 ft
393 1369 431 1401 ab
454 1370 522 1401 aliis
553 1365 737 1400 Civitatibus
765 1369 946 1410 Hanfiaticis
973 1393 982 1408 ‚
1014 1370 1050 1404 (ῤ’
1087 1365 1150 1398 ideo
1181 1363 1219 1397 ab

208 1416 343 1450 omnibus
365 1418 538 1464 Privilegiis
559 1420 590 1448 in
612 1416 729 1462 Anglia
745 1417 820 1461 fiant
842 1414 1027 1448 excludendi.

166 1500 361 1566 SEreniffimo
383 1499 610 1543 Potentiffi'moque
626 1501 743 1538 Principi
762 1499 800 1535 (ᾤ’
822 1499 937 1530 Domino
960 1501 1076 1531 Domino
1096 1495 1223 1528 Edwar-

224 1543 257 1572 do
275 1541 387 1579 Angliae
403 1541 441 1576 &
455 1544 575 1570 Franciae
588 1541 653 1577 Regi
671 1540 860 1579 Hiberniaeque
883 1541 1015 1575 Domino,
1035 1537 1094 1572 &a
1114 1538 1224 1568 Domi-

165 1591 206 1611 no
227 1580 454 1615 Gratiosissimo,
472 1588 586 1609 necnon
610 1578 667 1607 aliis
689 1579 952 1616 (quorumcumque
967 1574 1074 1613 Statim,
1094 1576 1224 1614 Dignita-

164 1620 199 1650 tis
215 1641 225 1657 ,
243 1618 470 1649 Praeeminentiae
483 1640 494 1656 ,
512 1615 626 1646 Gradus
637 1638 646 1652 ,
665 1615 808 1647 Nominis
822 1639 831 1651 ,
850 1624 895 1645 aut
920 1614 1104 1656 Conditionis
1126 1615 1225 1645 eruite<

165 1656 233 1694 rint)
257 1657 356 1695 quibus
377 1655 505 1693 expedit,
523 1654 672 1693 universis,
697 1655 755 1684 Nos
770 1677 778 1691 ‚
806 1653 971 1692 Proconsules
992 1657 1073 1682 totius
1096 1652 1224 1691 Consida-

166 1695 212 1725 tus
231 1693 270 1731 ὠ·
289 1695 496 1725 Communitatis
513 1692 663 1730 Imperialis
684 1695 816 1722 Civitatis
836 1691 956 1722 Lubicen
967 1703 988 1722 ts
1001 1715 1010 1729 ,
1035 1699 1220 1732 caeterarumq3

164 1736 339 1772 Civitatum,
356 1736 521 1771 Burgorum,
537 1735 736 1769 Communium,
755 1734 783 1761 V
782 1730 891 1761 illarum
907 1754 916 1767 ,
938 1743 969 1761 ἠν
993 1733 1124 1760 Locorum
1143 1733 1224 1760 totius

163 1771 267 1811 Hanfie
281 1770 448 1802 Theutonicae
467 1770 603 1800 Oratores
616 1770 649 1801 &
667 1770 799 1807 Nuncii,
818 1771 846 1800 in
863 1769 916 1805 ipsa
932 1769 1054 1800 Civitate
1074 1769 1223 1799 Lubicenii

161 1810 314 1848 specialiter
337 1809 506 1847 constituti,
532 1807 660 1839 Hansam
683 1809 847 1846 praedietam
872 1807 1114 1845 Repraesentantes
1131 1831 1140 1845 ,
1159 1806 1223 1845 post

161 1848 323 1882 humilimas
343 1848 508 1878 nostrorum
516 1847 731 1885 Obsequiorum
745 1846 947 1884 exhibitiones,
966 1846 1085 1876 Tenore
1098 1845 1224 1877 Praesen-

163 1888 238 1918 tium
256 1887 434 1923 Literarum,
451 1884 558 1915 Notum
565 1883 630 1924 fhre
645 1885 776 1923 cupimus
791 1885 888 1924 quod,

202 1925 284 1956 Cum
300 1927 390 1963 inter,
408 1926 444 1955 ab
457 1924 531 1961 una,
549 1923 802 1955 Praecellentiffimi
818 1923 943 1953 Domini
957 1923 1044 1962 Regis
1058 1922 1224 1963 supradiffl,

164 1973 198 1995 ac
221 1964 354 2002 nostros,
384 1963 420 1994 ab
439 1962 492 1993 alia
510 1962 637 1993 Partibus
653 1985 662 2000 ,
693 1961 872 1992 Venerabiles
901 1962 933 1992 ὅ(
957 1961 1093 2000 Egregios
1116 1960 1201 1992 Viros
1215 1985 1225 2001 ,

166 2000 314 2033 Dominos
337 2002 489 2039 Oratores,
508 2000 743 2037 Commissarios,
758 2009 842 2039 atque
866 2000 1071 2031 Procuratores
1089 1999 1227 2038 (Manda-

163 2043 199 2072 tis
215 2040 349 2072 hincinde
365 2041 492 2071 Partium
506 2049 538 2069 ac
554 2038 696 2070 Potestate
718 2039 801 2076 plene
821 2037 948 2069 suffultos
970 2040 1076 2073 (earum
1100 2037 1173 2069 Vice
1192 2039 1225 2069 &

166 2079 364 2116 Nominibus,
380 2079 460 2109 certis
476 2077 594 2116 Modis,
613 2077 691 2114 Viis,
711 2079 744 2109 &
758 2077 888 2115 Formis,
908 2076 1000 2108 Causa
1016 2078 1049 2108 &
1065 2076 1227 2108 Occasione

165 2118 246 2149 Pacis
260 2118 293 2148 &
305 2114 505 2154 Treugarum‚
521 2118 593 2147 inter
609 2115 635 2147 se
650 2115 814 2146 alterutrum
837 2117 870 2147 &
887 2125 984 2146 earum
1005 2116 1155 2153 Subditos‚
1174 2115 1228 2146 du-

164 2156 240 2187 dum
262 2155 418 2193 (videlicet)
442 2155 529 2185 Anno
557 2154 683 2185 Domini
708 2152 887 2191 Millesimo,
916 2154 1226 2194 Qadringentesimo‚

165 2195 380 2232 Septuagefimo
405 2201 520 2232 quarto,
536 2193 565 2223 in
580 2192 756 2231 Trajetstenfi
773 2191 895 2223 Civitate
913 2193 1136 2232 appundmasse,
1154 2203 1227 2223 con-

164 2232 288 2271 venisse,
303 2231 491 2263 concordfiffe
504 2254 514 2269 ,
532 2232 565 2262 &
588 2231 758 2262 conclufiffe
777 2231 933 2262 constiterit
956 2231 1101 2262 evidenter
1116 2256 1125 2269 ,
1144 2240 1227 2268 prout

163 2271 193 2303 in
219 2271 360 2301 nonnullis
382 2271 528 2302 dictorum
552 2270 754 2300 Dominorum
785 2269 944 2300 Oratorum
960 2293 969 2305 ,
1002 2269 1229 2300 Commissario-

164 2319 248 2348 rum,
266 2310 298 2340 &
314 2310 538 2341 Procuratorum
555 2308 671 2348 desuper
686 2307 837 2346 expeditis,
855 2308 888 2338 &
912 2307 967 2337 aliis
990 2317 1136 2348 propterea
1159 2309 1227 2339 Par-

163 2350 238 2379 tium
257 2348 482 2386 supradictorum
502 2347 713 2384 Acceptationis
729 2370 739 2384 ,
773 2346 993 2384 Approbationis
1007 2370 1016 2385 ,
1048 2348 1081 2378 ὃς
1110 2346 1229 2377 Confir-

166 2387 296 2418 mationis
321 2388 388 2417 inde
412 2386 545 2416 emanatis
569 2385 696 2423 Litteris,
715 2385 824 2423 plenius
849 2384 1007 2422 expressum
1028 2384 1162 2423 habetur,
1183 2387 1227 2416 in-

166 2434 208 2456 ter
227 2425 279 2455 alia
298 2425 441 2463 quendam
463 2423 624 2456 Articulum
640 2425 659 2444 ⁴⁸
680 2425 708 2454 in
730 2423 756 2454 se
778 2424 990 2455 continentibus
1006 2423 1132 2455 Tenoris
1145 2425 1227 2463 hujus

166 2463 353 2502 subsequentis
361 2488 371 2502 ,

201 2540 250 2576 ῙΤ
263 2553 281 2575 E
293 2549 322 2576 M
339 2568 348 2582 ,
366 2541 591 2582 Appum‘i‘uatum
609 2567 618 2581 ,
635 2548 804 2575 Conveniam
817 2567 827 2583 ,
853 2539 1047 2575 Concordatum
1059 2567 1070 2583 ,
1095 2542 1134 2579 (9·
1160 2547 1229 2574 Con-

165 2583 264 2624 cluficm
281 2583 317 2624 est
339 2583 426 2623 quod,
436 2582 465 2623 fi
488 2595 546 2624 quae
570 2586 742 2620 Civitatum,
758 2587 1002 2619 Communitatum,
1021 2591 1071 2612 aut
1096 2583 1229 2622 Petfina-

165 2633 226 2652 rum
240 2633 458 2662 quarumcumque
474 2621 712 2662 Confoederationir
728 2621 832 2661 Hansae
846 2622 1031 2659 Thcutonicae,
1045 2630 1094 2659 per
1109 2621 1229 2651 aliarum

166 2664 320 2691 Civitatum
339 2659 376 2694 &
395 2664 621 2691 communitatum
639 2660 751 2700 ejusdem
772 2663 839 2690 Han
853 2672 876 2690 ae
900 2664 1031 2690 Oratores
1045 2682 1054 2697 ,
1082 2671 1117 2689 ex
1138 2660 1228 2700 Caufis

165 2710 208 2728 eos
223 2699 390 2729 moventibus
405 2721 415 2736 ,
431 2710 449 2727 a
461 2703 562 2729 caeteris
579 2699 746 2729 Civitatibus
764 2698 802 2733 ῤ’
853 2702 902 2728 ocis
919 2698 1046 2738 Hanfizm
1068 2698 1228 2737 facientibus

165 2741 295 2776 Seperata
315 2745 366 2766 aut
389 2738 574 2767 Dimembrata
594 2737 710 2776 existat,
729 2745 779 2767 aut
792 2736 899 2776 futuris
919 2736 981 2774 ullis
1001 2737 1160 2775 temporibus
1180 2742 1228 2767 Se-

161 2782 273 2815 peretur
294 2783 344 2805 aut
365 2776 586 2813 Dimembretur,
605 2783 654 2805 aut
676 2787 735 2816 quae
757 2776 908 2806 earumdem
925 2775 980 2815 sud
998 2774 1092 2814 sponte
1110 2775 1228 2816 seipsum

167 2818 274 2852 Seperct
296 2813 334 2848 ὠ
353 2814 537 2853 Dimembret,
554 2817 684 2844 Dominus
707 2814 770 2845 Rex
792 2814 922 2853 Angliae,
941 2814 982 2843 ad
1003 2813 1229 2854 certificationem

167 2851 206 2887 ὠ»
220 2851 422 2919 Βεφιὶίὶῑίοηεηι
437 2856 585 2881 Oratorum
597 2853 748 2882 earumdem
765 2854 919 2883 civitatum
944 2851 982 2887 ὠ
1003 2856 1231 2883 Communitatum

166 2888 273 2930 Hanfie
314 2890 442 2927 ujusmodi
456 2913 465 2927 ,
481 2889 574 2929 statim
591 2911 601 2927 ,
611 2890 672 2929 fine
691 2890 813 2920 ulteriori
834 2888 927 2929 Caufae
946 2894 1088 2928 rognitione
1104 2915 1114 2930 ,
1131 2896 1230 2922 totiens

168 2933 290 2972 quotiens
308 2928 392 2968 ipJ'am
435 2931 474 2957 eri
492 2931 646 2965 contigerit,
665 2928 802 2966 reputabit
824 2932 981 2965 Civitates,
999 2932 1227 2969 Communitater,

167 2975 220 2997 aut
233 2966 383 3035 Perfmas,
411 2966 493 3006 zcstbi
509 2965 681 3007 certificatas
691 2989 700 3004 ,
717 2973 775 2995 tam
795 2977 857 2995 uam
874 2965 1051 3004 Alienigenas
1070 2966 1108 3001 ὠ·
1128 2969 1227 2998 Foren-

158 3005 224 3044 fi’s,
242 3016 278 3035 nu
290 3004 365 3047 loque
387 3003 532 3041 Privilegio
555 3008 673 3034 munitas
691 3015 760 3045 quoa
799 3007 917 3041 Regnum
932 3006 1013 3043 suum
1036 3005 1162 3042 Angliae‚
1182 3018 1228 3036 nec

166 3043 222 3074 illis
237 3055 328 3082 nova,
347 3045 469 3081 majora,
486 3050 536 3072 aut
544 3041 645 3083 fimilia
662 3042 767 3082 Hansae
781 3042 936 3080 Privilegis's
952 3043 1029 3072 dabit
1040 3067 1049 3082 ,
1063 3051 1114 3073 aut
1125 3044 1227 3074 talibus

167 3082 197 3110 in
214 3084 303 3118 Regno
323 3082 436 3118 Angliae
456 3081 572 3119 gaudere
586 3084 742 3119 permittet,
763 3081 842 3110 donec
862 3090 910 3120 per
933 3084 1062 3112 Litteras
1075 3085 1225 3112 Oratorum

168 3119 288 3159 Hansse,
303 3120 336 3150 de
353 3120 509 3150 Civitatum
519 3142 528 3157 ‚
546 3123 787 3157 Communitatum,
803 3126 853 3148 aut
875 3119 1056 3159 Personarum
1078 3119 1227 3161 hujusr'nodi

166 3158 299 3189 Reunione
311 3157 349 3194 ὠ·
365 3158 583 3200 Reconfiliatione
599 3160 765 3188 Certioratus
778 3156 877 3197 fuerit,

202 3233 240 3265 Et
257 3235 312 3266 'am
328 3236 430 3266 Nobis
445 3237 599 3266 innotuerit
614 3234 750 3273 providos
760 3245 792 3265 ac
807 3235 1029 3273 circumspee‘tos
1048 3236 1135 3267 Viros
1158 3238 1227 3267 Pro-

167 3245 281 3311 confisa
299 3273 337 3308 (ἂν
355 3273 476 3312 Confides
496 3276 699 3303 Communitatis
714 3272 752 3308 όν
768 3277 901 3303 Civitatis
924 3273 1115 3315 Colbergenfis,
1131 3274 1226 3306 Cam-

167 3311 264 3341 nienfis
279 3312 436 3349 Dioeceiis,
455 3322 508 3349 pro
523 3312 549 3342 se
565 3313 597 3342 &
614 3321 715 3342 eorum
740 3310 921 3343 Concivibus
937 3313 1083 3350 universis,
1100 3314 1225 3351 ipsorum

168 3346 195 3378 V
199 3349 241 3379 ice
264 3350 296 3380 &
320 3350 512 3388 Nominibus,
531 3361 547 3380 a
567 3350 665 3380 Nobis
685 3352 718 3381 ὃ(
733 3350 840 3381 caeteris
853 3349 1022 3380 Civitatibus
1040 3361 1121 3390 atque
1137 3352 1225 3382 Locis

167 3385 295 3417 Hansatn
314 3387 479 3420 facientibus
494 3411 504 3426 ‚
529 3389 577 3427 se,
593 3390 622 3418 in
648 3388 868 3426 supradictarum
889 3388 970 3419 Pacis
989 3391 1022 3421 &
1042 3390 1224 3428 Treugarum

168 3423 303 3462 Materia,
321 3426 367 3456 suit
377 3427 476 3464 sponte
490 3426 633 3465 Seperizsie
649 3429 682 3458 &
700 3426 934 3463 Dimembraffe,

206 3462 246 3492 Ea
259 3473 371 3506 propter
387 3465 422 3495 de
437 3465 512 3503 hoc,
528 3476 582 3496 vos
595 3475 696 3496 omnes
711 3474 820 3496 certam
833 3467 866 3497 &
882 3465 1066 3496 indubitatam
1074 3465 1223 3497 Notitiam

167 3501 270 3545 habere
284 3501 463 3545 desiderantes
472 3526 481 3542 ,
495 3505 578 3534 vobis
591 3503 773 3535 Sereniffirno
787 3504 923 3534 Domino
947 3504 1038 3542 Regi,
1055 3514 1089 3535 ac
1112 3506 1224 3536 cunt‘iis

166 3540 224 3569 aliis
246 3539 420 3577 supradietis,
437 3541 466 3570 id
483 3542 574 3579 ipsum
596 3542 821 3573 Notificandum
833 3567 841 3579 ,
862 3542 1059 3574 Intimandum
1074 3566 1083 3581 ,
1100 3545 1134 3575 ὃς
1154 3544 1223 3574 Insi-

166 3577 309 3648 gpalntium
322 3579 494 3618 curavimus,
511 3580 616 3619 illisque
628 3580 807 3619 praesentibus
822 3579 1018 3612 Notificamus
1027 3581 1223 3622 ,Intimamus,

229 3626 247 3646 n
262 3624 398 3645 muamus.

201 3653 235 3684 In
265 3654 342 3692 cujus
366 3651 466 3697 Fidem
485 3654 524 3697 ¹&
546 3654 767 3687 Testimonium
787 3654 1061 3696 Praemifforurnque
1087 3660 1221 3689 omniurn

164 3693 310 3732 praesentes
336 3691 440 3735 Literas
463 3690 561 3731 Sigillo
578 3692 710 3724 Civitatis
734 3692 900 3725 Lubicenfis
922 3696 1023 3725 eisdem
1045 3697 1222 3734 appendente

164 3733 293 3762 roborari
306 3730 442 3767 fecimus,
459 3728 586 3767 expreffis
599 3731 634 3761 ad
646 3732 704 3762 hoc
719 3731 873 3762 Voluntate
889 3734 922 3762 &
939 3733 1085 3765 Consensu
1101 3735 1222 3773 supradi-

165 3770 282 3801 &orum
297 3766 503 3799 Proconsulum
519 3769 553 3798 &
568 3767 728 3811 Consulum
750 3769 874 3807 ejusdem
897 3771 1066 3803 Lubicenfis
1090 3773 1221 3803 Civitatis

163 3808 380 3843 accedentibus,
398 3806 478 3844 quod
499 3805 569 3836 Nos
588 3806 676 3837 udem
699 3807 886 3838 Proconsules
907 3809 940 3839 &
956 3809 1095 3841 Consules
1107 3812 1220 3843 antefati

164 3847 280 3885 publice
295 3844 465 3877 attestamur.

199 3921 287 3953 Daras
306 3923 338 3952 in
358 3921 450 3951 eadem
472 3923 596 3966 Ciuitate
619 3919 707 3964 Anno
731 3919 1032 3966 DomininMillefimo
1045 3948 1056 3964 ,
1074 3923 1220 3966 Qadrin.

163 3961 322 3998 gentefimo
333 3961 459 3998 ottavo,
476 3960 574 3991 Prima
591 3958 650 3991 Die
667 3957 776 3990 Mensis
791 3959 881 3998 Junu.

195 4118 269 4148 Tam.
286 4117 318 4147 V.
337 4117 370 4147 P.
388 4118 447 4147 ΠΙ.

1260 690 1321 721 stris
1345 692 1521 722 Auum-itate
1545 694 1578 723 ὃς
1606 691 1742 722 Nomine
1757 716 1766 730 ,
1785 702 1852 722 cum
1873 691 2060 724 Illustriffimo
2081 705 2113 724 ac
2135 697 2315 728 Sereniffirno

1261 730 1345 767 Rege
1365 731 1504 760 Ludovico
1526 733 1649 761 Franciae
1680 730 1778 761 nostro
1807 730 2023 768 consanguineo
2049 731 2188 763 cariffimo
2204 757 2213 772 ,
2243 734 2318 773 apud

1262 768 1434 799 Hesdinium
1448 792 1458 807 ,
1484 768 1586 800 Mense
1607 769 1710 807 Aprilis
1733 769 1836 800 ultimo
1860 771 2023 808 praeterito,
2055 769 2266 803 Convenientes
2284 775 2319 805 δε

1263 806 1483 839 Concordantes
1494 829 1504 845 ,

1299 845 1508 884 Compromisli
1521 868 1531 883 ,
1557 846 1630 876 inter
1648 845 1716 876 Nos
1735 844 1922 884 nostrumque
1941 844 2196 881 Consanguineum
2217 848 2319 884 praedi-

1263 883 1342 914 <stum
1357 908 1366 922 ,
1391 884 1428 915 de
1447 884 1547 914 nostris
1569 882 1777 915 Controverfiis
1791 906 1801 922 ,
1823 884 1908 914 Nona*
1930 883 1968 918 ὠ·
1991 884 2116 923 vicefimd
2138 888 2191 914 Die
2219 887 2319 927 Mensis

1264 923 1402 963 Augusti,
1434 925 1521 953 Anno
1545 925 1656 952 Domini
1686 922 1830 962 Millesimo
1845 945 1854 961 ,
1887 922 2157 963 §Quadringentesimo
2171 947 2179 961 ,
2209 926 2240 952 Se
2257 932 2319 953 tua-

1259 961 1353 1000 gefimo
1379 962 1471 1002 quinto
1485 984 1495 1001 ,
1523 971 1613 999 prope
1634 961 1788 992 Civitatem
1810 961 2032 991 Ambienenscm
2053 960 2178 992 confecii
2195 983 2204 998 ,
2265 964 2320 992 iem

1264 1000 1449 1038 protulerint,
1465 1000 1671 1038 nonnullosque
1693 1001 1842 1036 Arbium,
1860 999 1896 1030 de
1918 1000 1950 1029 &
1973 1000 2052 1036 luper
2072 1000 2175 1030 eisdem
2193 999 2322 1030 Contro-

1265 1038 1357 1082 verliis
1376 1036 1554 1082 processuros
1577 1039 1611 1069 &
1632 1039 1734 1069 Finem
1758 1048 1806 1076 per
1828 1037 1889 1068 Dei
1912 1037 2040 1068 Gratiam
2056 1037 2255 1076 imposituros,
2270 1048 2324 1068 no-

1267 1086 1436 1107 minavermt

1300 1114 1359 1145 Pro
1382 1099 1508 1146 felic'iore
1524 1114 1606 1154 hujus
1628 1113 1839 1153 Compromisfi
1861 1111 2064 1152 Expeditione,
2083 1125 2146 1153 quae
2170 1116 2199 1145 in
2219 1123 2322 1150 eorum

1263 1151 1364 1183 Literis
1384 1153 1513 1189 Hesdinii
1534 1154 1631 1192 Datis,
1648 1154 1775 1191 Septima
1795 1154 1852 1184 Die
1870 1152 1977 1183 Mensis
2000 1153 2101 1190 Aprilis·
2117 1176 2126 1191 ,
2150 1153 2238 1184 Anno
2258 1151 2324 1182 Do-

1264 1193 1335 1237 mini
1359 1190 1533 1235 Milli-elimo,
1550 1192 1842 1231 Quadringentesimo
1858 1213 1867 1229 ,
1884 1191 2094 1230 Septuagelimo
2115 1193 2220 1222 ottavo
2236 1214 2246 1230 ,
2265 1192 2324 1229 ple-

1265 1240 1329 1260 nius
1343 1239 1540 1268 continentur,

1302 1267 1433 1305 Quarum
1449 1268 1566 1307 quidem
1579 1268 1735 1300 Literarum
1750 1269 1853 1300 Tenor
1866 1268 1986 1307 sequitur
2000 1269 2034 1300 &
2046 1267 2086 1299 est
2103 1268 2180 1307 talis,

1302 1343 1439 1385 Univerfis
1457 1343 1495 1378 ὠ
1515 1342 1628 1384 singulis
1641 1370 1650 1383 ,
1674 1344 1707 1375 ad
1737 1354 1862 1382 quorum
1882 1344 2030 1376 Notitiam
2054 1344 2198 1382 praesentes
2219 1344 2323 1375 Literae

1264 1393 1441 1421 pervenerint
1455 1408 1463 1419 ,
1495 1383 1641 1421 Johannes
1664 1384 1795 1413 Howard
1820 1381 1906 1413 Miles
1938 1383 2084 1414 Dominus
2104 1384 2139 1412 de
2165 1382 2296 1415 Howard
2311 1405 2322 1421 ,

1265 1422 1415 1451 Richardus
1440 1422 1563 1461 Tunstall
1587 1422 1690 1461 Miles,
1709 1423 1741 1452 ὅς
1760 1421 1874 1450 Thomas
1895 1422 2024 1459 Langton
2042 1421 2237 1453 Decretorum
2255 1421 2323 1452 Do-

1265 1461 1345 1495 stor,
1364 1459 1536 1490 illustrissimi
1554 1460 1693 1497 Principis
1718 1459 1943 1490 Metuendiffimi
1962 1461 2089 1491 Domini
2108 1459 2196 1490 nostri
2218 1460 2324 1495 Supre—

1265 1501 1306 1529 mi
1330 1499 1469 1529 Edwardi
1491 1497 1609 1537 Qiarti,
1628 1498 1684 1529 Dei
1703 1498 1807 1535 gratia,
1824 1498 1936 1535 Angliae
1959 1498 1996 1532 &
2020 1501 2140 1527 Franciae
2164 1502 2241 1535 Regis
2257 1523 2266 1536 ,
2283 1496 2324 1533 &-

1266 1540 1375 1568 Domini
1390 1537 1529 1567 Hiberniae
1551 1536 1767 1574 Procuratores,
1785 1537 1900 1575 Legati,
1919 1538 1952 1567 &
1971 1536 2006 1566 ad
2029 1536 2202 1575 infrascripta
2221 1537 2324 1575 Depu-

1265 1576 1332 1613 tati,
1351 1576 1486 1607 Salutem.

1305 1615 1405 1646 Sciatis
1421 1613 1518 1653 quod,

1305 1653 1387 1685 Cum
1401 1648 1596 1685 Sereniffimus
1610 1663 1642 1684 ac
1658 1651 1869 1683 Potentiffimus
1880 1654 1940 1682 Rex
1965 1649 2067 1691 noster,
2084 1651 2228 1683 Vicesimr't
2249 1651 2327 1683 nonii

1267 1691 1324 1722 Die
1345 1691 1453 1723 Mensis
1477 1692 1617 1730 Augusti,
1637 1692 1726 1722 Anno
1742 1691 1863 1721 Domini
1882 1689 2056 1728 Millesimo,
2077 1691 2328 1730 Quadringentesi-

1265 1741 1335 1768 mo,
1360 1730 1570 1770 Septuagesrmo
1591 1731 1691 1768 quinto
1707 1752 1716 1768 ,
1741 1740 1773 1760 ac
1795 1728 1994 1760 Illustriffimus
2018 1729 2151 1767 Princeps
2173 1730 2328 1759 Ludovicus

1262 1773 1403 1808 Frantiae,
1419 1769 1508 1807 Regis
1523 1769 1612 1799 nostri
1624 1768 1800 1799 Illustriffimi
1816 1771 1833 1786 *
1848 1767 2082 1806 consanguineus
2096 1778 2130 1798 ac
2154 1767 2245 1798 Frater
2268 1767 2324 1797 Ca-
2350 1771 2363 1782 ²
2383 1769 2452 1798 XII.

1263 1808 1383 1839 riffimus
1400 1833 1408 1846 ,
1434 1817 1503 1839 tunc
1530 1817 1619 1845 prope
1646 1806 1802 1838 Civitatem
1824 1806 2045 1836 Ambianensem
2065 1806 2212 1837 existentes
2225 1830 2234 1843 ,
2259 1807 2324 1837 zelo
2342 1810 2388 1837 62.

1264 1845 1432 1877 Christianae
1458 1846 1614 1885 Religionis
1637 1845 1746 1876 accensi
1761 1868 1771 1883 ,
1795 1846 1829 1876 ὅς
1854 1844 1886 1874 ea
1913 1855 1977 1882 quae
1996 1843 2162 1875 Catholicos
2182 1845 2327 1883 Principes

1263 1883 1346 1916 decet
1365 1887 1436 1916 moti
1453 1884 1632 1920 Clementia,
1651 1893 1681 1914 ut
1700 1883 1929 1914 Christianorum
1951 1883 2097 1923 Sanguinis
2116 1881 2246 1914 effusioni
2266 1894 2328 1921 par-

1265 1932 1392 1962 ceretur,
1418 1923 1517 1962 Bellis,
1543 1924 1692 1962 Querelis,
1715 1924 1749 1954 &
1768 1921 1911 1959 Diisidiis,
1937 1932 2000 1959 qute
2017 1925 2086 1952 inter
2105 1932 2153 1952 eos
2173 1932 2328 1960 eorumque

1263 1962 1485 1993 Praedecessores
1503 1971 1537 1992 ex
1557 1962 1651 1992 multis
1669 1970 1731 1991 ante
1750 1961 1802 1991 hac
1828 1961 2002 1998 temporibus
2027 1962 2175 1990 extiterunt
2190 1983 2199 1999 ,
2224 1961 2328 1991 Finem

1263 2011 1369 2039 ponere
1393 2004 1536 2038 cupientes
1551 2023 1561 2038 ,
1586 2002 1619 2031 ὅ(
1646 1999 1753 2030 Pacem
1769 2023 1779 2036 ,
1805 1999 1882 2036 quod
1911 1998 2025 2035 speciale
2045 1998 2103 2028 Dei
2122 1999 2244 2029 Donum
2262 1999 2303 2028 est
2318 2022 2329 2036 ,

1263 2041 1375 2071 summo
1395 2039 1487 2070 studio
1503 2038 1654 2076 ampleffi,
1670 2047 1787 2076 eamque
1804 2038 1857 2067 suis
1873 2036 1988 2075 Terris,
2009 2037 2174 2075 Dominiis,
2200 2037 2232 2068 ὃς
2252 2037 2328 2067 Sub-

1263 2079 1343 2117 ditis,
1360 2087 1497 2116 quantum
1516 2079 1545 2108 in
1561 2079 1599 2108 eis
1617 2077 1676 2115 est,
1693 2076 1801 2115 elargiri
1820 2075 1981 2113 voluerint,
1999 2072 2218 2114 Convenerint,
2244 2074 2328 2106 Con-

1264 2118 1393 2148 senserint
1409 2140 1419 2156 ,
1444 2117 1477 2148 &
1497 2116 1759 2154 Appun&uaverint
1775 2115 1854 2154 quod
1872 2124 1973 2144 omnes
1997 2113 2070 2144 Lites
2083 2137 2093 2152 ,
2120 2115 2302 2151 Quaestiones
2318 2136 2329 2151 ,

1266 2156 1416 2196 Querelae,
1439 2156 1472 2186 δε
1492 2155 1671 2193 Demandae,
1693 2153 1845 2192 pendentes
1865 2152 2026 2183 indiscusse
2044 2153 2114 2182 inter
2135 2164 2199 2191 eos,
2218 2154 2246 2182 in
2268 2152 2329 2182 Re-

1263 2194 1493 2226 verendiffimum
1513 2195 1541 2223 in
1562 2192 1680 2224 Christo
1701 2192 1811 2222 Patrem
1829 2190 1957 2221 Thomam
1974 2191 2194 2231 cantuarienfi’m
2211 2190 2332 2221 Arelate-

1258 2238 1289 2272 pi
1304 2241 1389 2271 capum
1408 2232 1586 2263 Cardinalem
1608 2231 1695 2261 nostri
1714 2230 1851 2267 Principis
1869 2229 2046 2260 [nvietiffimi
2067 2230 2270 2267 Avunculum,
2293 2231 2328 2260 &

1298 2274 1354 2310 egis
1373 2271 1461 2302 nostri
1480 2268 1651 2301 Sereniffimi
1668 2268 1851 2299 Cariffimurn
1870 2268 1994 2299 Fratrem
2013 2271 2153 2305 Georgium
2182 2267 2329 2298 Cla›e11ciae

1265 2314 1366 2341 Ducem
1384 2335 1392 2348 ,
1420 2320 1468 2347 per
1485 2309 1597 2348 Regem
1616 2308 1744 2338 nostrum
1765 2306 1975 2338 Sereniffimum
1994 2315 2026 2337 ex
2045 2306 2089 2336 sua
2106 2306 2188 2337 Parte
2204 2329 2213 2344 ,
2237 2307 2270 2337 ὃς
2298 2307 2329 2337 in

1265 2348 1542 2380 Reverendiffimum
1561 2349 1590 2377 in
1604 2346 1720 2377 Christo
1734 2346 1845 2377 Patrem
1862 2343 1995 2374 Karolum
2009 2344 2238 2385 Archiepzstopum
2252 2348 2329 2383 Lug-

1264 2388 1406 2428 dunensem
1429 2397 1506 2417 nunc
1529 2384 1711 2416 Cardinalem
1734 2384 1768 2414 de
1790 2384 1937 2414 Borbonio
1955 2384 2100 2422 vulgariter
2116 2392 2330 2422 nuncupatum,

1265 2426 1424 2466 Johannem
1446 2426 1573 2455 Comitem
1599 2424 1631 2453 de
1655 2422 1789 2463 Dunefio,
1815 2432 1864 2461 per
1883 2422 1993 2452 dietum
2013 2421 2102 2460 Regis
2123 2421 2210 2452 nostri
2232 2422 2328 2453 Incliti

1265 2465 1449 2496 Carissimum
1472 2464 1600 2495 Franciae
1622 2461 1872 2500 Consanguineum
1897 2461 1930 2491 &
1952 2469 1987 2490 ex
2009 2459 2092 2490 Parte
2113 2461 2175 2498 sua,
2195 2460 2327 2492 Arbitros

1265 2503 1310 2535 seu
1332 2503 1492 2534 amicabiles
1513 2501 1728 2539 Compositores
1750 2502 1778 2529 in
1800 2500 1853 2530 hac
1877 2509 1952 2537 parte
1968 2499 2128 2530 nominatos
2143 2500 2177 2530 &
2201 2499 2327 2538 eleetos,

1266 2543 1498 2580 Supponerentur
1513 2542 1546 2572 δε
1560 2539 1891 2577 Compromitterentur,

1300 2581 1355 2620 Et,
1372 2581 1390 2611 sl
1406 2582 1582 2619 contingeret
1596 2578 1717 2616 aliquem
1732 2577 1776 2607 vel
1791 2577 1899 2615 aliquos
1913 2575 2057 2606 diastorum
2081 2574 2261 2607 Arbitrorum
2280 2575 2329 2607 de-

1265 2620 1383 2658 cedere,
1400 2628 1446 2650 aut
1461 2617 1575 2649 adversa
1588 2616 1750 2648 valitudine
1765 2616 1890 2645 laborare
1903 2617 2055 2652 quominus
2069 2614 2210 2645 dictarum
2222 2615 2329 2646 Litium

1266 2658 1474 2690 Examinationi
1489 2656 1646 2688 commode
1660 2661 1760 2686 vacare
1777 2654 1881 2684 valeret
1902 2662 1948 2683 aut
1973 2653 2113 2690 valerent,
2131 2654 2196 2684 alius
2218 2654 2262 2684 seu
2284 2654 2328 2684 alii

1265 2699 1294 2728 in
1308 2698 1366 2736 ejus
1381 2706 1519 2727 eorumve
1534 2695 1650 2724 Locum
1666 2703 1713 2731 per
1728 2692 1842 2728 Regem
1865 2691 1992 2721 nostrum
2017 2692 2229 2722 Sereniffimum
2254 2693 2271 2722 fi
2293 2692 2329 2722 de

1265 2737 1333 2774 suis,
1354 2744 1402 2766 aut
1426 2744 1474 2774 per
1488 2734 1600 2764 didium
1614 2732 1702 2771 Regis
1718 2730 1805 2762 nostri
1821 2730 2073 2768 consanguineum
2087 2731 2106 2761 fi
2124 2731 2160 2761 de
2180 2731 2248 2769 suis,
2265 2731 2330 2762 De-

1265 2783 1425 2813 putarentur
1437 2782 1485 2804 aut
1502 2772 1744 2810 Subrogarentur,
1762 2806 1767 2813 Δ

1304 2814 1418 2852 Qubus
1433 2812 1511 2850 supra
1530 2811 1682 2841 nominatis
1697 2807 1816 2839 Arbitris
1837 2807 1873 2837 ab
1897 2814 2020 2846 utroque
2044 2806 2177 2845 Principe
2199 2806 2272 2838 Data
2295 2808 2329 2838 &

1265 2848 1410 2883 Concessa
1433 2851 1486 2881 fuit
1511 2848 1636 2880 Potestas
1654 2849 1688 2878 &
1712 2847 1890 2884 Audtoriras,
1910 2848 1976 2883 ipsas
2001 2846 2072 2876 Lites
2090 2847 2121 2875 &
2146 2845 2329 2885 Qaestiones

1265 2890 1488 2929 Componendi,
1509 2885 1692 2922 Decidendi,
1710 2886 1742 2915 ὃς
1766 2884 1997 2921 Determinandi,
2017 2894 2031 2912 a
2055 2883 2127 2914 Data
2150 2884 2327 2922 Literarum‚

1264 2940 1329 2967 quae
1344 2927 1479 2967 praedicit&
1496 2924 1636 2956 Vicefima
1650 2923 1728 2954 nona
1744 2923 1802 2953 Die
1824 2922 1947 2959 Augusti
1969 2921 2114 2953 conferitae
2131 2921 2262 2959 fuerunt,
2281 2931 2326 2952 us-

1262 2978 1318 3006 que
1334 2968 1369 2997 ad
1384 2967 1459 2997 Tres
1474 2966 1574 2996 Annos
1589 2972 1656 2994 tunc
1673 2962 1808 3000 proximo
1823 2962 1929 2991 futuros
1939 2983 1949 2999 ‚

1298 3005 1548 3041 promiseruntque
1564 3004 1596 3034 ὅ(
1616 3002 1827 3037 Obligaverunt
1851 2999 1959 3037 Seipsos
1982 2997 2053 3028 stare
2068 2997 2168 3029 Laudo
2181 2997 2325 3036 ,Arbitrio

1262 3044 1294 3074 ἃ
1312 3043 1554 3075 Determinationi
1573 3036 1976 3077 prredieiorumrArbitrorum
1992 3038 2072 3074 super
2089 3037 2255 3074 Pmmiffis,
2273 3036 2326 3068 sub

1262 3082 1354 3112 Poena
1377 3085 1469 3112 Trt'um
1490 3079 1611 3110 Millium
1633 3076 1755 3106 Millium
1773 3079 1927 3115 Semnan,
1944 3077 1979 3106 ab
1997 3085 2032 3106 eo
2050 3077 2097 3114 qui
2120 3076 2198 3106 dicto
2221 3076 2324 3106 Laudo

1263 3131 1321 3151 non
1339 3121 1442 3152 steterit
1456 3117 1665 3155 obtemperanti
1677 3117 1706 3146 iu
1718 3115 1788 3146 Fine
1801 3115 1945 3146 didiorum
1959 3114 2067 3145 Trium
2092 3114 2243 3144 Annorum
2268 3113 2324 3144 sol-

1264 3160 1443 3195 vendorum,
2130 3190 2134 3195 .
2163 3190 2168 3196 .

1299 3197 1337 3229 Et
1353 3197 1433 3236 quod
1452 3194 1521 3225 dieti
1541 3191 1669 3230 Arbitri,
1685 3198 1732 3224 aut
1749 3202 1850 3223 eorum
1868 3191 1969 3229 Loco,
1993 3200 2024 3222 ut
2039 3199 2233 3228 ρττεωιῑῑιωτ,
2260 3189 2322 3220 De-

1260 3239 1347 3275 putati
1371 3237 1404 3266 δε
1433 3233 1583 3269 Subrogati
1597 3255 1607 3270 ,
1633 3233 1729 3270 primo
1748 3241 1846 3262 coram
1866 3229 2050 3261 Illustriffimo
2068 3228 2154 3264 Rege
2173 3229 2272 3258 noltro
2290 3230 2320 3259 in

1262 3274 1366 3312 Anglii
1383 3296 1392 3311 ‚
1420 3282 1473 3310 pro
1495 3270 1616 3308 ipsarum
1643 3270 1752 3301 Litium
1774 3269 1928 3300 Decisione
1944 3291 1953 3306 ,
1977 3270 2046 3298 citra
2066 3266 2320 3310 Festumtpaschae

1260 3324 1328 3344 tunc
1354 3312 1483 3352 proxime
1509 3309 1657 3346 futurum,
1687 3308 1721 3340 δε
1745 3308 1780 3338 de
1807 3308 1871 3344 post
1896 3316 1993 3337 coram
2019 3305 2091 3335 dieti
2114 3305 2203 3341 Regis
2230 3305 2320 3336 nostri

1261 3350 1482 3389 Confimguineo
1498 3350 1525 3378 in
1547 3348 1662 3378 Francia
1678 3369 1688 3385 ,
1717 3348 1785 3378 citra
1803 3346 1918 3376 Festum
1936 3343 2029 3387 Sandii
2050 3341 2198 3387 Michielis
2215 3353 2320 3374 extunc

1260 3392 1391 3429 proxime
1410 3389 1537 3419 futurum
1556 3388 1758 3422 convenirent,
1774 3395 1807 3415 ac
1827 3383 1965 3420 utriusque
1983 3382 2118 3418 Principis
2131 3382 2200 3420 Jura
2219 3382 2318 3413 debite

1259 3430 1467 3465 examinarent,
1486 3427 1518 3457 δε
1537 3425 1610 3456 felici
1625 3425 1736 3454 tramite
1750 3424 1946 3458 terminarent,
1965 3420 2207 3463 quemadmodum
2223 3422 2252 3451 in
2267 3421 2317 3451 Li·

1259 3470 1338 3505 teris,
1353 3467 1389 3497 ab
1402 3475 1517 3503 utraque
1532 3464 1612 3494 Parte
1626 3462 1764 3493 conferitis
1780 3462 1812 3491 ἃ
1826 3459 1947 3501 traditis,
1964 3458 2044 3501 latius
2057 3460 2235 3497 continetur,

1295 3506 1375 3537 Cum
1394 3513 1509 3541 autem,
1523 3512 1583 3532 non
1599 3511 1633 3531 ex
1651 3501 1732 3538 culpa
1751 3499 1835 3530 nostri
1854 3495 2023 3528 Seremffimi
2042 3496 2201 3537 Principis,
2222 3508 2315 3536 neque

1258 3547 1344 3576 etiam
1364 3542 1490 3581 predicti
1507 3540 1717 3579 Consanguinei
1734 3537 1788 3575 sui,
1807 3535 1852 3566 sed
1870 3544 1985 3573 propter
1998 3535 2102 3566 diversa
2120 3546 2184 3574 quae
2202 3537 2314 3574 utrique

1259 3583 1386 3619 Principi
1406 3580 1624 3617 supervenerunt
1645 3575 1872 3616 Impedimenta,
1884 3573 1948 3610 ipsse
1966 3571 2184 3605 Conventiones
2202 3574 2313 3604 Diebus

1257 3622 1362 3653 statutis
1376 3619 1497 3649 minime
1514 3617 1570 3647 fieri
1589 3618 1623 3646 &
1635 3614 1765 3645 celebrari
1779 3613 1921 3649 huculque
1937 3619 2107 3650 potuerunt,
2125 3623 2178 3643 nec
2194 3613 2314 3649 posthac

1256 3658 1339 3691 facile
1357 3664 1506 3695 p0terunt,
1522 3664 1590 3684 curn
1607 3654 1639 3684 δε
1654 3661 1753 3682 eorum
1769 3651 1954 3680 Arbitror-um
1968 3649 2062 3688 aliquis
2082 3650 2212 3681 Mortem
2233 3652 2315 3681 obie-

1256 3700 1290 3728 rit
1327 3697 1373 3727 alii
1387 3696 1458 3725 vero
1472 3692 1623 3722 Senectute
1634 3699 1680 3720 aut
1693 3688 1806 3719 advers&
1830 3687 1992 3719 Valitudine
2012 3689 2140 3728 impediti
2159 3690 2313 3720 convenire

1255 3721 1315 3766 non
1332 3734 1452 3774 possint,
1472 3732 1504 3761 ὃς
1520 3730 1653 3766 temporis
1669 3725 1774 3764 praefixi
1786 3726 1942 3757 Terminus
1953 3727 2025 3758 adeo
2050 3736 2138 3765 prope
2160 3726 2241 3757 instat
2263 3735 2312 3766 ut,

1255 3775 1274 3805 si
1299 3782 1400 3804 omnes
1422 3770 1529 3801 Arbitri
1552 3765 1715 3805 Superstites
1739 3764 1844 3800 essent,
1862 3765 2039 3803 secundaque
2060 3764 2218 3795 Valitudine
2234 3764 2312 3797 frue-

1255 3820 1367 3848 rentur,
1387 3810 1466 3840 tantis
1488 3815 1601 3842 tamque
1622 3803 1712 3833 arduis
1732 3803 1886 3842 Negotiis,
1901 3811 1965 3834 ante
1986 3803 2118 3834 Termini
2132 3803 2171 3832 eis
2186 3803 2310 3844 assignati

1256 3851 1396 3887 Lapsum,
1413 3849 1461 3876 vix
1481 3845 1581 3875 Finem
1596 3852 1703 3880 ponere
1715 3841 1858 3879 valerent,

1292 3883 1484 3920 Sereniffimus
1502 3883 1565 3912 Rex
1583 3880 1679 3911 noster
1693 3880 1759 3910 suus
1774 3890 1809 3910 ue
1824 3879 2055 3923 Consanguineus
2071 3878 2197 3910 Franciae
2217 3879 2310 3912 Caris-

1255 3928 1358 3964 fimus,
1376 3922 1495 3956 funestas
1506 3921 1617 3956 Strages
1630 3919 1662 3949 &
1679 3917 1766 3949 crude
1778 3920 1801 3949 ia
1818 3917 1989 3949 Discrimina
2001 3917 2203 3948 considerantes
2213 3941 2224 3956 ‚
2234 3929 2310 3959 quae,

1253 3965 1402 3996 occasione
1417 3961 1578 3995 Bellorum,
1596 3957 1801 3995 Qxerelamm,
1820 3958 1854 3987 &
1868 3955 2070 3994 Quaestionum
2094 3957 2312 3998 praedietarum,

1252 4002 1305 4035 fibi
1320 4002 1382 4041 ipsis
1396 3996 1572 4035 Principibus
1581 4018 1590 4034 ,
1603 3994 1855 4033 splendidissimisq3
1869 3994 1979 4032 Angliae
1994 3993 2028 4024 δε
2041 3993 2064 4024 F
2065 3995 2166 4025 tanciae
2178 3993 2291 4034 Regnis
2301 4021 2312 4035 ‚

1254 4048 1413 4077 eorumque
1436 4035 1577 4073 Subditis,
1599 4034 1761 4073 frequenter
1780 4033 1960 4070 acciderunt,
1986 4033 2019 4063 δε
2043 4042 2107 4070 quae
2127 4035 2157 4064 in
2183 4034 2311 4066 futurum

1253 4078 1411 4114 verissimile
1425 4073 1554 4107 accidere
1565 4080 1716 4112 poterunt,
1733 4073 1806 4140 ὴοὶ
1803 4080 1934 4110 tempore
1947 4071 2071 4103 maxime
2093 4081 2153 4110 quo
2172 4072 2310 4104 Christia-

1825 4118 1844 4138 2
2269 4120 2316 4141 nae
