2555 4266
729 213 840 258 ET
925 212 1187 258 ACTA
1261 183 1745 258 Pontica,

3 315 60 340 i'nn.
72 306 114 338 D.
127 306 294 343 Dampnum
307 302 353 334 seu
365 297 567 340 Praejudicium
581 305 723 342 generari,
740 304 778 334 set
791 303 830 334 illi
842 303 887 334 vel
901 302 952 333 illis
964 302 1001 333 fic
1018 301 1177 340 Infringen-

3 356 88 388 ⁸73·
127 347 148 377 ti
162 345 206 374 vel
220 343 444 386 Infringentibus.

4 388 50 416 dv.
67 396 97 422 4.
166 382 200 413 In
212 390 302 419 quuS,
322 381 382 412 &c.
401 390 449 417 per
463 390 552 411 unum
570 381 686 412 Annum
699 381 849 411 duraturas.
948 416 953 422 ⁸
1037 416 1051 421 ..

165 419 253 451 Teste
271 418 353 458 Rege
369 419 440 457 apud
457 417 622 458 staunford,
641 420 777 451 vicelimo
791 418 912 456 septimo
925 416 971 446 die
984 415 1061 454 Julii.

507 498 559 526 Per
574 495 655 535 ipsm
672 499 783 533 Regem,
803 493 841 529 ῤ’
854 493 886 522 de
899 495 997 528 Data,
1015 489 1075 525 &c.

322 623 371 655 De
384 622 477 655 Salvo
494 619 644 655 Conduaezu
656 628 711 667 pro
726 622 801 666 Rege
816 625 987 651 memorato.

0 718 61 748 mn,
75 713 117 745 D,
196 706 407 755 EXUuniversis
425 708 458 737 &
474 705 588 743 singulis
602 704 774 742 Admirallis,
793 704 853 736 &c.
871 703 1005 735 Salutem.

0 761 100 828 1243}
172 745 463 815 (Ζὰέιαέἓξεὲἰυίὲῗηύε
480 778 615 819 Princeps
640 780 783 812 Dominus
804 780 961 821 Cristiernus
975 778 1086 817 Daciae,
1104 782 1180 808 Swe-

0 839 18 862 3-
35 840 63 866 4,
136 825 199 866 ciae,
217 824 383 859 Norwigiae‚
402 820 565 863 Slavorom,
581 819 776 864 Gothoromque
796 823 856 849 Rex
870 842 880 858 ,
895 820 996 863 *Frater
1017 817 1113 862 noster
1136 826 1183 847 ca-

0 878 124 905 vam-J&
137 859 272 904 tissimus,
289 861 379 898 prope
397 857 529 905 Confinia
544 857 647 902 nostrae
662 858 788 889 Ditionis
802 858 966 903 Maritima,
984 867 1023 887 uti
1036 866 1123 902 nuper
1135 865 1182 898 ac-

0 917 11 940 3
30 916 60 942 4,
82 917 121 935 m,
138 908 279 942 cepimus,
297 906 411 940 peregre
426 896 565 933 proficism
579 897 742 936 intendens,
761 897 848 927 nostri
862 897 926 927 salVi
941 895 1115 926 Conductus
1132 893 1184 924 Li-

0 959 34 986 5
134 945 204 968 teras
219 936 267 966 fibi
282 935 402 966 concedi
417 936 590 972 magnopere
602 934 734 972 affectet,

0 3087 18 3106 ⁸*
35 3088 90 3118 Xi-

0 3125 65 3161 786.

172 974 240 1005 Nos
255 997 266 1011 ,
291 973 379 1011 ipsum
402 983 497 1004 amore
519 974 552 1004 &
567 974 755 1004 benivolentia
766 973 890 1004 intimius
904 972 1105 1010 amplexantes,
1123 979 1187 1000 mu-

134 1012 242 1050 tuisque
263 1013 336 1042 inter
352 1011 421 1042 Nos
442 1012 622 1042 Tractatibus
646 1022 705 1042 non
729 1013 818 1042 modo
839 1011 1001 1042 nostrorum
1015 1011 1185 1046 suorumque

134 1051 309 1087 Regnorum
330 1050 409 1081 Rem
431 1051 574 1090 publicam
595 1051 752 1088 plurimum
766 1051 904 1087 crescere,
919 1049 1022 1080 verum
1035 1049 1118 1079 etiam
1131 1057 1186 1076 no-

136 1088 198 1119 stris
217 1089 324 1126 suisque
344 1089 404 1120 satis
429 1088 566 1126 proficere
588 1089 709 1119 Subditis
725 1089 813 1126 digne
826 1089 1003 1125 arbitrantes,
1022 1089 1079 1125 ejus
1094 1086 1186 1130 supet-

136 1126 204 1157 inde
215 1126 296 1157 Votis
310 1128 375 1157 totis
389 1128 541 1158 annuendo
562 1128 712 1158 visceribus
746 1128 836 1165 ipsum
851 1125 1061 1156 illustrissimum
1076 1124 1185 1154 Princi-

135 1174 203 1202 pem
220 1166 393 1205 Cristiernum
408 1165 521 1204 Regem
532 1166 657 1196 Fratrem
672 1151 798 1196 nostrum
814 1174 946 1203 perquam
961 1173 1060 1194 carum
1074 1172 1132 1192 non
1145 1161 1188 1191 so-

133 1203 195 1234 lum
208 1214 304 1243 grato,
315 1206 405 1235 immo
415 1204 590 1243 perjoeundo
603 1205 768 1243 suscepimus
783 1205 890 1241 animo,
899 1204 928 1233 iti
936 1203 1045 1232 bonurn
1058 1202 1186 1245 securum

135 1243 168 1272 ὃ(
182 1241 288 1273 salvum
304 1242 491 1273 Condu&um
506 1242 650 1280 nostrum,
670 1253 719 1280 per
735 1242 870 1281 Regnum
884 1241 1014 1271 nostrum
1031 1240 1140 1278 Angliae
1153 1240 1187 1268 &

135 1279 231 1311 Partes
255 1281 414 1312 Maritimas
431 1281 550 1320 ejusdem
563 1303 574 1318 ,
598 1281 704 1318 aliaque
723 1280 859 1310 Doniinia
878 1303 887 1317 ,
911 1279 1137 1317 Jurisdictiones,
1153 1277 1186 1307 &

137 1319 295 1351 Territoria
313 1320 408 1350 nostra
427 1329 617 1357 quaecumque
631 1342 640 1356 ,
670 1320 844 1356 ubicumque
864 1318 913 1348 fibi
937 1318 1068 1351 placuerit
1084 1339 1094 1354 ,
1118 1325 1187 1346 cuin

137 1357 326 1396 septingentis
342 1359 467 1389 Personis
480 1358 525 1387 vel
537 1359 608 1388 infra
622 1358 650 1386 in
665 1356 815 1387 Comitiva
829 1357 874 1386 sua
891 1355 1104 1394 (cujuscumque
1126 1354 1188 1397 Sta—

137 1395 199 1434 tus,
218 1396 348 1434 Gradus,
368 1397 532 1435 Dignitaris,
547 1396 784 1433 Praeeminentiae,
803 1395 1002 1432 Conditionis,
1018 1402 1064 1423 aut
1080 1392 1188 1437 Natio-

139 1436 181 1463 nis
199 1435 313 1472 fuerint)
330 1435 431 1465 Nobis
444 1444 503 1464 non
520 1434 683 1465 Rebellibus
696 1456 705 1472 ,
722 1433 844 1464 Armatis
858 1433 903 1463 vel
918 1442 978 1463 non
995 1432 1132 1467 Armatis,
1152 1431 1186 1461 &

136 1473 256 1504 totidem
270 1473 411 1511 Equis,ac
427 1472 530 1510 Bonis,
548 1472 661 1509 Rebus,
678 1471 839 1510 Jocalibus,
859 1472 953 1509 Auro,
965 1471 1095 1507 Argento
1113 1468 1186 1511 Mo-

139 1519 235 1542 netato
250 1512 284 1542 &
299 1522 358 1541 non
374 1511 545 1548 Monetato,
561 1511 676 1547 Literis,
698 1510 822 1548 Papitis,
839 1510 948 1547 Libris,
968 1508 1077 1551 Cattis,
1093 1508 1188 1544 Scrip-

138 1551 224 1588 turis,
240 1549 388 1588 Manticis,
408 1550 555 1585 Fardellis,
575 1548 700 1591 Bulgeis,
719 1548 968 1586 Arcubusffelis,
985 1545 1188 1590 Cordi-&Gla-

139 1587 207 1624 diis,
225 1586 370 1626 Cultellis,
388 1598 420 1618 ac
445 1588 502 1617 aliis
524 1587 667 1617 Herneliis
681 1588 731 1616 suis
752 1587 994 1624 quibuscumque,
1012 1585 1190 1623 conjunctim

137 1625 185 1655 vel
206 1625 316 1655 divisim
333 1649 343 1663 ,
367 1635 414 1661 per
436 1626 518 1656 Mare
539 1626 572 1656 δε
594 1625 687 1663 Aquas
701 1625 813 1662 dulces,
831 1635 898 1655 cum
914 1625 1045 1662 Quatuor
1058 1623 1190 1654 Navibus

137 1662 173 1693 ad
187 1665 281 1694 minus
292 1664 492 1702 cu'uscumque
505 1663 609 1693 Oneris
622 1673 668 1694 aut
683 1663 805 1703 Portagii
826 1663 927 1694 fuerint
939 1688 949 1701 ,
967 1663 1022 1693 une
1035 1672 1102 1693 cum
1115 1660 1190 1692 suffi-

137 1702 277 1733 cientibus
330 1703 433 1742 agistris
447 1703 479 1733 &
492 1702 647 1732 Marinariis
665 1712 718 1740 pro
728 1701 992 1732 Gubernationibus
1006 1701 1190 1739 eorumdem,

137 1749 186 1770 aut
200 1750 251 1779 per
265 1741 388 1772 Terram
403 1765 412 1779 ,
437 1741 566 1779 equestre
588 1740 633 1771 vel
651 1739 797 1778 pedestre,
820 1741 865 1771 vel
876 1740 975 1778 aliter,
992 1750 1042 1777 per
1058 1739 1124 1770 Vias
1140 1750 1192 1777 pu-

138 1779 223 1809 blicas
242 1781 276 1811 &
296 1780 404 1811 semitas
417 1802 426 1817 ,
442 1781 545 1809 totiens
559 1780 688 1816 quotiens
703 1779 754 1808 sibi
768 1780 917 1816 placuerit,
935 1779 1050 1809 durante
1065 1778 1190 1816 praesenti

137 1817 214 1848 fiilvo
235 1818 393 1849 Condudleu
419 1818 518 1848 nostro
563 1817 732 1855 Veniendo,
748 1817 852 1848 ibidem
870 1817 973 1848 Nocste
988 1817 1103 1855 Dieque
1118 1816 1191 1847 Mo-

137 1856 247 1894 rando,
265 1856 515 1894 Perheiidinando‚
534 1841 678 1887 Pausando
700 1855 882 1894 Qiescendo
895 1878 904 1893 ‚
921 1856 1098 1893 itinerando,
1116 1855 1192 1885 Tra-

137 1894 263 1932 ἂαηάο,
281 1897 314 1927 &
333 1895 535 1933 ExpeetandQ
550 1895 684 1932 quamdiu
699 1894 778 1924 dic‘to
789 1894 969 1925 Sereniffimo
989 1893 1116 1931 Principi
1130 1897 1192 1923 Cri-

130 1933 234 1973 ssierno
254 1942 300 1964 aut
319 1933 370 1964 suis
391 1935 504 1964 bonurn
524 1933 665 1964 videbitur
688 1933 720 1964 δε
742 1933 880 1970 placebit,
898 1934 931 1964 &
946 1932 1047 1963 exinde
1061 1933 1095 1962 ad
1109 1942 1191 1970 quas-

139 1981 264 2010 cumque
284 1972 378 2002 Partes
397 1972 512 2003 Exteras
527 1995 538 2010 ,
555 1972 731 2009 ubicumque
746 1971 796 2001 sibi
815 1972 965 2009 placuerit,
985 1972 1040 2002 une
1056 1981 1124 2001 cum
1137 1970 1189 2002 suis

140 2009 242 2041 Rebus
260 2012 293 2042 ὃ(
313 2010 399 2041 Bonis
417 2009 577 2048 hujusmodi
597 2010 841 2049 quibuscumque,
868 2009 1054 2040 Transeundo
1069 2034 1079 2047 ,
1094 2009 1191 2040 Reve-

140 2048 249 2079 niendo
263 2072 272 2084 ,
297 2050 330 2080 &
353 2048 513 2080 Redeundo
526 2072 536 2082 ,
560 2049 648 2079 libere
669 2049 702 2079 &
716 2048 819 2086 absque
833 2048 1042 2085 [mpedimento
1052 2071 1061 2086 ,
1077 2047 1192 2085 Impeti-

139 2088 234 2124 tione,
252 2086 481 2125 Perturbatione,
501 2087 720 2124 Molestatione,
737 2087 853 2124 Aresto,
871 2087 917 2118 seu
934 2086 1109 2118 Gravaniine
1119 2097 1193 2124 quo-

140 2135 281 2163 cumque,
299 2126 393 2156 eidem
411 2125 593 2156 Sereniffimo
616 2125 741 2163 Principi
758 2125 916 2165 Cristierno,
934 2127 980 2157 ieu
994 2126 1130 2163 aliquibus
1147 2125 1191 2156 vel

141 2164 223 2194 alicui
238 2164 274 2194 de
289 2164 428 2195 Societate
440 2164 487 2195 sua
502 2164 635 2202 praedicta
650 2187 660 2202 ,
684 2166 712 2194 in
726 2163 905 2201 Corporibus
924 2164 970 2195 vel
984 2165 1012 2194 in
1026 2164 1127 2202 Bonis,
1145 2173 1194 2202 per

141 2202 230 2240 Nos,
248 2210 294 2233 aut
311 2202 490 2241 officiarios,
512 2202 661 2233 Ministros
674 2225 684 2240 ,
701 2203 745 2233 seu
766 2202 900 2233 Subditos
915 2203 1024 2233 nostros
1042 2202 1194 2241 quoscum-

143 2251 217 2278 que,
237 2240 341 2279 Pado,
359 2240 553 2279 Conditione,
567 2241 612 2272 vel
627 2240 737 2272 Colore
751 2251 952 2279 quocumque,
970 2241 1080 2271 direffl:
1094 2242 1140 2272 vel
1151 2242 1196 2271 in-

141 2279 251 2309 diretste
265 2301 275 2317 ‚
295 2279 460 2310 Praestando
474 2304 483 2317 ,
511 2279 668 2315 Irrogando
683 2304 692 2318 ,
708 2280 753 2310 vel
769 2279 934 2316 Inserendo‚
951 2279 1043 2318 aliqua
1058 2280 1196 2319 Marqua,

141 2317 392 2357 Conttomarquai,
413 2318 470 2350 five
484 2317 637 2355 Reprisalia
653 2317 786 2349 concessa
799 2318 843 2348 vel
861 2318 1047 2349 concedendi
1063 2341 1072 2357 ,
1088 2329 1134 2349 aut
1148 2319 1196 2349 ali-

142 2367 203 2395 quo
218 2357 345 2395 Statuto,
363 2357 441 2388 Αᾶυ
451 2380 461 2394 ,
477 2357 680 2395 Ordinatione,
697 2356 880 2394 Provisione,
897 2357 942 2387 seu
958 2357 1152 2388 RestriCtione
1167 2359 1197 2388 in

142 2396 314 2426 contrarium
337 2395 415 2426 faffis
429 2417 439 2433 ,
464 2396 598 2427 ordinatis
614 2418 624 2434 ,
644 2396 689 2426 seu
706 2396 838 2435 provisiS,
855 2405 902 2426 aut
915 2406 951 2426 eo
966 2396 1046 2435 quod
1063 2395 1197 2426 Nomina

142 2433 274 2464 Navium
296 2434 494 2471 praedictarum
516 2444 549 2464 ac
573 2433 777 2473 Magistrorum
799 2435 832 2465 &
847 2433 976 2474 Portagia
990 2434 1152 2465 earumdem
1167 2435 1198 2464 in

142 2470 327 2502 Praesentibus
348 2482 408 2502 non
433 2473 620 2510 expressantur
633 2474 711 2510 juxta
733 2472 857 2502 formam
881 2472 981 2504 Statuti
999 2473 1064 2503 inde
1081 2473 1197 2503 editi&

143 2510 267 2550 provisi,
283 2517 329 2541 aut
341 2510 392 2542 alia
406 2509 470 2550 Re,
488 2510 598 2550 Causa,
612 2511 658 2544 vel
674 2510 799 2543 Materia
811 2521 992 2550 quacumque
1005 2521 1066 2543 non
1081 2511 1198 2543 obstan-

142 2557 185 2579 te:

177 2587 216 2618 Et
230 2587 314 2626 ideo,
330 2588 391 2620 &c.

177 2624 296 2657 Proviso
315 2627 424 2664 semper
445 2627 524 2664 quod
542 2627 671 2665 praefatus
688 2626 879 2658 Serenisfimus
893 2627 1028 2666 Princeps
1043 2627 1200 2667 Cristiernus

142 2672 177 2693 ac
192 2663 287 2694 secum
296 2663 518 2697 Committantes
532 2666 558 2696 se
573 2667 646 2696 bene
663 2667 696 2697 ὃς
709 2666 829 2697 honeste
845 2676 912 2704 erga
926 2666 994 2697 Nos
1009 2667 1042 2698 ἃ
1053 2666 1198 2706 Populum

144 2702 274 2732 nostrum
296 2703 413 2733 babeant
438 2705 471 2734 &
490 2713 587 2742 gerant
601 2727 611 2743 ,
634 2705 735 2743 absque
756 2707 911 2743 quicquam
926 2728 935 2743 ,
961 2705 1039 2743 quod
1064 2707 1091 2735 in
1113 2705 1199 2735 nostri

143 2739 353 2779 Contemptum
373 2741 419 2773 seu
437 2740 635 2780 Praejudicium
656 2753 703 2774 aut
722 2743 824 2781 Populi
838 2743 926 2773 nostri
943 2744 1070 2780 praediffl
1087 2744 1199 2782 Damp-

143 2788 215 2809 num
230 2778 276 2809 seu
292 2778 455 2810 Gravamen
471 2781 571 2812 cedere
586 2781 691 2819 valeat,
707 2782 900 2820 attemptando
916 2783 961 2812 vel
977 2783 1125 2821 faciendo,

181 2817 328 2857 Qiodque
349 2818 399 2855 ipsi
421 2818 529 2849 nullum
550 2819 736 2858 Castrorum,
761 2821 986 2859 Fortalitiorum,
1003 2821 1048 2852 seu
1062 2821 1198 2852 Villarum

143 2855 305 2886 nostrarum
331 2855 501 2886 firmatarum
511 2880 521 2893 ,
544 2858 644 2895 absque
655 2868 690 2888 eo
708 2859 788 2896 quod
802 2859 850 2897 ipsi
866 2859 1011 2896 praesentes
1024 2859 1130 2890 Literas
1145 2871 1199 2891 no-

143 2894 211 2925 stras
234 2894 270 2924 de
287 2893 373 2925 Salvo
389 2893 546 2926 conductu
561 2895 718 2932 Capitaneis
730 2920 740 2935 ,
763 2897 937 2935 Majoribus,
951 2898 996 2928 seu
1012 2898 1199 2929 Gubernato-

144 2933 219 2964 ribus
241 2932 410 2963 eorumdem
432 2934 564 2971 primitiis
578 2934 791 2973 demonstrent,
808 2935 1012 2974 ingrediantur,
1029 2946 1083 2966 nec
1097 2947 1198 2968 eorum

142 2971 179 3002 ali
201 2972 242 3002 uis
256 2971 421 3010 ingrediatur
436 2973 536 3010 quovis
547 2973 656 3010 modo,

181 2982 240 3048 sit,
258 3010 278 3039 si
298 3011 446 3047 contingat
466 3011 587 3047 aliquem
610 3009 814 3050 praedictorum
841 3011 878 3042 de
900 3011 1049 3043 Comitivzi
1072 3014 1200 3050 praedieti

149 3046 318 3078 Sereniffimi
333 3048 472 3086 Principis
489 3048 626 3088 Crssierni
641 3049 803 3087 praesentem
812 3049 928 3080 Salvum
943 3050 1134 3082 Conductum
1147 3062 1201 3082 no-

147 3085 551 3126 strumInfringere,nolumus
565 3096 658 3118 tamen
676 3089 691 3104 ¹⁸
703 3087 804 3118 exinde
819 3089 899 3119 alicui
913 3089 1076 3126 praesentem
1084 3090 1201 3120 Salvum

145 3123 332 3155 Conductum
354 3125 484 3156 nostrum
509 3127 626 3156 minime
649 3125 817 3164 Infringenti
840 3127 953 3165 aliquod
973 3128 1139 3165 Dampnum
1155 3129 1200 3159 seu

145 3161 345 3229 Pbraejudicium
358 3165 500 3203 generari,
517 3165 556 3196 set
569 3164 608 3195 illi
623 3165 667 3196 vel
679 3164 729 3194 illis
746 3165 782 3195 fic
795 3164 962 3205 hifringenti
980 3166 1024 3197 vel
1039 3166 1198 3207 Infringen-

143 3208 164 3231 ti
186 3210 225 3230 us.

182 3238 215 3267 In
229 3239 319 3277 cujus,
340 3241 400 3272 &c.
418 3250 466 3279 per
481 3250 572 3271 unum
588 3240 707 3271 Annum
721 3241 873 3272 duraturas.

183 3275 269 3308 Teste
280 3278 362 3319 Rege
377 3279 450 3318 apud
461 3278 630 3318 Staunford,
648 3280 783 3311 vicesimo
799 3280 920 3318 septimo
935 3279 980 3310 die
990 3280 1066 3319 Julii.

541 3358 595 3386 Per
609 3355 690 3395 ipficm
708 3359 804 3394 Regem
815 3380 825 3396 ,
842 3357 879 3393 dy·
892 3357 925 3387 de
942 3360 1012 3387 Dat.
1030 3357 1090 3393 dvc.

333 3481 380 3513 De
397 3479 567 3515 Traaando
583 3493 651 3515 cum
668 3482 881 3528 Commiffizriis
899 3487 1008 3518 Scott'ae.

1 3569 77 3601 Ann·
89 3568 131 3601 D·
144 3560 281 3616 REX
296 3561 457 3610 Omnibus,
473 3565 508 3596 ad
522 3575 609 3606 quos,
624 3567 685 3599 ὅτε.
704 3565 838 3599 Salutem.

23 3618 110 3649 1473·
235 3602 337 3643 bemus.
347 3601 428 3644 quod
441 3602 475 3632 N
477 3613 510 3647 os
518 3625 529 3641 ,
671 3643 675 3648 ,
721 3644 726 3648 ι

0 3653 54 3676 An.
77 3658 119 3685 ¹3·
160 3677 164 3681 .
183 3638 232 3668 De
251 3637 456 3684 FidelitatibuS,
471 3639 780 3679 Circumspetstionibus
792 3665 802 3681 ,
818 3644 851 3674 ὃς
866 3643 1009 3674 Industriis
1043 3645 1197 3678 Venerabi-

0 3689 33 3713 E.
49 3696 78 3722 4·
147 3676 282 3746 ΙιεΑΡξῑῐιε
296 3675 437 3716 Johanms
451 3677 569 3717 Epzfiopi
585 3680 770 3721 coventrenfis
788 3679 827 3715 (ῤ’
840 3667 1029 3723 ΕὶιΙΩῙρΙιίωιῤ
1037 3706 1047 3722 ,

0 3727 73 3835 Ξῖ,
88 3732 132 3790 :73
179 3738 378 3822 ffdaezssagssffimi
392 3752 601 3791 Consanguinei
613 3754 701 3785 nostri
712 3758 825 3786 Hemici
839 3760 948 3788 Comitis
958 3759 1178 3800 Northumbriae,

41 3819 48 3828 ι
319 3815 329 3829 ³

181 3829 365 3862 Dile&orum
381 3831 414 3861 &
428 3828 565 3859 Fidelium
581 3829 743 3861 nostrorum
753 3855 763 3869 ,

181 3868 316 3906 Radulphi
329 3867 458 3908 Graystok
472 3867 507 3897 de
522 3866 666 3906 Gmystok
680 3868 796 3907 Militis,

181 3905 322 3943 Johannis
337 3910 413 3943 Scrop
427 3906 462 3937 de
477 3905 580 3936 Bolton
598 3905 698 3950 Militis
708 3930 718 3945 ,

180 3943 321 4012 IRJich‘Zdi
336 3948 426 3991 parre
439 3945 476 3975 de
490 3944 585 4012 Dacre
599 3943 716 3983 Militis,

182 3985 505 4057 A'c‘aiiagifsss‘iissss‘lss?
516 3981 639 4059 'Jv‘r'Zss‘'

184 4057 314 4126 Maffistri
323 4059 464 4103 Johanm‘s
476 4059 603 4106 [filford‚

181 4094 218 4127 Et
271 4098 360 4135 agistri
375 4096 514 4135 Johanms
528 4101 603 4137 Fax,

211 4137 284 4166 Tem.
302 4137 334 4166 V.
352 4137 386 4166 P.
403 4138 463 4167 ΠΙ.

1231 3725 1262 3794 J

2232 233 2279 277 33

1255 299 1367 337 Legum
1384 299 1550 332 Douorum
1561 325 1571 340 ,
2282 304 2359 336 Anii.
2373 301 2413 336 Ds

1254 337 1398 368 Willielmi
1410 340 1496 368 Parre
1511 340 1625 378 Militis,
2311 348 2395 383 ¹473·
2425 351 2429 355 ’

1255 375 1356 413 Jacobi
1372 380 1561 416 Strangeways
1577 378 1693 418 Militis,
2282 384 2349 411 tau.
2367 392 2396 419 41

1257 413 1397 451 Johannir
1409 418 1519 446 convert
1536 416 1650 455 Militis,

1258 451 1296 481 Et
1312 451 1417 481 Thnmae
1433 453 1576 491 tham,

1256 489 1302 519 Ac
1318 489 1426 520 Dilecti
1442 491 1539 520 Nobis
1553 491 1664 520 lrelond
1676 495 1750 530 Regis
1768 495 1933 532 Armorum,

1259 528 1514 566 Qiamplurimum
1528 529 1701 559 confidentes
1710 553 1718 566 ‚

1257 565 1333 605 Ipsos
1347 567 1457 597 nostros
1471 577 1550 598 veros
1564 568 1596 597 ὅ(
1612 568 1778 598 indubitatos
1792 568 2023 607 Commissarios‚
2042 568 2214 609 Deputatos,
2232 573 2267 604 &¹

1221 605 1428 672 lProcuratores
1441 605 1567 644 speciales
1583 605 1728 644 Facimus,
1747 605 1955 638 Constituimus
1964 631 1974 646 ,
1991 609 2023 639 ἃ
2037 607 2206 639 Ordinamus
2220 620 2270 649 per

1248 648 1371 674 raeientes
1381 667 1388 680 ,

1261 681 1367 713 Dantes
1387 683 1421 712 ὃς
1441 681 1642 713 Concedentes
1662 681 1764 713 eisdem
1788 682 1996 713 Commissariis
2010 705 2020 722 ,
2045 682 2211 722 Deputatis,
2234 688 2267 718 &

1224 718 1456 750 procuratoribus
1476 720 1578 750 nostris
1595 743 1604 759 ,
1625 720 1808 757 Tresdecim,
1825 720 2008 759 Duodecim,
2029 721 2194 759 Undecim,
2213 724 2272 754 De-

1224 767 1288 788 cem
1308 781 1318 796 ,
1342 758 1464 788 Novem
1478 781 1488 796 ,
1506 758 1603 797 Otto,
1621 758 1734 796 Septem
1745 782 1754 797 ,
1772 760 1805 791 &
1818 759 1874 789 Sex
1889 769 2004 797 eorum,
2021 761 2132 797 plenam
2149 759 2274 793 Potestaa

1224 805 1283 826 tem
1305 797 1339 827 δε
1362 796 1567 827 Auctoritatem
1581 819 1591 834 ,
1615 798 1740 838 Vicefimo
1761 797 1815 826 Die
1837 798 1992 835 Septembris
2015 799 2148 834 proximo
2161 798 2273 838 futuro,

1224 835 1297 872 apud
1318 836 1463 870 Aunewyk
1478 858 1488 873 ,
1514 835 1559 866 vel
1577 837 1607 865 in
1623 845 1806 873 quocumque
1824 836 1877 866 alio
1896 835 1981 866 Loco
1996 845 2126 872 congruo
2142 836 2175 866 &
2188 846 2275 874 opor-

1224 881 1313 911 tuno,
1330 872 1532 904 Conveniendi
1547 883 1614 904 cum
1631 873 1854 912 Commiffariis,
1872 874 2019 912 Deputatis
2032 897 2042 912 ,
2060 875 2092 905 &
2106 874 2277 905 Procurato-

1225 912 1301 941 ribus
1317 912 1506 949 praecariffimi
1519 912 1730 950 Consanguinei
1746 913 1834 943 nostri
1846 912 1947 951 Jacobi
1960 916 2037 950 Regis
2053 916 2204 950 Scotorum,
2220 913 2275 943 suf-

1226 949 1370 1018 gclgentegi
1386 949 1560 982 Potestatem
1577 951 1612 981 ab
1623 951 1726 982 eodem
1739 950 1961 990 Consanguineo
1974 951 2073 982 nostro
2094 953 2124 982 iri
2135 950 2186 981 hac
2201 960 2277 989 parte

1246 999 1261 1018 a
1284 998 1340 1018 enti
1364 999 1412 1026 us,

1264 1027 1308 1056 Ac
1329 1027 1485 1057 Tractandi
1506 1028 1538 1058 &
1561 1026 1804 1058 Communicandi
1829 1028 1866 1058 de
1887 1029 1921 1058 &
1952 1027 2032 1066 super
2053 1027 2280 1067 quibuscumque

1229 1064 1376 1103 Querelis,
1391 1067 1423 1096 ὃς
1437 1065 1673 1104 Gravaminibus,
1690 1076 1723 1096 ac
1738 1066 1880 1104 Offensis,
1894 1068 1927 1098 &
1945 1067 2137 1106 Attemptatis‚
2156 1067 2213 1097 tam
2228 1073 2278 1104 per

1231 1102 1332 1141 Ligeos
1357 1105 1390 1133 &
1403 1103 1537 1134 Subditos
1554 1104 1666 1134 nostros
1677 1106 1762 1142 qu'am
1778 1105 1882 1142 Ligeos
1897 1106 1930 1136 &
1946 1105 2078 1136 Subditos
2096 1106 2178 1142 iplius
2193 1105 2278 1136 Con-

1228 1140 1366 1179 sanguinei
1386 1141 1474 1172 nostri
1493 1145 1569 1180 Regis
1589 1146 1723 1172 Scotorum
1738 1166 1747 1181 ,
1773 1145 1801 1173 in
1817 1143 1858 1173 W
1862 1142 2032 1173 estmarchiis
2047 1145 2080 1174 δε
2095 1144 2280 1174 Estmarchiis

1230 1180 1324 1209 verius
1337 1180 1481 1218 Scotiam,
1500 1181 1544 1211 seu
1561 1181 1626 1211 alibi
1641 1205 1650 1218 ,
1675 1191 1776 1212 contra
1796 1181 1931 1211 Formam
1945 1182 2121 1221 Treugarum
2135 1184 2168 1214 &
2183 1182 2281 1212 Guer-

1230 1227 1323 1248 rarum
1341 1218 1582 1249 Abstinentiai·um
1593 1241 1602 1257 ‚
1622 1220 1693 1249 inter
1707 1221 1767 1250 Nos
1782 1220 1814 1251 &
1833 1220 1945 1250 dietum
1960 1220 2208 1259 Conlanguineum
2225 1231 2280 1250 no-

1231 1255 1319 1286 strum
1336 1258 1430 1293 Regem
1445 1260 1734 1295 Scotorum=captarum
1743 1281 1753 1296 ,
1771 1259 1919 1296 initarurn,
1937 1259 1970 1290 &
1986 1259 2196 1296 conclusarum,
2212 1259 2282 1289 hinc

1231 1295 1297 1324 inde
1314 1295 1413 1325 habitis
1425 1296 1458 1325 ὃ(
1471 1295 1710 1334 qualitercumque
1725 1297 1803 1327 fadiis
1820 1297 1875 1327 sive
1890 1299 2065 1336 perpetratis,

1266 1332 1398 1363 Necnon
1411 1332 1537 1363 debitam
1553 1334 1787 1364 reformationem
1801 1335 1834 1365 &
1850 1334 2069 1372 Reparationem
2084 1336 2282 1375 Querelarum,

1230 1370 1442 1401 Gravaminum
1453 1394 1461 1409 ,
1480 1371 1660 1402 Offensarum
1673 1395 1682 1410 ,
1701 1374 1734 1404 &
1752 1373 1995 1411 Attemptatorum
2016 1375 2218 1412 praedictorum
2233 1374 2284 1406 fie-

1230 1410 1253 1438 ri
1268 1409 1401 1447 Petendi‚
1419 1419 1451 1440 ac
1467 1409 1526 1439 fieri
1541 1409 1742 1448 Promittendi‚

1269 1447 1307 1478 Et
1320 1448 1400 1486 super
1412 1447 1561 1478 Praemiffis
1573 1449 1606 1479 &
1623 1458 1724 1479 eorum
1741 1448 1942 1487 Dependentiis
1951 1449 2186 1490 Appunecuandi,
2197 1450 2282 1482 Con-

1231 1486 1364 1517 cordandi
1374 1509 1383 1523 ,
1398 1486 1430 1516 &
1444 1486 1664 1525 Concludendi,

1266 1523 1464 1562 Universaque
1478 1525 1511 1554 &
1525 1524 1649 1562 singula,
1668 1535 1732 1562 quae
1748 1536 1801 1564 pro
1816 1525 2006 1564 Reparatione
2021 1528 2053 1557 sc
2068 1526 2288 1559 Reforrnatione

1233 1562 1446 1593 Praemifforum
1467 1563 1616 1593 necessaria
1633 1565 1734 1594 fuerint
1756 1565 1789 1595 &
1810 1574 1968 1602 oportum,
1995 1576 2026 1595 ac
2045 1567 2287 1605 qualitercumque

1233 1602 1328 1632 debita
1344 1601 1378 1632 &
1398 1601 1525 1639 requisita
1539 1623 1548 1640 ,
1571 1602 1649 1640 juxta
1670 1602 1764 1640 Leges
1786 1604 1819 1634 ὃς
1842 1602 2066 1634 Coni‘uetudines
2092 1604 2289 1635 Marchiarum

1233 1639 1427 1678 praedictarum
1438 1663 1447 1678 ‚
1462 1640 1495 1671 δε
1507 1640 1571 1670 alias
1587 1648 1671 1678 prout
1684 1641 1831 1678 expediens
1849 1641 1918 1672 hinc
1932 1642 1997 1671 inde
2012 1643 2101 1671 visum
2117 1643 2219 1681 fuerit,
2236 1643 2288 1673 Fa-

1234 1679 1326 1709 ciendi
1342 1703 1351 1717 ,
1381 1678 1554 1709 Excercendi
1566 1701 1575 1716 ,
1600 1678 1736 1709 Puniendi
1750 1702 1760 1717 ,
1779 1681 1812 1710 &
1825 1678 2007 1717 Exequendi,
2027 1681 2082 1709 una
2097 1691 2166 1710 cum
2179 1681 2287 1712 Proro-

1233 1718 1346 1756 gatione
1358 1716 1480 1748 Dierum
1499 1718 1532 1748 δε
1548 1717 1740 1756 Affignatione
1756 1718 1904 1748 Locorum
1921 1727 1973 1755 pro
1989 1719 2109 1748 eisdem:

1272 1755 1435 1794 Dantesque
1459 1755 1571 1786 ulterius
1593 1757 1626 1786 &
1643 1755 1844 1787 Concedentes
1865 1757 1968 1787 eisdem
1985 1756 2210 1795 Conimiffariis‚
2226 1756 2288 1788 Βε-

1235 1795 1334 1832 putatis
1344 1817 1354 1833 ,
1368 1796 1402 1826 &
1418 1795 1651 1825 Procuratoribus
1672 1794 1772 1824 nostris
1784 1817 1794 1832 ‚
1810 1794 1974 1826 Tresdecim
1984 1819 1993 1831 ,
2013 1795 2180 1826 Duodecim
2190 1818 2200 1833 ,
2219 1795 2290 1826 Un-

1234 1833 1329 1863 decim
1346 1856 1354 1870 ‚
1380 1833 1492 1864 Decem
1507 1856 1517 1871 ,
1544 1832 1686 1869 Novem,
1706 1833 1807 1870 octo,
1824 1833 1940 1870 Septem
1951 1856 1960 1870 ,
1977 1835 2011 1864 &
2028 1833 2083 1864 Sex
2096 1843 2212 1871 eorum,
2230 1834 2289 1871 ple<

1235 1881 1301 1901 nam
1319 1871 1504 1909 potestatem,
1522 1872 1555 1901 ὃ(
1571 1871 1776 1901 Αυξῒοῐίῑεῑεπι
1786 1894 1795 1909 ,
1811 1882 1843 1902 ac
1860 1872 2027 1901 Mandatum
2041 1873 2169 1910 generale
2183 1873 2215 1902 &
2229 1873 2290 1910 ipe-

1236 1910 1318 1946 ciale,
1337 1920 1405 1940 cum
1425 1909 1630 1940 Commissariis
1644 1932 1653 1947 ,
1679 1909 1826 1948 Deputatis
1840 1932 1849 1947 ,
1873 1912 1906 1939 δε
1933 1910 2162 1941 procuratoribus
2183 1911 2290 1948 praefati

1236 1948 1443 1987 Confiinguinei
1465 1948 1570 1985 nostri,
1592 1947 1787 1978 suffiscientem
1804 1947 1975 1978 potestatem
1991 1949 2025 1978 ab
2040 1949 2142 1979 eodem
2161 1948 2290 1979 Consan-

1236 1988 1342 2026 guineo
1356 1986 1455 2017 nostro
1471 1987 1505 2017 ad
1521 1986 1578 2017 hoc
1592 1987 1774 2025 habentibus,
1794 1985 1994 2016 Conveniendi
2005 2010 2014 2023 ,

1274 2026 1320 2056 Ac
1343 2025 1588 2056 Communicandi
1604 2048 1614 2062 ,
1635 2024 1807 2063 Tradiandi,
1825 2024 2047 2063 concordandi,
2067 2024 2292 2063 Componendi,

1237 2065 1270 2095 ὅ(
1297 2063 1518 2102 Appunri‘tuandi
1533 2085 1543 2101 ,
1559 2072 1591 2093 ac
1609 2063 1730 2100 plenarie
1746 2063 1903 2099 &integre
1919 2062 2133 2094 Determinandi
2148 2065 2180 2094 &
2202 2064 2290 2094 finali-

1236 2111 1277 2133 ter
1292 2101 1511 2140 Concludendi,
1528 2102 1565 2132 de
1580 2101 1613 2132 δε
1627 2102 1706 2139 super
1719 2101 1843 2138 Treugis
1857 2103 1889 2132 &
1904 2101 2079 2132 Guerrarum
2092 2102 2292 2140 Abstinentiis,

1238 2143 1289 2178 &,
1306 2142 1325 2172 si
1348 2143 1386 2171 eis
1408 2140 1497 2171 visum
1520 2140 1617 2177 fuerit,
1632 2140 1668 2170 de
1685 2139 1760 2170 Pace
1779 2139 1929 2179 perpetua,
1945 2150 1978 2170 ac
1997 2141 2148 2179 Amicitia,
2166 2140 2292 2171 Confoe-

1237 2181 1398 2217 deratione,
1415 2180 1448 2211 δι
1474 2177 1644 2209 Concordia
1660 2202 1669 2216 ,
1688 2179 1759 2208 inter
1778 2180 1855 2215 Nos,
1869 2189 1902 2209 ac
1916 2178 2053 2210 Haeredes
2067 2180 2099 2210 &
2112 2179 2292 2210 Successbres

1239 2218 1365 2256 nostros,
1383 2227 1414 2248 ac
1430 2217 1548 2257 Regna,
1568 2216 1709 2257 Dominia
1720 2241 1729 2254 ,
1749 2216 1898 2254 Subditos,
1918 2217 2066 2255 Alligatos,
2083 2218 2116 2248 &
2130 2217 2292 2248 Confoede-

1240 2267 1312 2287 ratos
1327 2257 1454 2294 nostros,
1472 2266 1505 2286 ac
1520 2256 1587 2285 alios
1601 2255 1698 2285 Nobis
1713 2255 1894 2286 Adhaerentes
1908 2257 2117 2294 quoscumque,
2135 2256 2167 2286 ὅτ.
2181 2256 2293 2286 dictum

1240 2296 1488 2334 Consanguineuni
1512 2294 1640 2324 nostrum
1661 2296 1755 2331 Regem
1778 2296 1910 2323 Scotorum
1924 2316 1934 2332 ,
1958 2303 1990 2324 ac
2010 2294 2094 2324 Loca
2107 2318 2117 2331 ,
2136 2294 2293 2332 Dominia,

1239 2334 1375 2403 1Slutbditgis
1390 2357 1401 2373 ,
1425 2333 1559 2372 Alligatos
1572 2357 1582 2370 ,
1601 2333 1634 2363 ὃς
1648 2332 1833 2363 Adliaerentes
1846 2333 1908 2363 suos
1920 2332 2064 2371 ineundis,
2081 2332 2238 2371 capiendis,
2254 2334 2289 2364 &

1261 2384 1276 2404 a
1297 2383 1332 2403 en
1354 2383 1375 2403 is

1276 2394 1445 2449 Caecera’que
1464 2410 1561 2440 omnia
1581 2409 1614 2440 &
1635 2408 1756 2447 singula,
1774 2418 1838 2447 quae
1854 2410 1924 2439 inter
1938 2419 1987 2439 eos
2001 2409 2203 2447 appundiuata‚
2221 2418 2294 2440 con-

1240 2460 1326 2481 venta
1337 2473 1346 2488 ,
1364 2451 1383 2469 ⁴*
1403 2449 1550 2485 conclusa,
1568 2448 1601 2478 &
1615 2448 1790 2477 concordata
1804 2447 1923 2486 fuerint,
1942 2447 2110 2478 Roborandi
2127 2448 2161 2478 &
2176 2447 2297 2479 Airecu-

2334 2443 2350 2459 ⁸
2370 2439 2426 2472 XL

1241 2488 1320 2518 randi
1336 2498 1384 2526 per
1392 2487 1469 2521 Fidei
1483 2487 1723 2525 interpositionem
1740 2485 1975 2524 &Juratncntum
1989 2488 2017 2516 in
2024 2486 2160 2517 Animam
2171 2486 2298 2518 nostram
2319 2480 2383 2516 737-

1262 2527 1429 2558 raestandum

1241 2537 1260 2566 P
1281 2566 1326 2596 Ac
1348 2566 1385 2596 de
1404 2549 1449 2596 ὃς,
1461 2564 1541 2602 super
1563 2564 1698 2594 omnibus
1714 2564 1747 2594 &
1762 2561 1876 2600 fingulis
1891 2561 2055 2601 Praerniffis,
2073 2563 2106 2594 &
2120 2562 2295 2601 Dependena

1243 2606 1286 2636 tiis
1303 2605 1339 2634 ab
1357 2605 1460 2634 eisdem
1479 2625 1488 2640 ,
1507 2612 1609 2632 omnes
1628 2603 1661 2633 δε
1679 2601 1860 2632 omnimodas
1878 2601 2064 2639 Securitates,
2084 2600 2298 2640 obligationes,

1241 2654 1275 2674 ac
1295 2643 1400 2673 Literas
1419 2642 1545 2679 sigillatas
1563 2639 1770 2678 Concedendi,
1789 2640 1934 2677 Faciendi,
1954 2642 1987 2671 ὅτ.
2007 2639 2198 2678 Expediencli,
2214 2650 2298 2678 prout

1243 2682 1345 2712 eisdem
1369 2679 1593 2717 Commislariis,
1612 2678 1779 2715 Deputatis,
1797 2680 1830 2708 δε
1853 2679 2086 2709 Procuratoribus
2100 2678 2201 2709 nostris
2217 2680 2295 2711 vide-

1242 2723 1317 2751 bitur
1333 2720 1478 2758 expedire,
1497 2727 1561 2754 quae
1574 2717 1657 2747 talem
1671 2725 1835 2754 tantamque
1852 2717 1937 2755 Vim,
1955 2717 2180 2755 Auctoritatem,
2198 2718 2231 2747 ὃ(
2244 2718 2296 2749 fif-

1243 2760 1353 2790 fedmm
1367 2758 1499 2789 volumus
1514 2755 1619 2786 realiter
1631 2756 1760 2793 optinere
1773 2777 1784 2793 ,
1809 2765 1841 2786 ac
1863 2755 1883 2785 si
1896 2765 1927 2785 ea
1941 2757 1970 2785 in
1983 2756 2097 2793 propria
2115 2754 2238 2787 Persona
2254 2757 2295 2788 fe-

1242 2798 1374 2830 ciffemus

1281 2837 1336 2874 Et,
1355 2819 1503 2865 si'necesse
1520 2833 1624 2871 fuerit,
1639 2836 1752 2862 Dietam
1766 2855 1776 2870 ,
1792 2841 1826 2863 ac
1839 2835 1919 2862 Diem
1935 2831 1973 2867 εἰ»
1984 2834 2084 2861 Locum
2101 2842 2154 2870 pro
2174 2833 2276 2864 eisdem
2287 2856 2298 2872 ‚

1242 2873 1464 2913 Appunctuandi
1482 2873 1514 2903 &
1534 2871 1717 2909 Affignandi,

1279 2914 1448 2949 Caeteraque
1465 2910 1562 2941 omnia
1579 2910 1612 2940 δε
1631 2909 1753 2947 lingula,
1772 2918 1836 2946 quae
1852 2910 1880 2938 in
1891 2907 2040 2938 Praemiffis
2053 2907 2299 2947 Conclusa,c0n-

1244 2952 1372 2989 cordata,
1390 2953 1423 2982 ὅ(
1442 2950 1550 2979 firmata
1567 2948 1687 2985 fuerint,
1704 2946 1895 2984 Expediendi,
1911 2946 2093 2985 Perficiendi,
2112 2949 2144 2978 ὃς
2163 2957 2214 2985 pro
2229 2948 2297 2978 Par-

1243 2999 1272 3021 te
1290 2990 1386 3020 nostra
1406 2986 1615 3024 Perimplendi,
1632 2995 1664 3016 ac
1685 2985 1780 3015 debite
1796 2985 1978 3023 Exequendi,
1993 2986 2078 3016 etiam
2091 2986 2110 3016 fi
2127 2988 2227 3024 majora
2244 2987 2296 3017 lint

1244 3030 1278 3059 &
1296 3029 1464 3059 Mandatum
1482 3025 1518 3055 de
1535 3024 1574 3054 sui
1594 3033 1690 3054 natura
1707 3026 1796 3060 tnagis
1813 3025 1926 3060 exigant
1942 3024 2058 3061 speciale
2071 3047 2081 3062 ,
2099 3025 2132 3054 &
2148 3035 2212 3062 quae
2231 3034 2296 3054 nos-

1244 3067 1354 3105 metipsi
1378 3067 1468 3096 facere
1492 3062 1634 3100 possemus
1660 3062 1679 3090 fi
1698 3061 1870 3099 personaliter
1889 3065 2032 3099 praelentes
2050 3062 2168 3093 essemus
2185 3064 2213 3092 in
2236 3063 2294 3093 Ex-

1244 3106 1394 3143 plicatione
1409 3106 1442 3134 &
1459 3100 1655 3132 Conclusione
1673 3099 1903 3137 Praemiffimm,

1282 3144 1484 3174 promittentes
1500 3161 1510 3177 ‚
1530 3137 1608 3168 bona
1627 3138 1696 3168 Fide
1716 3139 1749 3169 &
1768 3140 1798 3168 in
1819 3138 1918 3168 Verbo
1936 3138 2030 3178 Regio
2043 3161 2053 3176 ,
2077 3138 2145 3168 Nos
2164 3137 2293 3176 Ramm,

1243 3182 1367 3213 Gratum
1382 3203 1391 3218 ,
1415 3180 1448 3209 ὃ(
1475 3177 1604 3207 Firmum
1631 3177 1774 3207 habituros
1795 3185 1889 3208 totum
1908 3177 1940 3207 &
1958 3177 2113 3215 quicquid,
2139 3178 2219 3214 quod
2245 3186 2294 3214 per

1244 3220 1460 3250 Commislarios
1474 3240 1484 3254 ,
1513 3214 1673 3252 Deputatos
1690 3237 1700 3251 ,
1725 3216 1759 3247 ὃς
1782 3213 1980 3245 Procuratores
1997 3215 2110 3245 nostros
2129 3215 2294 3253 praedic'ios,

1241 3259 1406 3289 Trcsdecim
1418 3281 1427 3294 ,
1452 3253 1621 3285 Duodecim
1637 3275 1647 3291 ,
1672 3253 1822 3284 Undecim
1835 3275 1845 3291 ,
1867 3253 1980 3283 Decem
1998 3276 2007 3291 ,
2033 3252 2174 3290 Novem,
2192 3253 2296 3292 Οέὶο,

1241 3297 1356 3334 Septem
1371 3318 1382 3334 ,
1405 3297 1438 3326 ἃ.
1457 3294 1510 3323 Sex
1529 3302 1647 3329 eorum,
1665 3292 1693 3320 in
1712 3291 1817 3323 Forma
1837 3291 1984 3329 praedicta,
2004 3291 2128 3327 Actum,
2147 3290 2290 3330 Gestum,

1239 3337 1285 3367 seu
1305 3336 1490 3366 Procuratum
1509 3331 1591 3361 fuerit
1607 3331 1636 3359 in
1655 3329 1825 3368 Praemisfis,
1840 3331 1885 3360 seu
1900 3330 1992 3367 aliquo
2013 3327 2234 3360 Praemiisorum.

1464 3381 1502 3400 ἐ.

1274 3372 1472 3450 ‘Isr'lefigjulsl’eg
1484 3407 1558 3446 apud
1575 3405 1732 3446 Lichqfeld,
1750 3405 1885 3438 vicesimo
1900 3413 1999 3442 quarto
2014 3403 2060 3434 die
2079 3404 2208 3444 Augusti.

1625 3485 1678 3513 Per
1689 3481 1771 3523 ipfiam
1785 3484 1894 3518 Regem,
1912 3478 1950 3514 ὀ·
1966 3479 1999 3509 de
2009 3482 2108 3519 Data,
2125 3480 2185 3516 &aa

1550 3630 1710 3674 Commiffio
1725 3632 1810 3674 Regis
1825 3629 1989 3662 Scotorum.

1283 3755 1548 3825 quorunlinonuas
1570 3753 1715 3791 praesentes
1729 3751 1846 3782 Litterae
1864 3753 2057 3790 pervenerint,
2075 3751 2208 3781 Salutem.

1273 3797 1370 3827 Sciatis
1421 3804 1453 3824 os
1464 3815 1474 3831 ,

1272 3720 1381 3751 Acobus
1397 3741 1406 3757 ,
1423 3716 1480 3748 Dei
1496 3715 1579 3760 gratia
1596 3736 1606 3752 ,
1631 3718 1691 3744 Rex
1708 3717 1842 3742 Scotorum
1859 3711 2007 3743 Univerfis
2031 3713 2064 3744 &
2083 3711 2205 3749 Singulis
2219 3735 2228 3751 ,
2252 3712 2286 3744 ad
2310 3711 2386 3744 Ann.
2397 3713 2438 3747 D,

2334 3760 2423 3792 ¹473!

2305 3795 2358 3819 An.
2378 3803 2418 3830 ¹3·

1275 3835 1325 3865 De
1344 3834 1426 3870 Fide,
1444 3830 1610 3870 Legalitate,
1625 3829 1658 3859 &
1677 3827 1827 3859 Prudentia
1844 3826 2006 3858 Reverendi
2024 3836 2056 3857 ac
2076 3826 2102 3856 V
2104 3826 2285 3858 enerabilium
2303 3832 2334 3856 Ε.
2350 3838 2379 3865 4.

1237 3875 1266 3904 in
1286 3871 1404 3903 Christo
1423 3869 1553 3906 Parrum,
1573 3866 1872 3903 consanguineorum,
1896 3867 1927 3896 δε
1945 3865 2101 3895 Consulum
2120 3864 2285 3896 nostrorum
2305 3872 2342 3894 Ex
2358 3872 2418 3903 Ara-j

1237 3910 1467 3950 praedilectorum
1483 3930 1492 3944 ,
1519 3905 1671 3943 (videlicet)
1690 3904 1796 3934 Thomae
1813 3904 1930 3943 Episcopi
1946 3904 2105 3932 Abirdonen
2116 3913 2138 3932 ις
2152 3925 2160 3940 ,
2187 3905 2290 3935 David
2302 3921 2367 3951 mgr,

1239 3952 1348 3980 Comitis
1367 3944 1536 3984 Craufurdiae
1554 3945 1587 3975 &
1604 3942 1726 3973 Domini
1748 3944 1894 3978 Lindesav,
1911 3941 2022 3970 Roberti
2040 3941 2089 3970 Ab
2107 3943 2161 3970 atis
2173 3941 2206 3971 de
2222 3943 2287 3973 Cal..

1239 4000 1288 4024 co,
1312 3986 1421 4016 Roberti
1440 3983 1562 4012 Abbatis
1587 3981 1619 4011 de
1644 3980 1796 4019 Jedworth
1809 4003 1817 4017 ,
1842 3979 1940 4018 Jacobi
1962 3981 2073 4008 Domini
2099 3979 2263 4011 Hamiltonn
2276 4003 2287 4020 ,

1242 4024 1369 4064 Magistri
1395 4020 1555 4051 Alexandri
1576 4019 1660 4057 Inglis
1683 4018 1874 4049 Decretorum
1900 4016 2056 4053 Dotstoris,
2081 4027 2115 4048 ac
2127 4016 2286 4049 nostr-arum
2341 4019 2344 4022 ’

1240 4061 1447 4100 Requestarum
1472 4057 1623 4097 Magistri,
1640 4058 1674 4089 δε
1691 4059 1818 4087 Duncam'
1832 4056 1864 4086 de
1877 4055 1993 4085 Dundas
2004 4055 2167 4094 Armigeri,
2185 4067 2287 4095 quam-

1238 4100 1394 4140 plurimum
1412 4095 1525 4134 confisi,
1758 4131 1784 4162 E
2203 4131 2295 4171 Ipso„
