2555 4266
26 2770 42 2788 ⁴¹
62 2771 130 2799 XII.

26 2817 91 2844 705·

23 3327 100 3363 Ann.
112 3330 155 3362 D.

43 3371 132 3409 1498.

20 3413 74 3437 An.
98 3418 140 3445 14.

22 3452 58 3477 H.
79 3457 105 3483 7.

21 3490 156 3522 Franc.14.

22 3529 57 3552 H.
75 3533 102 3560 7.
116 3535 152 3554 m.

736 180 851 229 ET
935 184 1204 230 ACTA

39 310 114 341 Ann.
127 306 168 338 D.
192 319 206 321 ff

66 347 152 387 1498.

38 392 103 416 Hm.
121 396 148 421 7.

37 470 90 497 An.
111 473 154 499 ¹4.
188 444 322 505 REX
350 446 485 476 omnibus
519 446 553 476 ad
569 457 656 487 quos,
672 447 733 490 ῥίς,
750 447 885 479 Salutem.

37 510 74 535 H.
94 513 121 538 7.

37 547 99 571 Pat.
120 551 160 576 ¹4-

36 586 166 656 {271pr-
181 599 379 632 Concedimus
401 602 571 633 Praedfleeto
593 603 627 634 &
653 601 741 631 Fideli
755 601 925 632 Confiliario
947 600 1045 631 nostro
1065 599 1194 641 Silvestre
1207 602 1240 631 de

277 363 336 395 Pro
355 356 493 401 silvestro
510 357 547 391 de
564 361 616 408 διὲξ
623 372 678 411 ys,
707 359 743 394 de
760 360 897 405 CustodIa
914 362 1146 408 Temporalium·

281 483 380 514 Sciatis
395 485 475 522 quod
492 469 562 515 Nos
577 508 586 523 ,
610 494 690 516 certis
705 485 740 515 de
755 485 854 516 Caufis
866 495 918 516 nos
930 483 1083 522 specialiter
1096 486 1241 515 moventi·-

184 524 236 554 bus
250 547 259 560 ,
285 522 322 553 de
346 522 444 555 Gratia
468 524 562 555 nostra
576 524 683 562 speciali
697 534 729 555 ac
742 533 776 556 ex
790 524 864 554 certa
876 523 988 564 scientia
1000 523 1032 553 δε
1050 533 1131 553 mero
1149 523 1240 555 Motu

182 560 304 600 nostris,
333 561 474 594 Dedimus
496 564 530 594 &
553 562 752 594 Conceffimus
771 573 805 593 ac
826 572 874 600 per
894 560 1047 591 Praelentes
1068 561 1181 592 Damus
1205 563 1240 593 ὃς

180 638 272 678 Giglys
290 640 533 678 Archipresbitero
551 640 672 671 Lucenfi
689 639 842 670 Causarum
860 638 1017 669 nostrarum
1033 640 1061 669 in
1079 639 1166 670 Curia
1175 639 1240 670 Ro-

182 688 266 709 mana
293 678 465 710 Solicitatori
485 678 657 710 Custodiam
677 679 808 708 omnium
827 677 1044 716 Temporalium
1059 677 1242 716 Epilcopatus

181 717 398 757 Wygornienfis
422 728 491 748 cum
516 717 687 755 pertinentiis
704 739 714 754 ,
736 726 769 747 ac
784 716 968 747 omnimodos
981 717 1077 747 Exitus
1092 717 1242 748 Proficuo-

181 765 245 786 rum
259 778 269 796 ,
297 757 479 787 Reddituum
495 779 505 794 ‚
531 756 555 785 F
557 757 688 784 irmarum
702 777 712 792 ,
739 754 957 788 Reventionum
972 758 1006 786 ὃς
1020 755 1243 786 Emolumento-

181 804 246 825 rum
267 797 402 825 omnium
421 795 454 825 &
471 794 644 830 singulorum
660 793 890 832 Dominiorum,
907 793 1121 831 Maneriorum,
1138 795 1244 825 Terra-

181 843 264 872 rum,
279 834 552 870 Te'nementorum,
570 831 814 870 Hundredorum,
833 832 1242 870 Reddituum,Poffesfionum

180 869 400 909 Temporalium
412 893 421 908 ,
446 879 698 908 quorumcumque
714 870 897 912 Feodorum,
915 870 1048 901 Militum
1065 881 1097 901 ac
1114 871 1243 902 Wardo-

180 920 247 940 rum
261 909 494 955 Maritagiorum,
510 908 714 946 Releviorum‚
732 909 948 949 Heriettorum,
963 909 1145 940 Escaetorum
1155 933 1164 947 ,
1178 910 1242 940 Ser-

180 950 316 980 vitiorum
331 970 341 986 ,
363 947 504 977 seriarum
519 970 529 986 ,
549 946 748 978 Mercatorum
759 971 770 986 ,
789 947 999 986 Tolnetarum,
1019 947 1242 986 Custumarum,

183 986 335 1017 Curiarum
366 986 440 1016 Laet.
460 985 517 1016 Vis.
534 985 791 1026 Franciplegiorum
809 1010 818 1026 ,
846 987 1078 1017 Advocationum
1104 986 1243 1018 Ecclesia*

180 1035 263 1062 rum,
281 1024 480 1062 Capellarum‚
497 1023 709 1062 Canni-iarum,
729 1025 913 1055 Abbatiarum
929 1047 939 1063 ,
962 1025 1142 1056 Prioratuum
1156 1050 1165 1064 ,
1184 1025 1242 1055 Ec-

179 1063 325 1094 clefiarum
343 1061 583 1102 Collegiatarum,
600 1062 798 1094 Decanatuum
809 1086 818 1101 ,
836 1063 1144 1101 Archidiaconatuum,
1164 1064 1242 1094 Prae-

179 1101 336 1132 bendarum
345 1124 355 1140 ,
373 1101 836 1140 Praepofiturarum,l-lolpitalium
849 1113 882 1132 ac
896 1103 1016 1132 aliorum
1032 1102 1242 1133 Beneficiorum

179 1139 447 1171 Ecclefiasticorum
468 1149 719 1178 quorumcumque
731 1162 740 1178 ,
759 1141 791 1171 δε
807 1150 874 1170 cum
887 1142 1022 1171 omnibus
1039 1141 1097 1170 aliis
1109 1140 1242 1179 juribus,

178 1178 444 1209 Commoditatibus
474 1179 508 1210 &
530 1178 742 1209 Emolumentis
765 1179 989 1217 quibuscumque
1011 1180 1082 1209 infra
1104 1180 1242 1216 Regnum

179 1216 310 1248 nostrum
326 1217 441 1255 Angliae
455 1227 502 1248 aut
518 1217 630 1247 Walliae
644 1219 677 1248 &
694 1217 834 1248 Marchias
848 1218 963 1247 Walliae
980 1217 1156 1256 Episcopatui
1166 1217 1207 1247 W
1209 1227 1243 1257 y-

178 1255 320 1325 ffirnienfi
341 1265 462 1294 quoquo
485 1255 576 1286 modo
596 1256 800 1293 pertinentibus
825 1256 882 1286 five
905 1256 1108 1297 l'pecflantibus,
1127 1266 1192 1294 quae
1206 1256 1241 1286 ad

222 1304 289 1325 anus
321 1295 427 1325 nostras
450 1295 558 1325 ratione
585 1294 693 1324 ultimae
716 1294 880 1325 Vacationis
903 1294 1024 1331 ejuldem
1047 1304 1096 1332 per
1124 1296 1157 1325 &
1178 1294 1243 1332 post

180 1332 316 1364 Riortem
341 1334 428 1364 bonae
455 1332 610 1363 Memoriae
627 1332 767 1371 Johannis
789 1332 878 1362 ultimi
893 1331 1013 1371 Episcopi
1028 1332 1100 1362 Loci
1116 1333 1243 1370 praedicti

178 1371 354 1403 devenerunt
379 1380 426 1402 aut
447 1372 579 1403 devenire
605 1371 766 1402 debuerunt
786 1380 834 1402 aut
857 1373 887 1402 in
912 1372 1048 1401 Manibus
1070 1372 1170 1402 nostris
1184 1373 1244 1402 exi-

177 1410 271 1449 stunt,

216 1448 389 1479 Habendam
411 1449 445 1480 ὅ(
461 1447 613 1479 Tenedam
639 1447 811 1478 Custodiam
834 1447 1001 1486 prfedidtam
1035 1457 1068 1478 ac
1083 1448 1168 1478 etiam
1185 1447 1246 1478 Re-

180 1488 301 1519 tinendo
323 1488 357 1517 &
376 1486 564 1526 Percipiendo
587 1488 687 1517 omnia
705 1486 801 1517 Exitus
815 1509 825 1524 ,
843 1486 991 1524 Proficua,
1009 1471 1166 1524 Redditus,
1182 1486 1244 1517 Fir-

181 1536 258 1564 mas,
277 1526 473 1556 Reventiones
492 1526 525 1556 ὃς
540 1525 744 1556 Emolumenta
758 1525 893 1564 praedicta
908 1549 917 1563 ,
937 1535 969 1555 ac
984 1534 1085 1555 caetera
1100 1525 1244 1555 Praemilla

181 1565 276 1595 eidem
295 1563 425 1602 silvestro
442 1563 595 1601 Affignatis
612 1565 644 1594 &
658 1563 866 1594 Executoribus
888 1564 940 1594 suis
953 1574 969 1593 a
988 1572 1118 1601 tempore
1136 1563 1243 1594 Mortis

175 1601 293 1642 praefati
314 1602 456 1640 Johannis
476 1610 558 1640 nuper
582 1602 699 1641 Epiftopi
718 1601 862 1639 hucusque
882 1603 915 1633 ὃς
941 1611 1054 1632 exnunc
1073 1625 1082 1640 ,
1103 1603 1239 1640 quamdiu

181 1642 366 1679 Temporalia
380 1641 425 1671 illa
439 1650 472 1671 ac
490 1649 590 1671 caetera
607 1640 752 1670 Praemissa
768 1642 798 1670 in
807 1639 943 1670 Manibus
957 1640 1056 1670 nostris
1071 1641 1244 1679 contigerint

178 1689 342 1718 remanere,
361 1680 420 1710 tam
435 1689 484 1717 per
500 1678 607 1709 Manus
626 1678 684 1708 suas
705 1679 738 1709 &
753 1678 954 1708 Ministrorum
970 1679 1082 1709 suorum
1098 1681 1222 1717 proprias
1233 1702 1243 1717 ,

179 1719 268 1756 quam
293 1728 344 1756 per
365 1717 472 1748 Manus
488 1719 620 1747 omnium
645 1718 678 1748 ὅ(
695 1717 867 1755 fingulorum
884 1717 1070 1748 Escaetorum
1089 1718 1133 1748 seu
1150 1717 1244 1748 Mini-

178 1757 305 1788 strorum
319 1756 500 1793 nostrorum,
518 1756 546 1785 in
563 1754 757 1786 Comitatibus
771 1756 805 1786 &
823 1755 959 1787 Marchiis
973 1756 1023 1786 illis
1037 1757 1085 1786 ubi
1097 1755 1242 1787 Praemiffa

175 1795 223 1827 seu
237 1794 353 1834 aliquod
372 1793 592 1825 Praemifforum
605 1793 750 1831 separatim
768 1793 891 1824 existunt
907 1794 953 1824 vel
974 1794 1083 1831 existit,
1102 1795 1189 1825 libere
1206 1797 1241 1826 ὅ(

175 1835 273 1871 quiete
288 1856 297 1872 ,
318 1834 424 1871 absque
445 1832 600 1869 Compoto
616 1854 627 1870 ,
650 1831 799 1869 Responso
818 1832 862 1862 seu
886 1832 984 1871 aliquo
1007 1834 1062 1863 alio
1077 1833 1176 1863 Nobis
1190 1843 1242 1871 pro

174 1871 329 1905 Praemiffis
345 1871 391 1902 seu
403 1872 500 1939 gliquo
517 1870 729 1902 Praemifforum
744 1870 904 1909 reddendo,
925 1871 1062 1903 solvendo
1074 1873 1120 1903 seu
1134 1872 1242 1903 facien-

178 1911 219 1943 do
253 1912 334 1942 uovis
351 1919 401 1940 mo
423 1919 443 1939 o
1114 1913 1124 1925 ’

212 1920 251 1980 Eq
267 1949 380 1980 ulterius
396 1932 595 1979 Coiiceditnus
606 1946 722 1987 praefato
739 1947 868 1988 Silvestre
884 1947 1037 1987 plenariam
1051 1949 1242 1988 Potestatem,

177 1987 299 2019 Tenore
321 1986 505 2017 Praesentium
519 2009 528 2025 ,
552 1988 651 2017 omnia
674 1987 836 2025 hujusmodi
855 1987 992 2018 Ecclefias
1007 2011 1017 2027 ‚
1045 1987 1216 2026 Collegiatas
1231 2013 1241 2028 ,

176 2025 341 2065 Canrarim,
358 2022 507 2063 Abbatias,
528 2025 666 2057 Prioratus
680 2049 689 2064 ‚
713 2025 850 2057 Ecclefias
864 2024 1052 2066 Collegiatas,
1071 2026 1242 2065 Praepofitu-

174 2074 218 2096 ras
233 2082 243 2104 5
269 2064 434 2096 Decanatus
447 2087 456 2103 ,
482 2063 751 2103 Archidiaconatus,
771 2063 956 2104 Praebendas,
973 2064 1130 2103 Hospitalia
1143 2066 1177 2097 &
1190 2066 1240 2097 alia

175 2102 317 2136 Beneficia
333 2102 529 2134 Ecclefiastica
548 2112 741 2142 quaecumque
761 2103 859 2134 Nobis
873 2105 981 2134 ratione
995 2103 1157 2135 Vacationis
1170 2115 1241 2142 prae—

177 2143 263 2173 dietae
278 2143 446 2180 pertinentia
461 2143 634 2180 cuicumque
641 2143 693 2173 fibi
707 2142 860 2180 placuerit,
878 2143 949 2173 cum
965 2143 998 2174 &
1012 2144 1142 2181 quotiens
1158 2154 1241 2175 vaca-

175 2182 270 2213 verint
282 2181 327 2211 seu
341 2180 456 2219 aliquod
469 2189 570 2211 eorum
586 2182 746 2220 vacaverit,
763 2181 798 2212 ad
811 2180 925 2212 libitum
940 2182 1020 2213 suum
1035 2205 1046 2221 ‚
1064 2180 1239 2213 Conceden-

175 2219 222 2258 di,
240 2219 436 2258 Conferendi,
455 2219 642 2250 Praesentandi
662 2220 720 2251 five
742 2219 882 2250 Donandi
898 2242 909 2258 ,
926 2229 960 2251 ac
974 2221 1060 2250 etiam
1077 2220 1240 2252 Anerorita-

175 2265 236 2289 tem
251 2259 285 2288 ὅτ
300 2258 472 2289 Potestatem
490 2258 613 2288 faciendi
634 2258 692 2289 five
707 2257 846 2289 Donandi
860 2258 1048 2290 omnimodos
1056 2258 1241 2298 Senescallos‚

176 2296 354 2335 Receptores
369 2320 380 2336 ,
407 2296 528 2328 Ballivos
540 2320 550 2336 ,
578 2297 730 2328 Firmarios
755 2298 789 2329 ὃς
805 2297 874 2327 alios
887 2297 1068 2335 Officiarios,
1088 2298 1239 2330 Ministros

178 2336 237 2367 five
258 2336 479 2375 Occupatores,
497 2338 531 2367 δε
550 2335 661 2366 'Officia
682 2345 875 2374 quaecumque
898 2336 1080 2374 Episcopatui
1102 2338 1240 2375 praeditsto

177 2373 347 2412 pertinentia
362 2375 536 2413 cuicumque
553 2374 605 2405 fibi
619 2374 753 2412 placuerit
763 2375 813 2413 ,&
828 2374 988 2412 hujusmodi
999 2374 1165 2406 Officiarios
1181 2376 1239 2408 five

175 2412 287 2444 Officia
307 2413 341 2444 ad
362 2413 475 2444 libitum
498 2412 578 2444 suum
600 2413 772 2452 praedic‘tum
791 2412 956 2453 Expellendi
977 2414 1010 2445 &
1024 2412 1191 2445 Amovendi
1205 2425 1238 2446 ac

173 2450 364 2491 Revocandi,
379 2459 464 2489 prout
473 2451 541 2482 Nos
553 2452 707 2483 faceremus
719 2452 740 2482 fi
755 2452 873 2490 praesens
881 2450 1040 2483 Conceffio
1055 2452 1152 2484 nostra
1165 2453 1238 2484 faeta

173 2500 234 2521 non
252 2490 361 2528 fuiffet,
376 2490 478 2528 absque
494 2491 720 2528 impedimento,
740 2490 955 2530 molestatione,
974 2491 1133 2530 calumpnia
1144 2515 1154 2531 ,
1174 2502 1237 2530 per-

172 2529 334 2559 turbatione
355 2528 400 2559 seu
421 2530 586 2567 gravamine
608 2528 712 2559 Nostri
729 2529 776 2560 vel
792 2529 952 2559 l-laeredum
970 2529 1134 2560 nostrorum
1147 2530 1236 2568 Justi-

171 2568 324 2598 ciariorum
335 2589 344 2605 ,
364 2566 564 2606 Escaetorum,
580 2567 770 2605 Ballivorum,
788 2567 1006 2598 Vicecomitum
1020 2591 1030 2606 ,
1056 2569 1101 2599 vel
1115 2569 1236 2600 aliorum

172 2606 391 2636 Officiariorum
411 2606 456 2636 seu
486 2606 689 2636 Ministrorum
712 2606 878 2636 nostrorum
901 2616 1174 2646 quorumcumque,
1200 2619 1237 2638 eo

173 2644 255 2681 quod
271 2643 397 2681 expressa
411 2645 521 2675 mentio
536 2645 574 2675 de
586 2654 657 2675 vero
664 2644 769 2676 Valore
778 2644 886 2675 Annuo
898 2644 944 2675 seu
959 2645 1054 2682 aliquo
1065 2646 1123 2676 alio
1142 2646 1236 2677 valore

174 2683 233 2713 five
256 2681 435 2712 Certitudine
450 2683 663 2714 Praemifforum
677 2683 733 2714 five
756 2683 872 2722 alicujus
892 2683 1110 2714 Praemifforum
1132 2694 1178 2715 aut
1200 2686 1236 2716 de

173 2721 232 2751 aliis
253 2720 347 2751 Donis
369 2720 426 2751 five
448 2721 688 2752 Conceffionibus
703 2745 712 2759 ,
737 2723 820 2751 eidem
840 2721 970 2760 Silvestro'
984 2744 994 2760 ,
1020 2732 1069 2760 per
1084 2722 1154 2752 Nos
1170 2733 1234 2754 ante

176 2759 240 2790 haec
256 2768 384 2798 tempora
400 2759 499 2799 saffls,
516 2761 544 2790 in
553 2759 738 2791 Praesentibus
756 2761 876 2790 minime
893 2760 967 2790 faeta
983 2760 1093 2800 existit,
1110 2770 1155 2791 aut
1174 2763 1193 2779 *ς
1208 2773 1237 2793 a-

174 2797 256 2836 liquo
272 2798 402 2837 Statuto,
420 2798 513 2836 Actu,
530 2798 720 2829 Ordinatione
735 2799 792 2830 five
808 2798 1005 2829 Restrifflone
1020 2800 1049 2828 in
1063 2801 1236 2831 contrarium

173 2846 239 2866 ante
257 2835 321 2866 liaec
341 2845 400 2867 tem
443 2847 473 2868 ra
492 2838 570 2868 facto
583 2861 594 2876 ,
614 2838 690 2867 edito
703 2860 714 2875 ,
737 2838 870 2867 ordinato
889 2837 947 2867 five
971 2838 1085 2874 proviso
1102 2861 1112 2877 ,
1129 2848 1176 2869 aut
1188 2840 1237 2869 ali-

172 2874 228 2914 qua
241 2873 294 2904 alia
311 2873 359 2904 Re
368 2895 378 2912 ,
423 2874 487 2905 ausa
499 2876 546 2906 vel
561 2875 684 2905 Materia
699 2885 879 2913 quacumque
894 2876 924 2904 in
937 2875 1032 2913 aliquo
1046 2886 1108 2907 non
1120 2876 1237 2909 obstan-

174 2920 211 2943 te.

210 2951 244 2982 In
259 2951 354 2989 cujus,
371 2950 435 2981 &c.

208 3025 300 3058 Teste
313 3025 399 3065 Rege
414 3026 487 3066 apud
507 3024 785 3067 Wstmonasterium,
801 3027 902 3058 Primo
917 3027 962 3058 dle
979 3022 1162 3060 Decembris.

672 3106 726 3134 Per
743 3106 835 3134 Breve
847 3104 879 3134 de
898 3106 1017 3135 Privato
1030 3105 1129 3144 Sigillo.

384 3238 433 3270 De
449 3236 620 3271 [bastando
637 3250 706 3271 cum
723 3241 801 3285 Rege
816 3240 1031 3273 Romanorum.

171 3322 300 3380 REX
325 3320 477 3361 omnibus,
494 3323 530 3354 ad
546 3332 635 3362 quos,
653 3324 713 3355 &c.
732 3323 868 3354 Salutem.

269 3361 368 3393 Sciatis
377 3361 458 3400 quod
471 3361 541 3392 Nos
548 3385 558 3400 ,

209 3398 261 3430 De
273 3400 435 3439 fidelitate,
448 3399 586 3431 Industria
603 3401 780 3441 providaque
795 3399 939 3431 Circums
951 3400 1082 3439 efflone,
1101 3401 1235 3433 Dilecto-

172 3445 237 3468 rum
252 3439 286 3470 &
300 3439 441 3470 Fidelium
454 3438 688 3470 Confiliariorum
705 3439 868 3470 nostrorum
883 3462 893 3478 ,
938 3439 1012 3470 ambi
1025 3439 1116 3478 Tyrell
1130 3440 1231 3472 Militis

174 3475 322 3514 Capitanei
339 3477 428 3508 nostri
444 3477 480 3508 de
494 3477 633 3516 Guisnes,
649 3479 682 3509 ὃς
699 3478 809 3508 Roberti
825 3478 980 3508 Middleton
995 3478 1106 3517 Legum
1118 3478 1235 3510 Dosto-

171 3515 207 3545 ris
222 3513 367 3554 Capellani
380 3516 469 3547 nostri
488 3516 603 3549 Decani
627 3517 761 3548 Ecclefiae
779 3516 945 3556 Collegiatae
960 3517 1134 3557 Leycestriae
1144 3540 1154 3556 ,
1174 3519 1235 3557 ple—

170 3552 285 3584 niffime
299 3554 491 3594 confidentes,
944 3588 946 3590 ,

205 3591 282 3629 Ipsos
298 3593 410 3623 nostros
423 3603 507 3624 veros
520 3593 554 3625 δε
567 3593 734 3625 indubitatos
749 3593 900 3632 Oratores,
920 3593 1152 3633 Commiffarios,
1161 3594 1233 3626 Pro·

171 3640 313 3661 curatores
329 3654 338 3669 ,
364 3631 522 3669 Deputatos
545 3631 579 3662 &
602 3632 738 3664 Nuncios
753 3633 882 3670 speciales
896 3632 1089 3673 Affignamus,
1108 3633 1233 3665 Ordina—

170 3678 250 3706 mus‚
270 3667 479 3699 Constituimus
494 3671 528 3701 ὃς
544 3669 726 3708 Deputamus
739 3681 788 3708 per
799 3670 962 3708 praesentes,

210 3707 319 3739 Dantes
334 3709 367 3739 ὃς
382 3707 585 3738 Concedentes
604 3710 643 3738 eis
663 3709 774 3747 plenam
786 3732 795 3747 ,
821 3709 940 3738 Tenore
955 3708 1155 3750 Praesentium,
1174 3710 1232 3741 Po-

169 3746 301 3778 testatem
327 3748 361 3778 &
383 3746 591 3777 Auctoritatem
616 3756 699 3785 atque
722 3746 894 3776 Mandatum
914 3748 1041 3785 generale
1062 3750 1096 3780 &
1116 3749 1231 3786 speciale

169 3795 238 3816 cum
261 3784 453 3816 Sacratiffimo
472 3782 714 3823 Illustriffimoque
736 3785 869 3822 Principe
892 3785 988 3816 Fratre
1003 3795 1086 3824 atque
1099 3786 1229 3818 Constan-

188 3825 272 3854 uineo
294 3823 392 3854 nostro
409 3821 560 3853 Carissimo
582 3822 778 3852 Maximiliano
803 3825 982 3852 Romanorum
999 3828 1068 3862 Rege
1085 3848 1094 3863 ‚
1113 3826 1157 3856 seu
1173 3826 1229 3863 ejus

202 3863 336 3893 tatoribus
352 3885 362 3901 ,
385 3861 622 3892 Procuratoribus
635 3885 643 3899 ‚
675 3861 824 3898 Deputatis
843 3862 901 3892 five
922 3861 955 3891 N
960 3864 1048 3893 unciis
1063 3886 1072 3902 ,
1089 3864 1229 3902 Oratore,

168 3895 359 3930 Procuratore
375 3923 384 3938 ,
412 3899 559 3937 Deputato
581 3899 638 3930 five
660 3899 696 3930 N
699 3900 785 3929 uncio
809 3899 994 3930 sufficientem
1009 3899 1181 3932 Potestatem
1196 3904 1229 3933 &

169 3935 376 3969 Au&oritatem
391 3939 427 3969 ab
442 3937 543 3969 eodem
559 3936 751 3968 Sacratiffimo
775 3936 906 3975 Principe
928 3938 961 3967 ad
979 3940 1035 3969 hoc
1050 3940 1172 3971 habente
1184 3940 1228 3971 vel

168 3973 353 4015 habentibus,
372 3977 408 4007 de
426 3978 459 4008 ὃς
472 3976 550 4014 super
565 3977 700 4005 omnibus
711 3978 744 4006 ὅς
760 3975 869 4014 singulis
882 3975 1018 4012 Capitulis
1033 3977 1066 4007 &
1081 3978 1229 4015 Articulis,

167 4010 323 4044 Honorem
340 4037 351 4052 ,
372 4014 535 4046 Utilitatem
553 4037 562 4052 ,
588 4013 693 4044 Pacem
711 4021 896 4052 mutuamque
916 4015 1067 4045 amicitiam
1089 4017 1228 4054 utriusque

168 4050 301 4081 nostrfim
323 4053 525 4089 praedi&orum
551 4053 719 4090 Principum
735 4075 746 4090 ,
763 4061 846 4090 atque
862 4051 1054 4091 Regnorum,
1074 4053 1230 4085 Dominio-

165 4091 232 4119 rum
246 4112 257 4128 ,
280 4089 439 4122 Terrarum
461 4093 495 4124 ὃς
517 4091 674 4123 Patriarurn
688 4115 698 4129 ,
720 4099 838 4122 necnon
859 4090 1046 4122 Subditorurn
1067 4092 1231 4124 nostrorum

1287 184 1319 229 P
1358 191 1397 232 U
1442 188 1474 233 Β
1511 188 1546 234 L
1582 188 1602 234 1
1640 192 1679 235 C
1716 192 1768 236 Αδ
2258 210 2338 260 133

1281 275 1413 319 hincinde
1433 281 1671 325 concernentibus
1686 303 1697 318 ,
1721 281 1874 313 Tractandi
1886 305 1896 322 ,
1920 276 2138 325 conveniendi,
2155 284 2332 320 Communi·
2347 284 2423 321 Anti.
2439 281 2487 327 D.)

1280 314 1377 358 candi,
1397 315 1623 363 concorda-ndi,
1648 320 1867 358 Appunetuandi
1885 331 1917 352 ac
1937 324 2021 360 plene
2041 325 2074 356 &
2097 325 2205 362 integre
2227 326 2331 358 Deter-
2368 322 2455 368 1498.

1280 353 1410 421 g¹ga¹¹d¹t
1429 356 1462 386 ὅ(
1485 355 1601 389 finaliter
1619 358 1819 390 Concludendi
1831 383 1841 398 ,
1863 369 1947 398 prout
1968 364 2006 392 eis
2027 363 2125 394 melius
2145 364 2234 395 visum
2247 366 2330 399 fuerit
2349 370 2413 397 Hm„
2433 371 2463 404 7.·

1348 401 1398 428 por
1413 401 1500 422 unum
1513 418 1522 431 ,
2408 406 2413 407 ⁷

1318 428 1481 467 Omniaque
1498 434 1530 463 ὃς
1545 433 1663 473 singula,
1681 445 1744 474 quae
1758 437 1829 468 inter
1842 447 1890 468 eos
1903 437 2051 477 TraCtata‚
2063 438 2232 480 Conventa,
2247 441 2331 474 Con-2·

1279 467 1414 510 cordata,
1432 468 1629 514 Appunetuata
1647 475 1681 504 &
1703 474 1843 506 Conclusa
1857 476 1976 516 fuerint,
1995 477 2182 517 Roborandi,
2201 480 2329 512 Firman‘-

1280 505 1325 543 di,
1344 505 1550 543 Componendi
1563 510 1597 540 &
1613 512 1809 551 Affecurandi,

1318 543 1450 588 Necnon
1466 544 1502 589 d'e
1515 547 1548 577 &
1561 546 1639 584 super
1653 549 1813 587 hujusmodi
1826 551 2028 590 Appunetuatis
2042 556 2074 586 δι’.
2087 554 2253 594 conclusis,
2271 562 2330 587 caei

1278 582 1395 621 terisque
1408 585 1542 614 omnibus
1559 586 1591 616 &
1607 586 1735 629 singulis,
1752 589 1880 627 Capitula
1894 593 1926 623 &
1942 592 2084 623 Articulos
2097 595 2229 631 praedic‘ta
2244 595 2331 632 quali-

1279 621 1730 666 tercumque'Concernennbus,
1749 636 1811 663 quae
1827 639 1892 659 cum
1913 631 2031 666 praefato
2047 631 2233 663 Sacratiffimo
2250 633 2332 663 Prin-2

1279 669 1342 697 C1pe
1352 660 1421 704 ‚Iseu
1435 670 1493 708 epus
1506 660 1689 699 Oratoribus,
1708 663 1936 697 Procuratoribus
1946 691 1955 706 ,
1973 668 2120 706 Deputatis
2135 670 2191 700 sive
2206 671 2333 702 Nunciis

1279 699 1425 729 amedu-”tis
1441 702 1613 738 Conventa,
1628 700 1824 738 AppunCtuata
1839 726 1848 741 ‚
1872 703 2052 737 Concordata
2067 709 2100 739 ὃς
2116 707 2258 739 Conclusa
2271 710 2332 740 sue—

1280 738 1354 774 rint,
1374 737 1481 768 Literas
1495 738 1597 770 validas
1611 740 1645 770 &
1659 738 1787 769 efficaces
1803 750 1855 777 pro
1870 741 1950 773 Parte
1965 745 2059 776 nostra
2067 746 2211 776 Tradcndi
2226 749 2258 779 δε
2268 748 2331 779 De-

1280 776 1416 806 liberandi
1430 799 1440 814 ,
1467 777 1627 815 Literasque
1646 778 1708 807 alias
1728 778 1879 808 consimilis
1903 780 2020 812 effectus
2036 785 2068 814 &
2083 785 2186 823 vigoris
2198 794 2231 815 cx
2246 786 2331 818 altera

1282 814 1364 845 Parte
1379 814 1514 853 Petendi,
1532 815 1669 855 Exigendi
1683 817 1717 846 ὃς
1732 816 1921 854 Recipiendi,

1318 852 1356 883 Et
1373 853 1536 892 generaliter
1558 855 1653 884 omnia
1671 853 1815 884 Praemiffi
1836 856 1869 886 ὃ(
1892 855 2103 889 Praemissorum
2124 860 2229 897 fingula
2245 871 2333 900 eaque

1281 891 1524 929 qualitercumque
1544 892 1756 922 Concernentia
1774 893 1904 923 Faciendi
1920 916 1930 931 ,
1958 893 2123 932 Exequendi
2159 899 2334 930 Excercendi

1282 931 1316 961 &
1337 929 1511 967 Expediendi
1527 953 1536 968 ,
1565 932 1600 961 ita
1623 932 1656 962 δε
1677 930 1781 974 eodem
1798 932 1889 962 modo
1905 932 1975 962 ficut
1990 932 2107 971 Nofipfi
2123 921 2273 967 faceremus
2287 938 2334 969 seu

1281 968 1371 999 facere
1384 968 1531 1006 possemus
1547 969 1566 999 fi
1582 971 1611 999 in
1625 979 1734 1006 propna
1748 969 1870 1000 Persona
1887 970 1981 1001 nostra
1993 972 2200 1012 intereffemus,
2217 977 2299 1005 etiam
2313 976 2334 1006 fi

1281 1006 1343 1075 {alia
1358 1006 1409 1038 lint
1423 1016 1489 1045 quae
1506 1007 1543 1038 de
1562 1008 1600 1038 sui
1622 1017 1717 1038 natura
1733 1007 1905 1040 Mandatum
1922 1009 1958 1040 de
1970 1009 1997 1040 se
2011 1011 2097 1049 magis
2112 1012 2220 1050 exigant
2234 1012 2338 1049 speciae,

1292 1054 1324 1074 e.

1317 1068 1518 1114 Promittentes
1531 1080 1608 1114 bona
1623 1082 1709 1122 Fide,
1726 1084 1787 1115 &c.

1317 1121 1352 1152 In
1365 1123 1459 1160 cujus,
1477 1123 1538 1153 ὅτε.

1317 1197 1408 1229 Teste
1422 1198 1503 1238 Rege
1516 1198 1588 1237 apud
1605 1197 1861 1238 Wstmonasterium
1876 1223 1886 1238 ,
1904 1199 2078 1233 duodecimo
2093 1202 2137 1233 dic
2154 1202 2339 1235 Decembris:

1964 1280 2018 1308 Per
2031 1279 2113 1318 ipfian
2128 1283 2232 1317 Regem.

1319 1399 1636 1445 Appunc‘luamentum
1666 1411 1735 1433 cum
1767 1400 1844 1482 dZfflZ
1873 1404 1950 1448 Rege
1975 1401 2012 1435 de
2037 1415 2093 1435 non
2120 1403 2302 1451 Receptando

1739 1452 1783 1482 Re
1803 1461 1818 1481 e
1841 1461 1878 1482 es.

1286 1534 1343 1588 R
1355 1530 1435 1600 llx’
1451 1532 1582 1563 universis
1601 1534 1634 1565 ὃς
1654 1533 1764 1573 singulis
1776 1558 1786 1573 ,
1805 1536 1951 1572 praesentes
1967 1536 2073 1568 Literas
2087 1537 2270 1576 inspecturis,
2288 1537 2339 1568 Sa-
2354 1547 2430 1578 Am,
2447 1548 2486 1578 D⁴

1375 1579 1458 1600 utem.

1305 1607 1416 1651 'Sciatis
1433 1608 1512 1646 quod
1525 1612 1596 1639 inter
1606 1610 1666 1640 Nos
1682 1611 1715 1641 &
1731 1610 1952 1655 Sacratiffimum
1967 1612 2240 1653 Illustriffimumque
2254 1614 2338 1644 Prin·
2358 1588 2468 1661 &1:435

1282 1655 1383 1714 {2322
1396 1647 1580 1715 {ngssssrss‘n
1596 1647 2338 1729 {3255g322‘35ss'3183st503035ffi32ffi'‚3233in
2355 1670 2392 1730 152.-
2393 1674 2436 1729 ,3-

1282 1723 1409 1754 &uatum
1429 1725 1462 1754 δε
1480 1723 1655 1755 Conclusum
1671 1725 1712 1755 est
1724 1749 1734 1764 ,
1761 1727 1842 1765 quod
1856 1727 1970 1758 Neuter
1986 1727 2118 1759 nostrum
2133 1729 2339 1766 praediCtorum

1282 1760 1401 1800 Regum
1422 1763 1614 1801 quovismodo
1634 1764 1806 1802 Receptabit
1820 1789 1829 1804 ,
1849 1775 1903 1796 nec
1919 1776 1934 1796 a
1949 1765 2073 1796 Subditis
2085 1766 2138 1797 suis
2156 1776 2259 1797 eorum
2271 1767 2339 1798 alter

1282 1800 1436 1839 Receptari
1452 1803 1612 1839 permittet,
1630 1802 1740 1840 aliquos
1756 1803 1888 1834 Rebelles
1903 1804 1960 1835 five
1976 1805 2140 1836 Proditores
2154 1805 2191 1835 de
2207 1804 2341 1837 Crimine

1283 1838 1371 1870 Laefie
1387 1839 1551 1877 Magestatis
1564 1841 1720 1879 suspectos,
1737 1850 1783 1873 aut
1800 1842 1954 1880 transfugas
1968 1852 2001 1873 ex
2008 1843 2131 1873 Subditis
2149 1844 2256 1874 alterius
2268 1843 2303 1873 N
2305 1855 2338 1875 o-

1282 1877 1394 1916 strfim,
1413 1878 1555 1909 scelestam
1569 1878 1737 1911 Fad‘tionem
1751 1888 1850 1912 contra
1867 1881 1985 1912 alterurn
2007 1880 2156 1912 Nostrfim
2173 1882 2338 1913 machinan-

1282 1924 1322 1947 tes

1318 1939 1341 1974 *⁹
1358 1955 1428 1986 Nec
1449 1956 1609 1995 hujusmodi
1632 1957 1799 1988 Rebellibus
1823 1957 1880 1988 five
1901 1957 2124 1997 Proditoribus5
2150 1958 2266 1990 Rebelli
2282 1959 2338 1991 five
2360 1963 2375 1981 ‘
2395 1965 2462 1996 XII.

1281 1993 1444 2035 Proditori,
1463 1996 1513 2033 qui
1533 1996 1562 2024 in
1575 1995 1698 2033 aliquem
1719 1996 1835 2027 Locum
1852 1996 2036 2028 Obedientiae
2053 1997 2156 2028 nostrae
2169 1998 2214 2029 seu
2229 1998 2338 2029 alterius
2359 2004 2423 2037 706.

1280 2031 1432 2063 Nostrfim
1453 2033 1654 2065 declinaverint
1675 2034 1720 2065 seu
1742 2034 1941 2074 declinaverit,
1962 2045 2081 2074 quoquo
2095 2035 2188 2066 modo
2200 2036 2278 2067 dabit
2292 2037 2338 2068 seu

1280 2071 1422 2108 praestabit
1437 2071 1599 2103 Consilium
1610 2095 1619 2110 ‚
1638 2072 1786 2104 Auxilium
1801 2096 1811 2112 ,
1827 2073 1984 2111 Favorem,
2004 2074 2183 2112 Subsidium,
2201 2083 2248 2106 aut
2262 2075 2338 2106 Affi-

1280 2108 1430 2148 stentiam‚
1451 2110 1491 2141 set
1509 2110 1586 2141 Eum
1606 2121 1653 2141 aut
1673 2111 1732 2142 Eos
1748 2135 1757 2149 ,
1781 2111 1851 2142 infra
1872 2112 1980 2151 Viginti
2002 2112 2073 2143 Dies
2086 2112 2183 2150 postea
2204 2123 2270 2143 uam
2289 2123 2339 2151 pet

1281 2147 1388 2179 Literas
1402 2149 1511 2180 alterius
1527 2148 1694 2188 Nostrum,
1710 2151 1789 2189 cujus
1802 2150 1966 2189 hujusmodi
1980 2150 2115 2182 Rebelles
2131 2160 2177 2182 aut
2227 2151 2339 2192 ebellis,

1279 2186 1390 2218 Subditi
1405 2197 1452 2219 ant
1469 2188 1602 2219 Subditus
1619 2189 1759 2219 extiterint
1775 2189 1832 2220 five
1848 2190 1984 2227 extiterit,
2002 2190 2068 2221 alter
2080 2199 2114 2221 ex
2128 2189 2229 2220 Nobis
2243 2192 2338 2227 requi-

1280 2225 1344 2256 situs
1360 2226 1440 2257 fuerit
1455 2250 1465 2263 .,
1489 2225 1565 2256 Eum
1579 2227 1625 2257 vel
1639 2226 1698 2257 Eos
1714 2227 1871 2258 Literarum
1889 2227 2048 2264 hujusmodi
2062 2228 2264 2266 Requifitionis
2279 2229 2337 2260 La-⁴

1280 2266 1356 2303 tori,
1374 2272 1421 2295 aut
1432 2265 1477 2295 alii
1493 2265 1521 2294 in
1538 2265 1700 2303 hujusmodi
1715 2265 1816 2296 Literis
1831 2265 1996 2297 Nominato
2011 2267 2068 2298 five
2084 2266 2232 2304 Deputato
2242 2289 2250 2304 ,
2260 2267 2337 2297 Tra-

1278 2303 1344 2372 fdet,
1363 2302 1521 2341 Restituet,
1541 2303 1574 2334 &
1590 2303 1783 2342 Deliberabit,
1801 2303 1928 2336 Tradive
1941 2328 1952 2344 ,
1971 2304 2112 2342 Restitui,
2127 2306 2160 2336 ὃς
2178 2304 2337 2341 Deliberati

1291 2350 1370 2372 acret.

1316 2379 1349 2410 In
1362 2380 1458 2418 cuim,
1473 2381 1534 2412 &ci

1278 2499 1298 2529 b
1315 2459 1404 2505 Teste
1419 2459 1506 2499 Rege
1520 2461 1593 2500 apud
1609 2454 1882 2502 westmonasterium,
1900 2462 2017 2494 decimo
2033 2471 2133 2502 quarto
2146 2461 2191 2494 die
2207 2462 2336 2500 Decem}

1301 2509 1345 2530 ris.
1967 2541 2020 2569 Per
2031 2539 2113 2579 ipsiam
2126 2543 2230 2578 Regem.

2263 2615 2339 2623 -α

1554 2665 1604 2697 De
1620 2662 1809 2707 Restitutione
1824 2663 2060 2710 Temporalium.

1279 2750 1335 2805 R
1346 2747 1370 2778 E
1382 2747 1413 2777 X
1438 2747 1579 2778 Escaetori
1592 2748 1642 2778 suo
1657 2748 1686 2778 in
1703 2747 1849 2779 Comitatu
1868 2748 2110 2787 Suthamptoniae‚
2128 2749 2260 2780 Salutem.
2352 2756 2417 2791 Arm
2443 2761 2471 2791 D

1375 2785 1457 2816 Cum
1481 2785 1742 2817 Reverendiffimus
1763 2788 1791 2816 in
1814 2786 1933 2817 Christo
1956 2788 2038 2818 Pater
2052 2788 2088 2825 J.
2112 2788 2208 2819 eadem
2230 2788 2334 2826 gratia,
2380 2786 2452 2838 142)ss
2474 2783 2484 2792 ⁹

1275 2824 1433 2892 Ξανᾶἇηαῐζίς
1455 2824 1671 2893 ‹Sqrccilqieflv-t‘fiopus
1699 2825 1900 2864 cantuarienfis
1922 2827 2008 2856 totius
2032 2825 2147 2864 Angliae
2169 2826 2277 2858 Primas
2297 2828 2330 2858 &
2348 2843 2400 2867 Al,-
2421 2824 2464 2875 ¹4:

1324 2873 1343 2892 o
1370 2873 1453 2893 01cae
1487 2873 1502 2893 e
1523 2873 1545 2892 is
1589 2873 1604 2892 e
1624 2871 1682 2893 atus

1305 2873 1361 2931 pAd
1384 2911 1471 2939 quem
1492 2902 1588 2931 omnis
1604 2872 1637 2931 ἐς
1654 2884 1823 2931 omnimoda
1837 2899 1998 2938 Jurisdidlio
2012 2900 2166 2937 Spiritualis
2181 2903 2214 2933 &
2230 2902 2331 2933 Eccle-
2350 2883 2453 2951 {aias71'4

1275 2938 1398 2985 ῇείζίεα,
1417 2949 1481 2982 quae
1504 2939 1539 2968 ad
1555 2938 1708 2978 Epistopum
1731 2938 1940 2986 lslsigornierstm
1962 2940 2120 2982 pertinuit,
2146 2940 2218 2971 Sede
2232 2941 2329 2980 plenst,
2350 2939 2479 2992 &sp-3·

1274 2977 1495 3046 ’1)δὲιῖἓὲἓέῖὲ
1504 2976 1646 3053 Yafissss‘eer'
1658 2976 2218 3059 3233?131¹f³ssficc¹issiia{ffl'ffissssastesio
2232 3016 2328 3048 sanai
2345 3002 2381 3021 ⁷²⁹·
2400 3002 2444 3028 ¹⁷·

1274 3055 1353 3085 Petri
1367 3053 1557 3085 Gloucestriae
1571 3076 1580 3092 ,
1602 3054 1717 3083 Ordinis
1731 3054 1825 3084 Sanetr
1841 3053 2004 3091 Benedoeti,
2022 3054 2108 3084 dictae
2125 3055 2332 3093 W'igornienfis

1275 3093 1436 3130 Dioecefis,
1455 3092 1490 3122 de
1510 3092 1654 3129 Religioso
1672 3092 1745 3122 Viro
1761 3091 1905 3129 Dompno
1927 3091 2059 3129 Johanne
2072 3092 2220 3123 Malverne
2235 3093 2330 3125 Com-

1275 3132 1419 3162 monacho
1432 3132 1464 3162 &
1481 3130 1632 3161 Confratre
1653 3130 1774 3168 ejusdem
1792 3129 1959 3161 Monasterii
1979 3132 2007 3161 in
2027 3132 2169 3162 Abbatem
2184 3133 2217 3162 ὃ(
2231 3132 2331 3163 Pasto-

1275 3180 1338 3200 rem
1350 3170 1425 3200 Loci
1441 3169 1511 3199 illius
1528 3170 1587 3206 (cui
1603 3170 1677 3206 prius
1696 3169 1821 3208 Regium
1835 3169 1982 3199 Assensum
1999 3170 2177 3200 adhibuimus
2192 3171 2224 3199 &
2235 3170 2328 3200 Favo-

1274 3209 1347 3244 rem)
1366 3207 1593 3245 confirmaverit,
1613 3207 1682 3238 ficut
1696 3217 1746 3245 per
1762 3207 1869 3238 Literas
1882 3207 2010 3238 Parentes
2025 3207 2105 3247 ipfius
2121 3207 2331 3245 Reverendissi2

1275 3249 1316 3277 mi
1334 3246 1437 3284 Patris,
1456 3246 1553 3276 Nobis
1565 3246 1630 3276 inde
1645 3245 1777 3284 direClas,
1795 3245 1893 3276 Nobis
1906 3245 2033 3283 constat,

1269 3316 1273 3321 ,
1311 3285 1398 3323 Nos,
1425 3283 1685 3314 confirmationem
1706 3284 1781 3314 illam
1803 3293 1978 3321 acceptantes
1999 3284 2137 3322 Cepimus
2152 3283 2326 3317 Fidelitatem

1274 3324 1358 3360 ipslus
1381 3323 1503 3354 Abbatis
1517 3345 1526 3361 ‚
1547 3324 1581 3354 δε
1602 3322 1785 3362 Temporalia
1805 3323 1935 3353 Abbatiae
1956 3322 2026 3353 illius
2040 3345 2050 3360 ,
2071 3331 2154 3360 prout
2167 3325 2254 3354 moris
2268 3324 2327 3363 cst,

1274 3361 1461 3393 Restituimus
1475 3362 1566 3391 eidem
1576 3372 1586 3398 3

1311 3400 1348 3432 Et
1363 3400 1430 3430 ideo
1446 3400 1518 3429 Tibi
1538 3399 1721 3436 Praecipimus
1735 3398 1814 3437 quod
1838 3398 1921 3428 eidem
1937 3397 2047 3427 Abbati
2062 3399 2244 3437 Temporalia
2255 3405 2329 3439 praei

1273 3440 1350 3471 dicta
1365 3463 1373 3477 ,
1400 3448 1468 3469 cum
1484 3438 1677 3475 Pertinentiis,
1696 3440 1725 3468 in
1743 3438 1844 3468 Balliva
1858 3446 1922 3474 tua,
1942 3436 2056 3468 Liberes
2075 3438 2105 3467 in
2119 3438 2211 3470 forma
2229 3439 2329 3478 praedj-

1274 3479 1340 3516 ‹sta3
1358 3477 1432 3508 fizlvo
1442 3477 1511 3515 Jure
1528 3476 1681 3515 cujussibet.

1309 3554 1398 3586 Teste
1417 3554 1504 3592 Rege
1523 3553 1598 3592 apud
1622 3551 1875 3592 Westmonasterium
1889 3573 1900 3589 ,
1924 3549 2039 3581 decimo
2060 3550 2182 3590 septimo
2205 3552 2250 3584 die
2261 3552 2327 3589 Dee

1272 3595 1403 3626 cembris.

1763 3629 1816 3657 Per
1830 3630 1922 3657 Breve
1942 3627 1975 3657 de
1990 3629 2108 3657 Privato
2122 3628 2219 3666 Sigillo.

1272 3708 1437 3739 Confimilia
1455 3706 1552 3737 Brevia
1569 3704 1728 3742 diriguntur
1750 3703 1942 3745 Escaetoribus
1957 3703 2132 3742 subscriptis,
2149 3705 2177 3734 in
2194 3702 2324 3738 Comitas

1441 3746 1514 3775 tibus
1526 3744 1698 3780 subscriptis,
1715 3742 1764 3772 sub
1781 3742 1880 3772 eadem
1898 3742 1989 3779 Data3
2008 3743 2151 3779 videlicet,

1307 3821 1447 3863 Efiaetori
1460 3824 1536 3858 Regis·
1550 3823 1579 3849 in
1596 3822 1666 3848 Com.
1682 3817 1771 3848 Glauc.
1788 3829 1820 3847 ar
1834 3818 1968 3849 Marchiis
1982 3818 2089 3849 Walloe
2104 3818 2186 3847 eidem
2201 3820 2322 3856 Comita4

1270 3865 1312 3891 tui
1328 3859 1519 3899 acffiacentibus.
2034 3894 2038 3899 ³

1309 3903 1356 3930 Ac
1378 3898 1484 3928 Dileei‘o
1501 3895 1555 3936 fibi
1574 3894 1682 3933 Majori
1704 3893 1787 3924 Villae
1806 3895 1862 3926 suae
1876 3893 2065 3925 Gloucestriae
2078 3905 2110 3923 ac
2126 3893 2325 3935 Efiaetorifito

1271 3941 1301 3968 in
1313 3938 1405 3966 eadem
1423 3934 1508 3965 Villa.

1307 3978 1335 4005 E
1331 3975 1449 4015 scat-tori
1462 3976 1539 4009 Regis
1552 3975 1582 4001 in
1596 3974 1668 4001 Com.
1687 3971 1832 4012 Hercford.
1851 3983 1882 4001 ac
1897 3968 2031 4000 Marchiis
2045 3970 2156 4000 Walliae
2172 3971 2255 4002 eidem
2273 3976 2326 4002 Co-v

1271 4017 1382 4044 mitatm·
1395 4010 1593 4049 adjacentibus,

1307 4052 1446 4089 Elbaetori
1458 4052 1534 4086 Regis
1548 4052 1577 4078 in
1591 4051 1663 4078 Com.
1678 4047 1765 4086 Salop.
1784 4058 1815 4077 ac
1832 4046 1964 4077 Marchiis
1984 4045 2093 4078 Walliae
2107 4047 2191 4078 eidem
2207 4052 2324 4081 Comita-

1269 4094 1312 4121 tui
1324 4087 1523 4127 adjacentibm,
2323 4125 2327 4129 .

1757 4123 1788 4154 R
1811 4131 1825 4162 3
2271 4125 2326 4159 Etr
