2555 4266
693 125 1490 179 CONVENTIONES,
1536 122 1930 172 LITERAE,

1331 222 1385 251 pro
1408 211 1534 242 ulteriori
1557 211 1591 242 &
1615 210 1728 241 meliori
1748 208 1968 240 Reformatione
1986 208 2224 248 Praemifforum‚
2240 209 2276 241 de
2301 209 2400 243 Novo
2414 208 2548 245 Ann.'D.

1329 250 1475 292 superinde
1492 249 1713 286 Conveniendi,
1732 246 1960 286 Componendi,
1975 247 2010 277 ὃς
2027 247 2246 286 Concludendi,
2432 251 2519 290 1498.

229 157 310 197 124

78 232 157 265 Ann-
173 231 216 262 D.
231 229 333 267 Mare,
349 228 428 259 dieto
444 226 547 258 Tertio
563 224 623 255 Die
641 222 841 259 Novembris,
861 222 894 252 δε
914 230 963 258 per
977 219 1068 257 ipsum
1088 221 1184 256 Regem
1198 218 1290 260 Karo-

102 271 185 309 1498.
231 268 286 298 lum
303 268 362 298 Die
376 263 568 297 Sextadecima
584 262 711 300 praedieii
732 260 839 290 Menfis
861 258 1046 290 Novembris
1062 257 1151 288 Anno
1167 255 1287 293 supradi-

80 315 146 339 Hm.
165 319 189 345 7.

231 307 282 337 <fro
299 318 346 346 per
362 306 466 335 Literas
477 303 534 333 suas
551 302 699 337 Parentes,
719 298 812 329 Manu
826 298 873 329 sua
886 296 1000 337 propria
1017 297 1191 336 signatas,ac
1201 293 1287 333 Mag-

228 355 270 375 no
289 345 387 385 Sigillo
400 343 449 373 suo
462 341 594 377 munitas,
614 339 738 369 similiter
751 336 930 373 Ratificatas,
948 335 1139 366 Confirmatas
1151 357 1162 372 ,
1180 335 1214 365 &
1227 334 1288 370 Ap-
1306 346 1308 348 ·

228 387 357 421 probatas
370 406 378 418 ,
403 381 562 419 obligarunt
585 377 737 416 praefatum
760 385 849 413 nuper
872 378 969 412 Regem
983 373 1131 412 Karolum,
1148 371 1288 414 l-laeredes

229 423 263 452 &
278 419 456 453 successores
473 420 550 455 suos,
568 419 602 446 ad
616 425 709 446 certos
725 414 884 444 Terminos
902 415 936 444 ὅ(
961 413 1074 444 Locum
1089 437 1099 452 ,
1116 414 1146 443 in
1160 411 1224 449 Ipfis
1236 410 1287 439 Li-

228 462 293 491 teris
306 457 495 498 specificatos,
515 457 623 487 solvere
638 454 734 484 Nobis
751 454 784 484 ὃς
801 451 975 483 Haeredibus
991 451 1094 482 nostris
1108 458 1215 481 certam
1231 447 1288 478 Pe*

227 501 372 529 cuniarum
391 497 541 526 Summam
556 495 584 523 in
599 494 658 530 ipso
675 493 791 529 Scripto
811 491 999 528 Obligatorio
1016 491 1204 529 designatam,
1234 520 1236 522 ,

263 537 399 574 Cumque
413 544 560 572 praeterea,
580 542 632 569 pro
648 531 777 561 securiori
798 530 944 560 Firmitate
958 531 990 560 δε
1009 530 1217 559 Observatione
1232 523 1284 555 Pa-

223 576 264 606 cis
285 575 328 605 seu
354 574 501 605 Amicitiae
517 595 526 610 ,
551 575 624 600 inter
643 570 703 599 Nos
725 568 944 601 &antedierum
960 567 1208 605 Cori‘sanguirieum
1233 573 1288 592 no·-

225 613 315 644 strum
332 622 420 651 nuper
435 615 532 649 Regem
546 608 681 640 Karolum
696 631 705 647 ,
722 607 835 639 nostros
847 615 931 644 atque
943 607 1003 635 flios
1016 605 1150 635 Haeredes
1163 606 1196 635 &
1212 602 1284 632 Suc—

224 651 348 682 cessores
361 675 370 690 ,
398 651 481 681 fatisae
499 651 532 681 δε
560 647 701 678 conclusae
716 669 726 685 ,
752 647 821 676 ultra
844 645 988 675 Articulos
1002 645 1030 673 iri
1044 643 1181 673 Tra&atu
1196 641 1282 683 dicta:

223 690 305 721 Pacis
323 689 495 728 specificatos
507 712 517 727 ,
541 686 731 718 Conventum
742 685 825 715 fuerit
839 685 872 714 ἃ
885 681 1107 712 Concordatum
1123 681 1220 719 quocl,
1241 679 1285 708 di-

225 730 279 759 c'tis
301 729 443 765 Amicitiis
463 727 628 757 durantibus
642 749 651 762 ,
674 732 770 754 neuter
784 720 932 752 Nostrum
949 721 1094 750 dierorum
1109 719 1224 757 Regum
1238 717 1282 747 scu

223 766 385 798 Haeredum
408 764 571 798 nostrorum
593 763 729 801 aliquibus
749 759 915 790 Rebellibus
934 759 990 789 sive
1008 758 1220 794 proditoribus,
1237 756 1283 786 seu

223 806 339 836 Rebelli
363 807 420 836 sive
441 804 585 835 Proditori
605 802 712 832 alterius
733 797 882 829 Nostrum
897 821 906 836 ,
925 799 972 836 qui
986 799 1014 827 in
1027 798 1149 836 aliquem
1165 796 1284 826 Locum

223 845 407 876 Obedientiae
424 843 532 874 alterius
551 838 700 872 Nostrum
722 837 892 868 declinarent
906 836 963 866 sive
978 836 1144 873 declinaret,
1162 843 1282 873 quoquo

223 884 316 914 modo
331 884 407 915 daret
422 883 467 913 seu
483 880 625 918 praestaret
646 876 810 913 Auxilium,
827 874 992 904 Consilium
1004 898 1014 913 2
1030 874 1194 911 Pavorem,
1209 873 1284 903 Sub-

221 923 324 991 1Γιζόίυω
339 945 349 962 ,
373 931 419 953 aut
435 918 625 952 Affistentiarn
641 914 769 946 adversus
783 915 902 945 alterurn
917 913 1065 944 Nostrum
1080 914 1284 951 praedictorum

291 971 340 991 um

256 970 412 1038 eLgQiodque
426 994 574 1028 Successor
590 992 679 1031 Regis
699 991 909 1022 Praemorientis
934 991 1041 1021 dietam
1063 989 1229 1021 Amicitiam
1251 991 1285 1022 &

221 1037 330 1069 Pacem
352 1037 422 1067 infra
443 1042 555 1065 certum
577 1031 756 1061 Terminum
777 1040 794 1060 a
815 1029 874 1060 Die
889 1029 1000 1059 Obitus
1010 1031 1049 1059 sui
1067 1028 1285 1060 Praedecessoris

220 1078 364 1107 'tenebitur
378 1084 427 1112 per
441 1075 498 1104 suas
517 1072 643 1108 Literas,
663 1068 776 1107 Magno
791 1068 890 1108 Sigillo
903 1068 952 1098 suo
969 1068 1113 1105 sigillatas,
1133 1066 1283 1099 Ratificare

221 1117 257 1146 &
278 1113 456 1145 Confirmare
470 1136 480 1148 ‚
507 1110 671 1146 dietamque
703 1106 935 1137 Ratificationem
966 1107 1000 1136 &
1022 1106 1284 1138 Confirmationcm

220 1153 299 1190 Regi
312 1151 460 1190 Superstiti
473 1148 649 1185 Notificare‚
666 1146 872 1177 Transmittere
893 1147 926 1176 &
949 1144 1133 1184 Deliberare,
1149 1146 1228 1177 sicuti
1254 1148 1284 1176 in

220 1192 324 1222 Literis
340 1190 502 1221 Parentibus
517 1185 651 1217 nostrum
666 1184 849 1222 praefatorum
869 1183 1005 1223 Regum,
1024 1183 1162 1214 Manibus
1186 1186 1220 1215 &
1238 1184 1283 1216 Si-

218 1231 289 1269 gillis
307 1230 407 1260 nostris
430 1226 599 1265 consignatis
620 1226 652 1255 &
674 1223 844 1266 subscriptiS,
865 1223 954 1253 Auno
970 1222 1095 1254 Domini
1112 1222 1283 1263 Millesimo,

219 1266 526 1308 Qadririgentcsimo,
542 1264 576 1295 N
579 1266 741 1302 onageiimo
756 1261 897 1301 secundo,
915 1262 1026 1300 plenius
1039 1263 1126 1301 liquet
1142 1262 1175 1293 δε
1190 1265 1284 1294 conti-

218 1317 321 1347 netur,
771 1339 776 1345 ,
875 1340 880 1344 .

256 1346 370 1384 Insuper
405 1344 440 1375 ad
463 1340 640 1374 obviandum
664 1339 831 1370 Latrociniis
846 1338 991 1377 piraticis,
1013 1340 1085 1370 inter
1099 1338 1234 1371 Subditos
1248 1351 1282 1372 u-

219 1385 342 1423 triusque
358 1368 506 1414 Nostrum
517 1403 526 1419 ,
544 1382 572 1410 in
588 1379 745 1422 Foederuin
764 1378 965 1417 Praejudicium
978 1400 987 1414 ,
1006 1379 1150 1409 retroaffls
1167 1387 1283 1417 tempo·

221 1425 298 1454 ribus
308 1447 316 1462 ,
335 1434 382 1461 per
399 1422 480 1451 [viare
497 1421 529 1451 ὃς
543 1419 666 1449 Terram
679 1416 814 1447 hincinde
830 1418 992 1455 perpetratis
1003 1440 1012 1454 ,
1028 1426 1112 1455 atque
1127 1417 1160 1448 ad
1177 1419 1283 1457 prospi-

221 1463 356 1493 ciendum
371 1460 470 1492 futuris
484 1460 516 1490 δε
531 1458 659 1488 debitam
678 1456 849 1486 Ablatorum
868 1454 1091 1486 Restitutionem
1108 1457 1283 1495 consequen-

221 1503 288 1533 dam
304 1501 434 1539 quaedam
446 1499 498 1529 alia
506 1496 636 1535 Capitula
647 1518 655 1532 ,
666 1495 842 1524 Proviiiones
857 1495 890 1525 &
900 1494 1022 1524 Articuli
1035 1496 1109 1525 inter
1122 1494 1233 1525 nostros
1250 1499 1282 1527 ὅς

222 1541 330 1580 praefati
354 1536 566 1576 Consanguinei
584 1534 671 1565 nostri
686 1558 695 1568 ,
721 1532 879 1564 recolendae
900 1535 1047 1563 memoriae
1061 1556 1071 1571 ,
1089 1536 1167 1570 Regis
1186 1535 1285 1565 Karoli

220 1577 439 1611 Ambaffiatores
455 1577 512 1607 sive
527 1574 665 1605 Oratores
675 1572 811 1614 Boloniae‚
831 1571 971 1605 Vicefirna
993 1572 1090 1610 qiiirti
1115 1572 1172 1602 Die
1194 1572 1283 1603 Men-

223 1619 256 1649 sis
269 1618 359 1654 Miri,
379 1617 466 1647 Anno
484 1614 606 1645 Domini
624 1611 795 1649 Milleiimo,
814 1610 1119 1649 Qadnngenteiimo,
1140 1611 1282 1650 Nonage-

222 1657 296 1687 simo
317 1657 453 1692 septimo,
470 1651 606 1688 advisata,
622 1659 762 1687 concepta
779 1672 788 1686 ,
807 1650 839 1679 &
861 1649 1037 1691 concordata
1061 1649 1195 1687 fuerunt,
1216 1660 1281 1689 qua:

221 1698 305 1726 etiam
328 1694 424 1732 postea
450 1703 498 1731 per
526 1692 630 1720 Literas
656 1688 784 1718 Parentes
801 1688 939 1726 utriusque
953 1686 1103 1718 Nostrum
1118 1686 1284 1720 Confirma-

220 1735 307 1767 tionis
323 1733 428 1763 Robur
441 1736 628 1773 acceperunt,
754 1765 758 1770 Ι
1427 1726 1508 1756 Ciim
1534 1726 1622 1756 Anno
1645 1725 1771 1755 Domini
1793 1722 1949 1756 Millefimo
1963 1746 1973 1763 ,
1991 1724 2279 1766 Qadringentefimo
2295 1750 2305 1766 ,
2321 1727 2391 1759 No-
2433 1740 2444 1760 1
2459 1733 2509 1770 ¹98

260 1772 299 1803 Et
316 1773 379 1810 quia
395 1768 590 1800 Illustnffimus
609 1767 642 1797 ἃ,
664 1763 858 1796 geremffimug
875 1762 970 1793 Frater
993 1763 1026 1794 ὃς
1045 1761 1284 1802 consanguineus
1327 1765 1472 1799 nageiimo
1486 1763 1627 1802 secundo,
1645 1767 1717 1793 inter
1733 1765 1794 1792 Nos
1808 1765 1859 1802 δε,
1898 1763 2028 1794 erhennis
2047 1767 2216 1804 memoriae,
2234 1768 2312 1803 Regis
2331 1769 2394 1796 Ka·
2414 1751 2520 1798 Agis

220 1810 318 1842 noster
333 1813 392 1839 Rex
409 1809 588 1848 Ladae-icor,
616 1807 741 1848 Frarrcife¹
754 1805 876 1847 Pririqeps
897 1803 1052 1839 modernus,
1071 1804 1105 1834 ad
1122 1804 1284 1843 hujusmodi
1327 1806 1395 1840 riti,
1411 1802 1663 1833 dudiszallorum
1686 1805 1834 1840 Principis,
1884 1801 2092 1840 ommissarios,
2111 1802 2328 1843 Procuratores,
2348 1806 2393 1836 Ο-
2413 1814 2437 1835 H
2466 1792 2511 1844 7.2

221 1851 343 1886 Pacem,
365 1847 534 1883 Unionem,
555 1848 609 1887 live
624 1844 812 1886 Amicitiam,
827 1851 897 1871 mter
911 1841 992 1877 Nos,
1010 1851 1043 1870 ac
1068 1842 1189 1885 Regna,
1207 1845 1295 1875 Ter-e
1327 1850 1448 1880 ratores,
1469 1841 1632 1879 Deputatos
1647 1842 1680 1871 &
1698 1841 1837 1872 Nuncios
1871 1841 1942 1871 inter
1957 1849 2076 1879 caetera‚
2093 1840 2284 1877 Conventum
2294 1842 2395 1882 ‚Con—
2412 1851 2533 1886 &marg

220 1899 263 1920 ras
281 1911 290 1926 ‚
311 1887 414 1918 Patria<
430 1908 438 1923 ‚
465 1884 604 1915 Dominia
617 1906 626 1921 ‚
645 1881 778 1911 Subditos
797 1903 806 1918 ,
832 1881 865 1912 &
890 1878 1028 1910 Vasszllos
1048 1881 1189 1919 utriusque
1213 1882 1285 1914 No-
1327 1880 1496 1917 cordarum,
1516 1880 1770 1918 Appunc‘ruatum,
1789 1880 1823 1911 δε
1840 1863 2022 1910 ὲοηεῑυῖὶιῐη
2037 1879 2125 1910 fuerat
2141 1880 2222 1919 quod
2243 1881 2320 1912 idem
2341 1893 2394 1914 nu·
2416 1891 2450 1914 H.
2467 1897 2493 1923 7.
2509 1898 2535 1917 m

220 1926 328 1963 strum,
348 1923 598 1958 Continuandam,
618 1919 864 1957 intertenendam,
880 1918 1097 1949 observandam
1114 1943 1123 1958 ,
1142 1922 1176 1951 &
1201 1921 1285 1952 Con-

221 1965 390 1997 firmandam
402 1964 463 1995 suos
474 1961 647 2003 jampridem
661 1959 696 1991 ad
712 1968 765 1990 nos
778 1957 881 1989 miserit
896 1956 1032 1989 Oratores
1045 1959 1078 1990 ὃς
1095 1959 1286 1992 Ambaffiato-

1368 288 1567 327 Universaque
1583 289 1615 318 &
1629 287 1751 326 singula,
1769 296 1834 324 quae
1848 287 1921 315 inter
1938 285 2008 315 Nos
2021 285 2168 326 Principes
2181 287 2334 327 praedkstos
2341 297 2396 319 no-
2410 293 2476 318 ffln.
2496 299 2524 326 7.
2535 300 2542 305 -

1330 327 1456 366 strosque
1474 328 1508 358 &
1529 327 1601 358 dieii
1623 325 1724 356 Fratris
1748 324 1838 355 nostri
1858 325 1893 356 &
1914 322 2126 363 consanguinei
2143 326 2237 365 Regis
2257 326 2397 358 Moderni

1329 366 1550 398 Commiffarios
1565 387 1575 403 ,
1595 364 1795 394 Procuratores
1811 386 1821 400 ,
1847 362 1880 392 &
1904 361 2040 392 Oratores
2058 373 2203 397 conventa
2219 389 2228 404 ‚
2244 365 2398 406 conclusa,

1328 405 1521 442 concordata,
1541 404 1639 442 paCta,
1654 403 1711 433 sive
1736 401 1869 433 transac'ta
1892 401 2013 439 fuerint,
2032 409 2081 437 per
2105 403 2185 434 Fidei
2206 405 2398 443 interpositio-

1327 454 1395 474 nem
1413 443 1618 482 &juramenti
1634 445 1661 471 in
1672 442 1808 472 Animam
1823 438 1952 469 nostram
1968 438 2236 480 praestationem‚ac
2252 444 2309 474 aliis
2320 443 2396 484 Viis,

1326 481 1498 551 Nodish&
1515 480 1621 512 Mediis
1636 488 1718 519 prout
1732 481 1770 510 eis
1785 478 1888 509 melius
1902 478 1994 508 visum
2007 477 2090 509 fuerit
2103 478 2275 513 Roborandi
2290 484 2324 515 &
2340 483 2396 515 As-

1338 531 1440 552 ecurass
1462 531 1471 550 1

1364 559 1410 588 Ac
1426 542 1509 588 etiai‘n
1527 567 1542 587 a
1556 556 1674 595 praefato
1690 555 1825 594 Principe
1842 555 1998 593 Lodovrko,
2017 555 2112 593 ejusve
2130 556 2260 596 Legatis,
2283 558 2396 593 Procu-

1327 597 1482 632 ratoribus,
1501 595 1672 626 Oratoribus
1683 618 1692 634 ,
1710 595 1853 631 Nunciis,
1872 594 1928 624 sive
1945 593 2096 633 Deputatis
2116 594 2268 627 sufficienti
2282 598 2396 631 Audio-

1328 637 1406 678 ritate
1429 635 1542 672 fullitis,
1561 634 1766 672 quodcumque
1785 633 1987 672 juramentum
2012 633 2141 670 licitum,
2160 634 2190 663 in
2214 635 2350 668 Animam
2365 649 2397 669 e-

1323 674 1435 741 Jdu-ffleffin
1445 671 1814 742 I{rincipisdpraestandum,
1834 670 1969 702 Nomine
1992 670 2093 702 nostro
2115 671 2275 711 Exigendi,
2292 674 2396 708 Peteri-

1350 721 1376 749 ι,
1396 721 1430 742 oc
1476 721 1585 748 ccipien
1608 721 1634 748 i,

1365 750 1411 793 Ac
1435 750 1472 780 de
1494 751 1529 782 ὃ(
1553 750 1634 787 super
1651 748 1787 780 omnibus
1800 748 1835 778 &
1851 747 1960 786 singulis
1975 746 2127 779 Praemiffis
2141 749 2175 780 &
2189 749 2399 789 Dependentiis

1327 786 1365 817 ab
1380 787 1484 818 eisdem
1498 798 1603 818 omnes
1618 789 1652 819 &
1675 786 1859 817 omnimodas
1876 786 2058 825 Securitates,
2078 787 2252 828 Cautiones,
2271 789 2398 822 Promis-

1328 826 1370 864 sa,
1385 836 1418 857 ac
1442 827 1551 858 Literas
1572 826 1697 866 sigillatas
1717 825 1852 856 Nomine
1877 824 1994 864 nostro,
2011 826 2173 857 Haeredum
2195 830 2229 859 δε
2244 828 2396 862 Sti-:celso-

1326 874 1391 895 rum
1414 865 1597 903 nostrorum,
1615 863 1824 902 concedendi,
1842 862 1997 903 Faciendi,
2016 864 2166 895 Liberandi
2181 888 2191 904 ,
2209 867 2243 896 &
2266 867 2398 901 Traden-

1326 903 1374 941 di,
1393 904 1607 941 consimiliaque
1630 901 1804 940 cautiones,
1822 901 1979 941 Promissa,
1997 901 2196 943 obligationes
2207 929 2214 942 ,
2232 915 2265 936 ac
2289 906 2397 939 Literas

1327 942 1431 973 validas
1446 944 1481 974 &
1496 942 1627 973 efficaces
1645 942 1681 971 ab
1694 940 1785 970 eodem
1796 943 1852 969 Con
1866 943 1998 977 anguino
2011 941 2116 981 nostro,
2133 943 2180 974 seu
2195 945 2252 982 ejus
2268 944 2379 978 Leonis

1326 979 1559 1012 procuratoribus
1575 1005 1584 1018 ,
1602 980 1796 1018 Oratoribus,
1855 980 1944 1009 unciis
1959 1001 1968 1018 ,
1985 979 2043 1010 sive
2065 979 2215 1019 Deputatis
2227 1005 2237 1022 ,
2255 969 2397 1016 Pet‘gndi'

1329 1018 1486 1058 Exigendi‚
1503 1020 1537 1051 &
1554 1017 1744 1057 Recipiendi,
2135 1024 2138 1026 ’
2386 1009 2397 1025 ³

1365 1057 1534 1097 caeteraque
1548 1059 1648 1089 omnia
1661 1058 1695 1088 δε
1711 1055 1833 1094 singula,
1853 1065 1920 1094 quae
1934 1056 1963 1086 in
1978 1055 2131 1087 Praemiffis
2144 1058 2188 1089 seu
2201 1061 2279 1092 circa
2295 1071 2327 1093 ea
2347 1072 2398 1094 ne-

1325 1097 1437 1129 cessaria
1452 1098 1556 1128 fuerint
1578 1097 1624 1128 seu
1649 1094 1872 1134 quomodolibet
1884 1104 2046 1133 oportuna,
2066 1095 2216 1136 Faciendi,
2236 1099 2397 1138 Expedien-

1324 1136 1374 1175 di,
1392 1137 1426 1167 ὃς
1442 1136 1653 1174 I’erimplendi,
1670 1144 1703 1165 ac
1720 1133 1816 1164 debite
1836 1133 2009 1164 Executioni
2030 1133 2248 1175 Demandandi‚
2266 1140 2352 1171 etiam
2374 1141 2395 1173 fi

1325 1175 1431 1212 majora
1452 1175 1505 1205 {int
1526 1178 1560 1206 ἅς
1585 1174 1757 1205 Mandatum
1778 1172 1815 1202 de
1835 1172 1862 1203 se
1888 1173 1976 1211 magis
1991 1173 2110 1212 ,exigant
2125 1173 2256 1215 speciale,
2275 1178 2309 1209 &
2331 1190 2396 1218 quae

1326 1213 1506 1252 Nosmetipsi
1519 1214 1676 1245 faceremus
1690 1214 1734 1243 scu
1747 1211 1841 1242 facere
1855 1211 2002 1250 possemus
2016 1211 2036 1241 si
2051 1211 2230 1250 personaliter
2251 1216 2395 1250 intercise-

1328 1261 1407 1282 mus·

1364 1277 1585 1329 Pr'omittcntes,
1600 1289 1678 1321 bona
1694 1288 1782 1328 Fide,
1799 1289 1862 1320 ὅτε.

1365 1329 1398 1360 In
1415 1332 1509 1369 cujus,
1527 1332 1587 1362 &c.

1361 1407 1452 1439 Teste
1465 1407 1551 1446 Rege
1567 1405 1641 1446 apud
1657 1403 1918 1446 Wstmonasteriam
1928 1428 1938 1443 ‚
1955 1403 2094 1436 vicefimo
2111 1413 2212 1445 quarto
2225 1407 2271 1439 die
2279 1407 2370 1448 Junii.

1350 1550 1377 1576 ἒξ
1404 1555 1463 1585 Pro
1483 1551 1637 1585 Ludovico
1655 1554 1804 1594 Francia,
1821 1551 1914 1598 fhper
1929 1551 2131 1585 Solutionibxs
2141 1553 2313 1599 faciendis,
2336 1553 2375 1590 de
2417 1566 2432 1583 ⁸⁸
2449 1565 2520 1597 XII.

1619 1600 1792 1648 Recipiendo
1807 1604 1844 1640 (θ’
1859 1599 2086 1648 Aequictando.

1330 1682 1449 1741 REX
1470 1686 1624 1725 omnibus,
1642 1686 1678 1717 ad
1698 1696 1788 1724 quos,
1806 1686 1868 1717 &c.
1886 1684 2021 1717 Salutem.

2414 1605 2479 1643 683.

2413 1691 2490 1722 Ann.
2504 1693 2547 1725 D.

1328 1929 1377 1957 pei·
1394 1922 1452 1949 Rex
1468 1919 1587 1949 Karalus
1601 1918 1720 1950 solveret
1735 1919 1769 1950 &
1782 1917 1961 1957 deliberaret,
1980 1918 2085 1950 solvive
2101 1920 2134 1950 &
2154 1919 2298 1951 deliberari
2318 1920 2396 1952 face·
2414 1933 2439 1953 i.

1327 1967 1386 1995 ret,
1404 1958 1504 1989 Nobis
1525 1959 1559 1989 &
1580 1957 1753 1988 Haeredibus
1770 1957 1889 1996 nostris,
1904 1957 1950 1988 seu
1966 1956 2068 1988 nostris
2082 1957 2231 1996 Deputatis
2245 1959 2288 1990 vel
2302 1960 2397 1991 dieto-

219 2015 281 2044 ης,
1328 2006 1392 2026 rum
1408 1996 1567 2027 Haeredum
1582 1996 1746 2027 nostrorum
1763 1995 1909 2034 Deputato
1926 1996 1972 2026 vel
1988 1995 2154 2036 Deputatis,
2174 1996 2327 2029 Summam
2335 2002 2397 2038 Sep-

260 2043 330 2075 Nos
341 2044 424 2080 igitur
434 2065 444 2081 ‚
812 2046 815 2049 ’
1327 2039 1512 2073 tingentarum
1530 2036 1729 2077 Qadraginta
1741 2034 1779 2070 ῥ’
1797 2038 1911 2076 quinque
1924 2034 2048 2065 Millium
2064 2039 2229 2067 Coronarum
2246 2040 2340 2077 Auri,

71 2092 174 2111 -ο
260 2083 323 2121 Qii
346 2082 429 2113 Pacis
451 2079 532 2123 Vires
549 2077 685 2108 novimus
694 2076 753 2121 ,Sc
769 2083 907 2120 quantum
931 2084 998 2107 vera
1019 2073 1079 2106 Pax
1099 2075 1133 2108 δε
1148 2074 1284 2110 Amicitia
1366 2076 1468 2114 Quam
1489 2078 1604 2114 quidem
1628 2073 1780 2106 Summam
1802 2077 2037 2113 septingentarum
2057 2073 2260 2115 §Quadraginta
2278 2071 2348 2116 'quin
2367 2089 2398 2108 ue

224 2120 354 2158 Regnis,
373 2120 561 2155 Civitatibus,
578 2126 610 2161 ac
626 2115 723 2146 Parrus
737 2115 889 2155 profuerit,
940 2154 945 2159 ι
1329 2114 1453 2144 Millium
1473 2119 1640 2144 Coronarum
1658 2116 1736 2144 Auri
1756 2114 1888 2152 praefatus
1909 2122 1998 2151 nuper
2016 2115 2077 2143 Rex
2099 2114 2219 2144 Karalus
2241 2089 2398 2148 Confesl'us

258 2160 297 2192 Et
319 2170 372 2198 pro
393 2159 500 2190 viribus
521 2165 653 2198 cogitare·
671 2156 703 2187 ὃς
724 2155 817 2198 facere
832 2162 1030 2197 decrevimuS,
1048 2163 1112 2192 quae
1125 2154 1162 2186 ad
1176 2154 1284 2187 Pacem
1329 2153 1413 2184 fuerit
1434 2154 1466 2184 ὃς
1490 2152 1700 2191 Declaraverit,
1720 2152 1814 2190 Seque
1834 2153 1868 2184 ὃ(
1890 2151 2027 2183 Haeredes
2043 2161 2128 2191 atque
2142 2152 2320 2189 Successores
2334 2155 2400 2186 suos

221 2210 293 2231 curn
315 2199 424 2229 Vicinis
439 2220 449 2234 ,
476 2197 510 2227 &
536 2194 687 2233 praesertim
711 2192 881 2239 Christianae
903 2191 1066 2237 Religionis
1080 2192 1284 2236 Principibus,
1329 2202 1379 2231 per
1402 2192 1509 2223 Literas
1528 2192 1586 2222 suas
1606 2191 1743 2222 Nomine
1762 2191 1812 2222 suo
1837 2191 1955 2229 signatas
1968 2190 2038 2222 Obli
2076 2192 2164 2230 verit,
2181 2192 2214 2224 &
2234 2185 2288 2232 pro
2303 2193 2340 2224 Se
2362 2195 2398 2225 ὃς

219 2238 377 2270 fovendam
393 2237 509 2267 attinere
522 2233 669 2271 videntur,
688 2241 811 2262 maxime
825 2241 895 2262 cum
910 2231 977 2275 ,¹Ps0
999 2232 1137 2269 praedicto
1154 2231 1285 2264 Consan-
1328 2231 1410 2262 dietis
1426 2231 1599 2262 Haeredibus
1610 2238 1695 2269 atque
1705 2229 1923 2261 Successoribus
1942 2231 1995 2261 suis
2016 2199 2178 2262 Ciansentiit
2204 2231 2238 2262 &
2263 2229 2399 2265 Promisit

72 2285 91 2303 α
110 2286 185 2313 Χῃῃ
219 2279 326 2317 guineo
347 2276 365 2295 *
385 2274 484 2305 nostro
500 2273 637 2317 Lodovico
651 2295 661 2310 ,
678 2281 747 2302 cum
761 2280 820 2309 quo
835 2271 1002 2309 proximiori
1023 2268 1215 2310 cognationis
1234 2282 1286 2304 ne·
1328 2270 1438 2301 solvere
1453 2271 1487 2302 &
1500 2269 1669 2307 deliberare,
1686 2269 1794 2300 solvive
1809 2269 1842 2300 δε
1859 2267 2006 2300 deliberari
2026 2269 2135 2308 facere,
2153 2269 2254 2300 Nobis
2274 2271 2307 2302 &
2324 2271 2398 2307 Haz-

71 2323 135 2352 632.
222 2316 387 2348 celsitudine
399 2312 548 2357 conjunCti
563 2313 678 2354 sumus,
704 2349 709 2354 ι
778 2348 783 2354 .
951 2349 955 2353 ⁴
1003 2349 1007 2353 Ι
1328 2309 1442 2340 redibus
1455 2308 1577 2347 nostris,
1591 2308 1636 2339 seu
1653 2307 1754 2339 nostris
1771 2307 1936 2347 Deputatis,
1956 2308 2001 2339 seu
2016 2308 2161 2339 dierorum
2175 2307 2335 2340 Haeredum
2345 2315 2401 2342 no-

260 2354 309 2386 De
330 2354 350 2383 F
354 2353 517 2384 idelitatibus
539 2351 572 2381 &
585 2348 724 2394 ‘providis
745 2347 1080 2386 CircumspetstiombuS,
1098 2347 1284 2381 Dilectorum
1329 2347 1453 2379 strorum
1466 2347 1614 2387 Deputato
1628 2347 1673 2378 seu
1688 2347 1857 2387 Deputatis,
1873 2346 1924 2378 sub
1939 2346 2032 2379 modo
2046 2347 2080 2379 ὃς
2095 2347 2193 2379 forma
2203 2347 2392 2387 sequentibus·

222 2395 256 2426 ὃς
280 2393 418 2424 Fidelium
439 2389 677 2421 Consiliariorum
701 2387 865 2431 nostrorum
883 2410 892 2425 ,
918 2387 1012 2416 Caroli
1035 2387 1186 2427 Somerfith
1203 2391 1286 2420 unius
1329 2387 1480 2426 videlicet,
2218 2394 2220 2397 ·
2383 2373 2395 2388 ²

223 2433 352 2463 Militum
370 2432 402 2461 ὃ(
416 2429 601 2460 Confratrum
615 2426 733 2457 Ordinis
747 2425 835 2456 nostri
858 2425 983 2469 Qarterii
1003 2425 1158 2456 Camerarii
1180 2427 1287 2467 nostri,
1369 2427 1463 2465 Qiod
1478 2425 1555 2457 idem
1571 2435 1660 2463 nuper
1675 2427 1736 2455 Rex
1752 2423 1872 2455 Karalus
1889 2423 2012 2459 solveret⁴
2030 2424 2065 2456 &
2087 2424 2269 2465 deliberaret,
2287 2426 2396 2458 solvive

223 2472 257 2502 ὃ(
272 2470 378 2501 Thomae
394 2467 524 2499 Rourhale
540 2466 736 2510 Decretorum
760 2464 901 2509 Doeioris
921 2464 1000 2495 Sedis
1020 2464 1196 2504 Apostolicae
1215 2466 1286 2498 Pro·
1329 2465 1363 2496 &
1379 2465 1523 2496 deliberari
1541 2465 1662 2504 faceret,
1681 2465 1776 2502 suique
1789 2462 1930 2494 Haeredes
1950 2465 1985 2496 δε
2002 2463 2181 2495 Successores
2202 2465 2344 2496 solverent
2364 2467 2398 2498 &

223 2511 373 2542 thonotarii
387 2507 530 2546 Capeliani
545 2505 652 2549 nostri,
672 2504 920 2548 quamplurimum
935 2503 1126 2542 confidentes,
1329 2503 1533 2542 deliberarent,
1550 2502 1656 2534 solvive
1671 2503 1705 2534 &
1720 2503 1864 2534 deliberari
1884 2502 2025 2540 facerent,
2044 2502 2143 2532 Nobis
2167 2504 2200 2534 &
2221 2502 2303 2534 dietis
2323 2502 2398 2534 Hae-

261 2548 337 2587 Ipsos
351 2547 463 2577 nostros
479 2555 560 2576 veros
574 2544 606 2574 δε
618 2543 790 2586 indubitatos
812 2542 950 2580 Legatos,
970 2542 1190 2581 Procuratores,
1211 2543 1286 2574 Ora·
1330 2543 1442 2574 redibus
1459 2541 1596 2573 nostrisve
1610 2541 1759 2580 Deputatis
1773 2541 1818 2571 seu
1832 2540 1977 2571 dierorum
1986 2540 2142 2571 Haeredum
2157 2540 2322 2573 nostrorum
2333 2541 2397 2574 De-

224 2593 315 2624 tores,
332 2586 482 2622 Nuncios,
502 2582 739 2626 Commiffarios,
758 2581 791 2611 ὃ(
816 2581 975 2624 Deputatos
999 2581 1130 2619 speciales
1155 2581 1285 2621 Aisigna-
1351 2590 1425 2612 utato
1440 2581 1485 2612 vel
1499 2580 1665 2619 Deputatis,
1683 2581 1712 2609 in
1734 2579 1809 2610 Villa
1830 2577 1926 2609 nostra
1947 2578 2066 2616 Calefii,
2085 2577 2143 2610 Die
2164 2579 2265 2610 Primo
2288 2579 2397 2612 Mensis

227 2635 290 2655 mus
306 2649 315 2662 ,
335 2625 463 2654 Facimus
477 2647 486 2660 ,
503 2621 713 2651 Censtituimus
727 2642 737 2657 ,
753 2619 930 2650 Ordinamus
945 2642 955 2658 ,
979 2620 1012 2650 δε
1033 2620 1212 2658 Deputamus
1235 2631 1285 2659 per
1354 2620 1404 2651 iaii
1420 2628 1523 2651 extunc
1536 2620 1672 2659 proximo
1684 2619 1835 2656 sequente,
1854 2620 1962 2654 Viginti
1979 2616 2016 2652 ό
2033 2618 2163 2658 Qinque
2181 2617 2278 2648 Millia
2303 2622 2394 2649 Fran-

226 2664 393 2700 Prrsemes,
692 2696 697 2701 ι
1329 2670 1417 2689 corum
1432 2663 1461 2689 in
1477 2661 1585 2688 Coronis·
1599 2660 1695 2695 Auri,
1712 2664 1891 2694 unoquoque
1905 2659 2009 2685 Franco
2030 2656 2144 2686 valente
2166 2659 2275 2696 Viginti
2294 2657 2397 2690 Solidox

267 2702 374 2733 Dtinres
397 2700 429 2730 ἃ
453 2696 655 2741 Concedentes
674 2694 777 2725 eisdem
800 2695 928 2732 plenam,
943 2695 1062 2725 Tenore
1078 2696 1285 2737 Praesenrium,
1328 2695 1492 2737 Turonenfi's
1505 2695 1654 2736 secundam
1670 2696 1782 2735 Cursum
1802 2693 1840 2730 ὠ·
1861 2693 2084 2734 AEstimationem
2104 2705 2186 2736 quam
2214 2702 2279 2725 tunc
2298 2695 2400 2726 habue-

227 2741 400 2772 Potestatem
418 2739 450 2769 &
470 2737 674 2767 Auctoritatem
685 2757 694 2772 ,
711 2744 744 2764 ac
760 2732 932 2763 Mandatum
948 2735 1077 2772 generale
1098 2735 1130 2764 ὅτ
1151 2735 1286 2774 speciale,
1330 2743 1412 2774 runt,

228 2790 281 2818 pro
302 2778 399 2808 Nobis
411 2779 443 2807 &
460 2775 591 2805 Nomine
607 2772 726 2810 nostro,
741 2772 942 2815 cum-praefato
957 2772 1143 2803 Illustriffimo
1165 2775 1287 2813 Principe
1367 2773 1407 2805 Et
1429 2772 1533 2803 Primo
1554 2771 1614 2802 Die
1634 2770 1744 2802 Mensis
1765 2769 1950 2802 Novembris
1964 2779 2033 2802 tunc
2051 2773 2189 2809 proximo
2205 2771 2303 2804 futuro
2318 2784 2364 2803 con
2376 2785 2401 2801 ι-

228 2822 326 2848 Frarre
341 2815 378 2852 &a
396 2815 590 2853 Corzsirnguinco
606 2812 710 2856 nostro,
728 2811 773 2840 seu
795 2821 851 2854 ejus
873 2811 1002 2854 Legato,
1022 2811 1162 2850 Oratore,
1180 2811 1288 2843 Procu-
1331 2812 1407 2843 milia
1423 2814 1530 2850 Viginti
1543 2809 1622 2850 Quin
1641 2821 1672 2839 ue
1690 2809 1787 2840 Millia
1803 2812 1967 2839 Francorum
1983 2813 2012 2840 in
2030 2813 2139 2840 Coronis
2163 2814 2258 2850 Auri,
2276 2813 2306 2843 in
2327 2821 2400 2852 prae·

227 2866 318 2887 ωροτε
327 2879 335 2894 ,
345 2855 491 2892 Deputato
500 2876 508 2888 ,
518 2855 550 2883 &r
560 2851 700 2888 Nuncio,
713 2850 821 2884 Levatis
830 2848 1025 2887 ,Oratoribus,
1034 2848 1267 2881 Procuratoribus
1275 2875 1285 2890 ,
1329 2851 1407 2882 ἀίἂα
1422 2850 1496 2881 Villa
1508 2849 1604 2880 nostra
1651 2848 1724 2879 alelii
1734 2871 1744 2887 ,

229 2895 454 2930 Cominiffiiiiis,
476 2891 638 2928 Deputatis,
657 2898 704 2919 aut
728 2889 870 2930 hunciis,
889 2887 1075 2931 sufficientem
1096 2887 1286 2928 Potestatein,
1369 2889 1407 2920 Et
1429 2889 1488 2926 sic,
1505 2888 1541 2919 de
1564 2887 1654 2919 Anno
1674 2888 1704 2917 in
1729 2886 1863 2924 Annum,
1882 2886 1916 2917 ὃτ-
1935 2886 1971 2917 de
1985 2887 2130 2919 Termino
2149 2889 2178 2919 in
2201 2887 2399 2927 Terminum,

229 2934 452 2968 Auster-intem,
471 2941 503 2960 ac
525 2928 694 2959 Mandatum
716 2938 730 2957 a
745 2930 862 2970 praerato
876 2925 1063 2956 Illustriffimo
1079 2926 1213 2965 Principe
1229 2930 1288 2957 Lo-
1330 2927 1407 2959 idem
1428 2937 1518 2965 nuper
1540 2930 1601 2956 Rex
1622 2925 1742 2956 Karalus
1761 2925 1880 2958 solveret
1901 2925 1935 2955 &
1951 2925 2116 2957 deliberaret
2150 2926 2268 2958 Solvive
2283 2928 2317 2958 &
2333 2926 2397 2958 De-

229 2974 322 3002 dovw
345 2971 378 3001 ad
402 2972 459 3011 hoe
482 2969 602 3012 habente
617 2967 663 3014 vel
680 2966 847 3009 habentibus
867 2989 875 3002 ,
901 2964 1121 3009 Com-emendi,
1141 2965 1288 2997 Commu·
1331 2967 1442 2997 liberari
1459 2967 1578 3003 faceret,
1597 2965 1693 3003 suique
1705 2964 1845 2995 Haeredes
1857 2965 1892 2996 ὅτ
1905 2963 2086 2996 Succeffores
2108 2951 2258 2996 S⁵oiverent
2278 2966 2312 2995 &
2335 2964 2398 2996 De-

230 3010 361 3047 nicandi,
379 3007 551 3050 Trac'randi,
566 3008 603 3050 ¹&
624 3015 661 3035 ab
678 3004 779 3036 eisdem
797 3003 932 3048 Petendi,
950 3003 1106 3043 Exigendi,
1125 3004 1286 3043 Requiren-
1330 3005 1499 3042 liberarent,
1518 3004 1634 3035 Solvive
1647 3005 1681 3036 &
1695 3002 1853 3034 Deliberari
1866 3003 2011 3042 facerent,
2032 3003 2135 3035 Nobis
2148 3003 2181 3034 &
2196 3003 2278 3034 dietis
2293 3002 2398 3035 Haere-

232 3050 261 3080 di
272 3073 281 3088 ‚
300 3051 332 3080 Sc
354 3047 519 3086 Recipieridi
537 3046 643 3088 Literas
658 3043 877 3086 Approbatorias
893 3044 927 3074 &
942 3041 1288 3083 Confirmatoriasmag-
1332 3044 1415 3075 dibus
1428 3042 1547 3079 nostris,
1565 3052 1612 3073 aut
1627 3041 1730 3073 nostris
1741 3042 1788 3072 seu
1802 3041 1948 3073 distorum
1969 3041 2127 3072 Haeredum
2150 3041 2315 3072 nostrorum
2334 3041 2399 3073 De-

233 3099 273 3119 no
292 3087 390 3124 sigillo
413 3096 446 3116 ac
472 3084 563 3115 Manu
578 3087 659 3121 iplius
675 3092 751 3112 nunc
766 3081 857 3118 Regis
873 3080 1083 3121 Consanguinei
1099 3082 1184 3112 nostri
1201 3081 1289 3112 Fran·
1333 3091 1432 3121 putato
1452 3081 1498 3113 vel
1520 3080 1673 3119 Deputatis
1687 3102 1698 3119 ,
1724 3080 1810 3111 Loco
1828 3081 1862 3111 ὃς
1883 3080 2030 3111 Terminis
2047 3079 2193 3110 antedictis
2208 3103 2218 3118 ,
2244 3081 2339 3112 donec
2360 3083 2396 3113 δε

233 3129 288 3157 ciae
303 3126 424 3164 sigillatas
438 3125 471 3155 Sc
490 3123 626 3159 munitas,
644 3120 756 3165 tarr—ilde
768 3121 801 3150 δε
818 3120 895 3156 super
912 3120 1047 3157 praedista
1059 3119 1290 3159 Pace,Uni0ne,
1333 3121 1482 3160 quousque
1500 3119 1575 3150 dista
1593 3119 1713 3150 Summa
1731 3122 1966 3158 Septingentarum
2026 3117 2192 3155 uadraginta
2216 3118 2254 3155 (ἕν
2282 3124 2398 3161 quinque

233 3164 512 3206 Confoedei-atione,
526 3162 583 3208 sive
596 3161 734 3205 Amicitia
746 3162 818 3188 inter
834 3160 895 3202 Nor
909 3161 941 3190 ὃς
955 3159 1123 3197 praedic'rum
1137 3169 1226 3197 nuper
1236 3163 1289 3189 Re·
1323 3159 1457 3190 'Millium
1473 3162 1638 3189 coronarum
1648 3161 1726 3188 Auri
1737 3167 1786 3197 per
1799 3157 1890 3196 ipsum
1904 3165 1993 3196 nuper
2033 3167 2104 3194 egem
2115 3156 2249 3187 Karalum
2255 3158 2398 3188 Gallorum

230 3215 290 3242 gem
306 3201 582 3238 Karolumadvisata,
602 3198 695 3236 faCta,
714 3198 748 3229 ὃς
767 3197 919 3235 conclusa,
933 3208 966 3228 ac
985 3197 1186 3236 Juramentum
1209 3199 1289 3236 ipsius
1334 3201 1482 3236 Principem
1499 3220 1509 3235 ,
1531 3196 1669 3227 Haeredes
1691 3198 1724 3228 &
1748 3195 1929 3227 Succeffores
1947 3194 2010 3225 suos
2024 3217 2034 3233 ,
2050 3195 2151 3226 Nobis
2173 3196 2208 3227 δε
2227 3195 2400 3228 Haeredibus

236 3242 446 3281 Consanguinei
466 3239 576 3283 nostri,
608 3248 663 3282 pro
683 3237 763 3267 firma
784 3237 818 3267 &
840 3236 994 3280 inviolabili
1011 3235 1237 3267 Conservatione
1258 3238 1291 3269 δε
1334 3237 1452 3276 nostris,
1470 3243 1507 3267 ut
1523 3235 1712 3274 praedfflum,
1730 3233 1771 3266 est
1791 3234 1875 3272 plene
1895 3234 1930 3266 &
1951 3233 2063 3272 integre
2086 3233 2186 3265 Soluta
2201 3235 2235 3266 &
2251 3233 2399 3267 Contenta

236 3281 420 3311 Observantia
437 3279 534 3315 Pacis,
549 3278 695 3312 Unionis,
713 3274 994 3312 ConfoederationiS,
1013 3275 1069 3305 sive
1083 3275 1228 3305 Amicitia:
1242 3286 1292 3305 an-
1334 3277 1426 3313 foret,

237 3319 365 3358 tethel-32,
380 3329 412 3348 ac
428 3318 560 3348 omnium
575 3317 607 3346 ὅτ,
621 3314 798 3352 singulorum
812 3312 1045 3350 Dependentium
1060 3314 1096 3343 ab
1109 3313 1290 3352 eadem2jux-
1377 3313 1413 3344 Et
1429 3314 1492 3351 quia
1507 3311 1602 3341 Prima
1618 3311 1689 3342 Dies
1705 3310 1814 3342 Mensis
1835 3309 1908 3340 Maii
1928 3310 2033 3341 ultimo
2056 3311 2193 3349 praeterita
2217 3310 2271 3342 fuit
2286 3312 2401 3342 Undeci-

238 3366 266 3388 ta
277 3360 352 3395 vim,
372 3358 493 3388 formam
503 3379 513 3394 ,
530 3357 564 3387 ὃς
580 3354 718 3384 effestum
734 3352 893 3395 Literarum
906 3355 980 3381 inter
993 3353 1054 3381 Nor
1067 3353 1101 3384 ὃς
1113 3351 1214 3381 dierum
1232 3354 1295 3381 Ka-
1337 3363 1394 3382 mus
1408 3354 1545 3382 Terminus
1559 3350 1700 3380 Solutionis
1712 3350 1857 3380 antediblae
1875 3348 2030 3387 (videlicet)
2047 3351 2135 3380 Anno
2157 3349 2281 3380 Domini
2304 3350 2402 3382 Mille-

240 3395 325 3426 rolum
336 3396 585 3434 Consanguineurn
604 3392 734 3423 nostrum
749 3391 893 3427 superinde
905 3390 1173 3428 fastarum‚Novas
1184 3390 1294 3427 insuper
1339 3391 1427 3428 simo,
1445 3389 1733 3427 Quadringentesimo
1745 3411 1755 3425 ,
1773 3388 1974 3426 Nonagesimo
1998 3386 2116 3418 octavo
2130 3410 2140 3426 ‚
2155 3388 2184 3417 in
2205 3397 2259 3427 qua
2281 3386 2401 3421 Summa

242 3443 327 3471 atque
341 3434 490 3464 consimilis
502 3433 629 3462 Tenoris
643 3431 749 3461 Literas
763 3429 953 3467 Obligatorias
964 3428 1044 3466 super
1058 3428 1219 3467 hujusmodi
1240 3428 1295 3459 Pe·
1342 3432 1448 3466 Viginti
1462 3427 1499 3462 ὠ»
1516 3430 1629 3467 quinque
1645 3426 1767 3456 Millium
1778 3430 1943 3457 Francorum
1962 3430 1992 3456 in
2011 3429 2120 3456 Coronis
2141 3430 2237 3465 Auri,
2254 3428 2282 3457 in
2299 3428 2402 3467 praedi-

244 3472 391 3503 cuniarum
414 3472 538 3502 Summis
550 3494 560 3508 ,
594 3469 693 3500 Nobis
706 3493 716 3505 ,
731 3467 899 3498 Haeredibus
913 3468 948 3498 ὅς
960 3466 1174 3497 Succefforibus
1195 3466 1298 3497 nostris
1342 3468 1388 3498 &a
1413 3465 1486 3497 Villa
1506 3464 1600 3495 nostra
1619 3463 1721 3495 Calesii
1732 3487 1742 3502 2
1757 3473 1786 3495 ut
1807 3466 2005 3504 praemittitur,
2022 3464 2092 3496 solvi
2111 3464 2251 3498 debuisset
2265 3467 2300 3498 δι’.
2312 3465 2404 3498 adhuc

243 3521 294 3551 per
308 3509 399 3547 ipsum
415 3520 501 3546 nuper
516 3513 610 3545 Regem
623 3506 756 3538 Karolum
777 3505 1026 3544 Consanguineum
1048 3505 1178 3536 nostrum
1199 3505 1301 3536 debitis
1343 3512 1468 3537 remanet
1482 3503 1580 3534 Nobis
1593 3512 1654 3533 non
1665 3511 1809 3534 numerata
1822 3511 1916 3541 neque
1927 3502 2035 3542 soluta,

245 3550 282 3581 &
295 3548 386 3579 modo
400 3557 416 3577 a
428 3555 501 3577 retro
517 3547 699 3578 existentibus
709 3548 742 3576 ὃ(
755 3544 885 3575 nondum
902 3544 1012 3581 solutis,
1029 3553 1100 3574 cum
1110 3544 1245 3574 omnibus
1266 3546 1300 3576 ὃς
1382 3543 1463 3574 Hinc
1477 3542 1517 3573 est
1532 3541 1613 3580 quod
1630 3541 1716 3579 Nos,

247 3587 360 3625 singulis
374 3584 577 3625 Cautionibus,
596 3585 809 3621 SecuritatibuS,
826 3593 860 3613 ac
884 3581 1137 3620 Submiffionibus,
1157 3583 1188 3613 in
1209 3582 1302 3614 forma
1380 3581 1429 3613 De
1454 3580 1643 3612 Fidelitatibus
1660 3602 1670 3619 ,
1688 3579 1831 3610 industriis
1846 3604 1855 3617 ,
1877 3580 1911 3610 &
1927 3579 2053 3618 providis
2073 3579 2402 3619 circumspectionibus,

248 3625 440 3665 obligationis
466 3622 595 3653 Camerae
612 3623 808 3661 Apostolicae,
827 3622 910 3652 nobis
931 3631 980 3659 per
997 3621 1120 3652 eundem
1138 3619 1302 3660 Confingui-
1345 3620 1530 3651 Dilectorum
1543 3620 1577 3650 &
1590 3618 1728 3649 Fidelium
1741 3617 1975 3649 Consiliariorum
1990 3618 2175 3659 nostrorum,
2190 3618 2300 3650 Ricardi
2318 3619 2403 3649 Nan-

248 3676 329 3696 mum
352 3662 500 3699 Karalum,
518 3671 568 3704 pro
591 3661 818 3698 Compiemento
839 3661 872 3692 &
892 3659 968 3690 fideli
989 3659 1174 3690 Obseruantia
1191 3669 1304 3690 earum-
1339 3659 1399 3700 fan
1414 3657 1515 3688 Militis
1531 3657 1665 3695 Deputati
1681 3657 1916 3688 Locumteneiitis
1930 3656 2013 3688 Villae
2028 3657 2133 3688 nostrae
2152 3658 2272 3696 Caleffi,
2290 3656 2406 3688 Antho-

250 3704 338 3740 dem,
355 3701 451 3738 saetis,
467 3700 589 3743 traditis,
605 3702 637 3731 &
651 3700 823 3737 deliberatis,
840 3700 927 3735 quam
939 3699 1024 3729 etiam
1037 3698 1101 3729 alias
1109 3697 1213 3728 Literas
1221 3696 1304 3729 Con-
1347 3701 1387 3729 nii
1407 3699 1499 3726 Broun
1524 3695 1625 3727 Militis
1644 3695 1856 3727 Constabularii
1881 3695 1975 3726 Castri
2002 3696 2092 3727 nostri
2115 3695 2217 3728 Calefii
2231 3718 2241 3733 ‚
2275 3694 2406 3726 Nicholai

253 3741 419 3772 firmatorias
434 3737 562 3784 praedicit
576 3738 693 3767 Articuli
705 3738 740 3767 de
755 3738 921 3769 Rebellibus
934 3738 967 3768 ὅ(
991 3736 1187 3768 Proditoribus
1205 3737 1242 3767 ab
1264 3737 1305 3767 al·
1348 3733 1489 3772 Boughton
1504 3735 1676 3766 Thesaurarii
1691 3734 1868 3765 Guerrarum
1882 3733 1968 3765 Viilae
1980 3734 2087 3766 nostrae
2098 3733 2257 3772 Calesii,&
2267 3733 2407 3774 Radulphi

253 3788 362 3811 terutro
375 3777 507 3807 nostrum
520 3775 666 3817 mdiorum
680 3775 849 3818 Principum
866 3785 926 3805 non
942 3775 1144 3813 Recipiendis,
1158 3774 1215 3805 una
1233 3785 1303 3805 cum
1350 3773 1487 3811 Lathom,
1505 3773 1745 3811 quamplurimum
1760 3772 1949 3812 confidentes,

252 3819 311 3848 aliis
328 3815 463 3847 Clausulis
476 3815 509 3844 δε
528 3813 754 3856 provisionibus,
772 3823 856 3851 prout
866 3814 969 3845 eisdem
985 3813 1192 3845 Commiffariis
1204 3813 1305 3844 nostris
1385 3811 1462 3850 Ipsos
1478 3811 1590 3842 nostros
1605 3822 1689 3842 veros
1704 3812 1737 3842 &
1751 3812 1924 3842 indubitatos
1939 3810 2176 3848 Commiffirr1oe,
2195 3808 2409 3850 Procuratores,

253 3857 289 3899 ξε
304 3856 355 3886 suis
366 3862 543 3896 oportunum
554 3851 643 3895 Visum
655 3851 753 3888 fuerit,
771 3852 918 3890 addendis,
937 3863 1054 3883 necnon
1068 3851 1150 3890 quod
1163 3853 1261 3882 omnia
1271 3854 1305 3884 δε
1350 3851 1480 3882 Factorcs
1496 3871 1506 3888 ,
1535 3850 1732 3889 Negotiorum
1753 3849 1891 3880 Gestores
1906 3872 1916 3889 ‚
1936 3849 2018 3881 Rece
2039 3858 2114 3881 tores
2128 3871 2138 3886 ,
2166 3849 2200 3880 &
2222 3848 2386 3887 Deputatos

63 3905 132 3960 ,ξι
252 3889 711 3965 ἷξὲξυὲῐῐίὲτυῧιὲέἓάξξξὲῗέἒ,
728 3889 1025 3958 ἕὲεὲιίῑαζξξῐῗῐέαῑὶοῃς
1045 3889 1309 3959 Pii-atafum‚1&1po-
1351 3889 1498 3925 Facimus,
1515 3886 1741 3927 Censtituimus,
1758 3887 1950 3928 Ordinamus,
1963 3889 1997 3920 &
2048 3895 2192 3926 eputamus
2211 3896 2262 3925 per
2284 3875 2410 3920 Praesenss

266 3943 273 3962 i
303 3943 331 3961 io
410 3954 419 3967 ,
700 3951 710 3965 ,
930 3938 1116 3959 normitatum
1143 3938 1208 3965 upra
1265 3940 1308 3960 are
1352 3937 1409 3962 tes,

255 3970 395 4005 factarum
404 3968 491 4005 ,apud
502 3966 641 3997 Boloniam
653 3966 805 3996 novissime
821 3976 961 4004 concepta
974 3969 1008 3998 ὃς
1022 3967 1171 4004 conclusa,
1180 3966 1216 3997 de
1228 3977 1310 3998 novo

257 4007 472 4038 Confirmentur
496 4016 528 4036 ac
549 4006 644 4036 debite
668 4004 836 4035 Executioni
855 4004 1079 4043 demandentur,
1105 4004 1240 4043 quodque
1259 4007 1312 4036 alia

256 4047 350 4079 Nova
372 4044 500 4083 Capitula
523 4044 555 4075 &
577 4044 715 4082 Articuli,
734 4052 821 4081 prout
841 4044 879 4073 eis
898 4044 987 4075 visum
1010 4044 1095 4075 fuerit
1111 4052 1310 4083 oportunum,

1391 3964 1499 3996 Dantes
1514 3964 1625 3996 Eisdem
1635 3990 1645 4004 ,
1662 3966 1791 4004 Tribus,
1807 3967 1841 3998 δε
1860 3964 2002 4003 Duobus,
2039 3962 2277 4000 lenam,Tenore
2286 3963 2412 3995 Praesen-

1353 4005 1444 4040 tium,
1462 4002 1637 4034 Porestatem
1660 4006 1695 4037 &
1717 4005 1944 4041 Auctoritatem,
1961 4012 1995 4033 ac
2076 4001 2192 4032 ndatum
2210 4002 2324 4040 speciale
2343 4011 2412 4032 cum

1355 4041 1578 4079 Commiffiuiis,
1596 4042 1844 4080 Procuratoribus,
1862 4041 2027 4079 Damnatis,
2043 4040 2100 4072 five
2119 4039 2248 4074 Nunciis
2264 4037 2417 4109 IllustrisxlTEI-i
