2555 4266
720 211 829 254 ET
915 211 1179 256 ACTA

6 298 84 330 aim.
96 295 139 328 D.
198 296 232 331 In
246 289 341 337 cuius,
358 297 420 330 ὅτε.

36 344 124 379 1453.
215 337 306 368 Teste
321 337 404 377 Rege
416 335 489 376 apud
504 335 778 378 westmonasterium,
794 348 875 369 nono
888 338 934 370 die
949 338 1025 377 Julii.

0 458 1 462 Ἰ
15 380 72 404 Hm·
95 376 124 404 6.
558 414 611 444 Per
628 418 721 445 Breve
737 416 769 445 de
786 416 904 446 Privato
922 413 1012 452 Sigillo
1021 436 1031 452 ,
1048 412 1110 448 &a

0 522 1 533 ἵ
432 541 490 572 Pro
513 542 630 586 Magno
657 538 806 586 Magistro
830 536 938 570 Rhodi.

0 649 3 654 t
12 636 87 668 Anu·
100 633 141 666 D⁴
163 624 361 675 HEnricos,
379 624 439 656 &0
459 623 579 655 Dileeto
593 624 675 654 nobis
691 625 719 653 in
735 621 871 661 Christo,
889 621 1004 652 Roberto
1017 621 1110 663 Boyll,
1129 621 1223 652 Priori

12 683 84 741 ff

11 755 44 780 Εἰ
58 753 86 780 6.

40 789 104 819 Pell.

8 1631 86 1660 Anti.

6 1676 122 1743 affl:

6 1749 34 1772 11
56 1745 73 1770 6

35 1767 104 1811 rell.

7 1920 25 1937 0
47 1920 102 1947 XI.

9 1966 76 1995 34¹-

10 2998 88 3030 Ann.

33 3047 119 3079 1453·

39 3087 125 3114 n.31.

2 3167 4 3170 v
11 3136 78 3190 wisa

11 3194 46 3219 JL
65 3192 82 3217 6

10 3237 49 3256 m·
69 3238 94 3258 Ι.

80 723 123 751 31.

235 662 390 700 Hospitalis
404 664 496 695 Sanffi
507 663 646 702 johannis
657 662 809 701 Jerusalem
822 662 851 691 in
868 661 989 699 Anglia,
1007 661 1140 692 Salutem

198 701 305 731 Dileeie

202 739 243 770 Ex
256 725 331 778 part}
345 739 434 771 vestra
456 739 555 770 Nobis
576 739 770 778 Supplicatum
789 740 894 776 exritit,
916 747 1015 777 magna
1032 749 1100 768 cum
1119 737 1224 768 instan-

163 777 217 816 tia,
236 781 363 817 quatinus
380 779 462 808 vobis
476 778 638 808 Licentiam
661 779 795 816 impertiri
808 778 986 817 dignaremur
1000 779 1069 808 infra
1086 777 1223 820 Regnum

163 817 293 848 nostrum
315 818 426 855 Angliae
449 816 578 854 quasdam
600 817 707 847 Levare
728 816 941 855 impositiones,
958 825 1042 854 atque
1061 816 1097 846 de
1117 817 1224 847 eisdem

161 864 269 893 magno
285 855 417 893 Magistro
430 856 542 885 Ordinis
553 855 638 893 vestri
652 856 724 894 apud
736 858 839 886 Roa'um
855 855 1056 893 Respondete,

201 894 260 925 Pro
279 903 338 934 quo
353 895 386 925 δε
402 894 476 923 idem
500 897 620 931 Magrus
642 894 774 933 Magister
790 904 854 931 per,
873 894 1010 924 diletffmm
1034 894 1153 931 Nobis,
1168 893 1225 931 Jo-

161 931 278 962 hannem
290 931 505 972 Langstrothre,
522 932 638 963 Ordinis
655 934 738 963 vestri
753 932 897 971 Militem,
916 943 1004 970 nuper
1017 932 1154 970 scripserat
1164 954 1173 968 ,

200 971 268 1001 Nos
282 974 352 1000 vero
363 994 371 1008 ,
390 971 479 1001 dietas
496 971 648 1002 Petitiones
667 972 772 1002 vestras
789 982 888 1002 contra
906 971 974 1010 Jura
996 971 1090 1001 nostra
1105 970 1223 1014 existere

160 1009 385 1047 considerantes,
405 1020 464 1039 non
480 1010 612 1041 duximus
632 1010 827 1041 Annuendum
848 1009 905 1040 effe
922 1010 1083 1046 simpliciter
1103 1009 1220 1051 eisdem:

159 1056 379 1085 verumptamen
392 1048 461 1078 cum
478 1051 514 1079 ita
528 1049 559 1079 stt
575 1049 654 1087 quod
676 1050 812 1086 Sei-vitia,
829 1059 893 1087 quae
915 1048 1015 1079 Nobis
1033 1047 1222 1091 diversimode

159 1095 209 1123 per
221 1095 273 1116 vos
296 1087 422 1125 impensa
442 1087 519 1125 sunt,
537 1098 598 1117 non
614 1088 794 1119 mediocriter
807 1087 874 1117 Nos
895 1087 1015 1118 reddunt
1034 1086 1176 1130 proclives
1194 1095 1224 1115 in

158 1134 190 1155 ea
205 1135 268 1163 quae
285 1136 300 1156 a
316 1126 415 1156 Nobis
428 1135 521 1162 petere
536 1126 712 1164 decrevistis,
731 1127 863 1156 contenti
878 1125 987 1163 sumus,
1007 1126 1061 1155 hac
1078 1124 1153 1155 Vice
1161 1134 1222 1155 tan-

160 1171 238 1200 tum,
258 1173 289 1194 ut
302 1165 337 1193 de
352 1163 582 1203 Impositionibus
599 1166 717 1202 praefatis
729 1165 819 1195 eidem
834 1167 938 1201 Magno
947 1162 1078 1206 Magistro
1093 1163 1222 1201 Respon-

161 1202 264 1239 deatis:,
291 1203 394 1232 nullam
418 1203 495 1239 spem
520 1205 548 1233 in
572 1203 697 1233 futurum
714 1212 849 1241 ponentes
875 1203 954 1240 quod
976 1203 1070 1233 similis
1094 1202 1225 1245 ,Fae-ultas

161 1241 242 1277 (cum
258 1242 288 1271 sit
302 1243 329 1270 in
345 1241 569 1279 Derogationem
583 1242 695 1280 Jurium
713 1242 894 1278 nostrorum,
910 1250 942 1271 ut
956 1241 1113 1277 praefertur)
1134 1241 1224 1271 Vobis

159 1288 206 1310 aut
221 1280 353 1317 cuiquam
369 1279 553 1310 Subditorum
569 1280 735 1311 nostrorum
748 1280 922 1311 concedetur
935 1279 994 1310 ullo
1010 1279 1108 1309 modo.

198 1316 268 1348 Dat.
287 1319 348 1349 δίε.
367 1319 441 1356 apud
455 1318 560 1357 poesim.
577 1321 621 1357 xxj
637 1318 776 1357 dieJulii,
794 1318 902 1356 Anno,
918 1319 978 1349 &c.
998 1319 1070 1355 xxxi

91 683 116 713 3.

319 1391 323 1394 ’
344 1397 389 1424 De
406 1394 545 1424 Mandata
562 1398 639 1433 Regis·
651 1403 701 1434 per
719 1394 923 1435 avifiimentum
941 1393 1051 1425 Consilii
1057 1394 1114 1435 [ῖιί.

388 1528 494 1559 Litera
517 1525 561 1558 ad
584 1524 773 1573 Magistrum
790 1525 975 1573 praediffum.

162 1613 339 1667 HEnrims
352 1633 362 1647 ‚
384 1609 622 1649 Religiosiffimo,
640 1611 839 1642 Potentiffimo
857 1634 867 1649 ,
892 1611 925 1642 &
948 1611 1108 1650 Magnifice
1133 1611 1223 1650 Viro,

233 1648 320 1679 Fratri
333 1648 463 1687 Johanm'
477 1650 513 1679 da
525 1653 571 1679 La
585 1654 637 1680 cito
653 1650 785 1689 fllagissro
801 1649 948 1689 Hospitalis
964 1651 1058 1680 Sanch
1080 1649 1222 1688 Jolaanms

161 1687 319 1726 Jerufizlem
329 1710 339 1726 ,
355 1690 459 1725 Magno
474 1691 552 1726 fisag!
577 1699 605 1719 ro
614 1689 699 1727 Rodi,
717 1691 749 1720 δε
759 1689 903 1719 Prioribus
916 1688 1080 1728 Ballivisque
1088 1689 1123 1719 de
1139 1689 1225 1720 Con-

160 1726 227 1756 cilio
242 1727 309 1766 suo,
327 1736 394 1757 curn
411 1728 513 1757 sincera
527 1728 696 1765 dileetione,
715 1727 850 1758 Salutem.

196 1767 371 1806 Recepimus
385 1775 472 1804 nuper
491 1766 615 1804 Literas,
633 1776 700 1804 quas
724 1765 999 1803 Circumspec'liones
1022 1765 1138 1804 vestrae,
1157 1777 1222 1805 per,

156 1801 294 1837 ditensium
310 1805 423 1843 Nobis,
441 1805 601 1843 Johannem
628 1804 812 1842 Langslothre
832 1805 958 1835 Militem
983 1804 1101 1835 Ordinis
1117 1805 1219 1843 vestri,

158 1843 348 1876 Castellanum
368 1844 465 1883 Rodi,
481 1844 516 1874 ad
534 1843 602 1874 Nos
622 1843 774 1882 direxistis,
792 1854 840 1881 per
865 1853 931 1882 quas
955 1844 1143 1874 invitabamur
1165 1854 1220 1874 no-

158 1883 246 1914 strum
264 1884 396 1915 adhibere
412 1882 588 1913 Consensum
607 1883 771 1920 quibusdam
791 1882 1043 1920 impositionibus,
1059 1883 1221 1923 persolven-

155 1921 199 1952 dis
212 1932 260 1960 per
276 1922 407 1952 Priorem
427 1922 444 1939 ³*
461 1922 494 1953 &
512 1920 674 1958 Religiosos
688 1920 804 1951 Ordinis
820 1920 901 1952 vestri
914 1929 948 1952 ex
964 1919 1070 1960 Regno
1086 1921 1197 1951 nostro:

195 1961 284 1999 Super
295 1961 394 1998 quibus
412 1960 629 1991 Paternitatibus
644 1959 739 1991 vestris
757 1959 967 2000 Respondemus,
986 1959 1066 1998 quod
1082 1959 1139 1990 Res
1156 1962 1220 1991 haec

157 1998 264 2030 directe
279 2000 321 2030 est
335 2007 434 2030 contra
450 2000 539 2038 Leges
555 1999 588 2029 &
600 1997 667 2037 Jura
683 1997 777 2029 nostra
795 2000 840 2035 (ad
856 2008 978 2036 quorum
994 1998 1224 2037 Observantiam,

160 2047 293 2076 tanquam
315 2038 409 2069 Status
431 2037 519 2068 nostri
537 2037 784 2068 Conservatricem
800 2061 810 2075 ,
836 2036 1007 2068 stricffiffime
1027 2037 1219 2077 astringimur)

157 2084 188 2108 ut
201 2086 376 2116 nequaquam
386 2077 442 2107 sine
457 2086 560 2116 magno
573 2074 673 2106 nostro
688 2076 856 2115 Praejudicio
865 2075 961 2107 vestris
967 2076 1118 2107 Desideriis
1133 2076 1223 2108 assen-

159 2117 212 2146 tire
227 2116 364 2147 valemus:

195 2152 413 2191 Verurnptamen
423 2175 432 2190 ,
442 2152 534 2189 pulsati
547 2151 690 2191 Instantia,
699 2155 802 2191 ymmo
812 2152 1031 2193 Importunitate
1044 2153 1141 2184 dileeti
1150 2154 1222 2185 No·

161 2192 204 2222 bis
221 2192 326 2222 Prioris
347 2192 466 2222 Ordinis
480 2191 566 2223 vestri
589 2192 617 2221 in
634 2192 737 2231 Anglia
748 2215 758 2231 ,
777 2192 903 2229 dictique
916 2191 1058 2231 Johanm's
1070 2194 1223 2233 Langstro-

161 2231 239 2268 thre,
259 2231 478 2267 considerantes,
497 2231 551 2260 una
565 2240 634 2260 cum
649 2229 723 2268 hoc,
740 2240 842 2269 quanta
855 2230 954 2261 Nobis
975 2233 1084 2270 optima
1106 2232 1223 2269 gratissi-

161 2278 262 2308 maque
278 2270 393 2300 Servitia
405 2270 474 2299 idem
489 2270 568 2298 Prior
580 2269 608 2298 in
624 2268 728 2306 Anglia
743 2269 838 2299 noster
855 2269 1078 2302 familiarissimus
1096 2272 1129 2302 &
1151 2270 1219 2302 fide—

160 2307 278 2338 liffimus
302 2309 436 2339 Subditus
457 2317 490 2337 ac
515 2306 696 2338 Consiliarius
719 2307 912 2347 multipliciter
934 2309 1091 2346 impendit,
1116 2310 1221 2341 devieti

159 2348 275 2387 quoque
295 2345 491 2377 benevolentia
508 2345 564 2384 qua
578 2345 678 2376 Nobis
692 2347 886 2385 conjungitur,
907 2346 1066 2379 Licentiam
1086 2349 1223 2389 impertiti

159 2387 252 2417 sumus
277 2395 308 2417 ut
329 2386 365 2415 de
386 2385 467 2416 dietis
490 2383 722 2424 Impofitionibus
743 2386 823 2417 vobis
848 2385 1063 2423 Respondeatur
1086 2387 1121 2418 ad
1150 2398 1223 2426 prae-

161 2427 229 2457 sens.

197 2462 294 2494 Restat
315 2471 345 2493 ut
364 2461 475 2492 Gratias
496 2461 647 2492 habeamus
661 2461 911 2494 Dominationibus
935 2463 1033 2494 vestris
1054 2463 1090 2495 de
1113 2466 1221 2504 magnis

157 2501 346 2533 Humanitate
360 2502 393 2531 &
415 2500 541 2539 Pavore,
558 2501 689 2531 exhibitis
707 2500 824 2538 praefato
843 2501 949 2532 dilecto
971 2502 1070 2532 nostro
1091 2502 1221 2542 Johanni

157 2543 240 2579 Lang
263 2539 355 2569 rothre
371 2539 554 2575 Castellan03
571 2540 633 2578 qui,
651 2547 680 2569 ut
695 2549 728 2569 ex
747 2540 804 2577 ejus
819 2541 951 2571 relatione
967 2541 1127 2576 habuimus,
1148 2553 1220 2573 coti·

154 2588 236 2620 temp
247 2580 340 2609 atione
355 2578 525 2609 Litterarum
542 2577 717 2608 Nostrarum
734 2578 844 2609 adaucti
857 2578 933 2611 sunt:
954 2580 1036 2610 etiam
1053 2580 1221 2611 confidimus

156 2619 186 2648 in
200 2617 345 2654 futurum,
365 2616 469 2647 Nostri
483 2612 581 2655 causa,
599 2626 658 2645 non
676 2617 797 2648 minores
812 2627 908 2655 erunt,
926 2618 1004 2656 quod
1028 2619 1220 2656 quodammo-

158 2656 199 2686 do
213 2656 312 2686 nostro
323 2655 390 2694 Jure
403 2656 537 2694 petimus,
559 2665 627 2685 curn
643 2656 743 2694 partim
765 2656 823 2694 ejus
844 2655 983 2688 Industria
1001 2657 1034 2688 ὃς
1054 2657 1168 2689 Labore
1186 2658 1221 2690 ad

158 2695 278 2734 praesens
291 2694 400 2725 inducti
417 2694 512 2724 sumus
527 2701 557 2724 ut
574 2693 656 2724 Grati
671 2694 753 2724 vobis
771 2694 932 2726 reddamur.

198 2733 302 2770 Script.
317 2743 352 2762 ex
369 2732 476 2762 Palatio
491 2731 578 2772 nostro
592 2731 699 2773 Westm.
714 2733 770 2771 xxj.
785 2732 830 2764 die
843 2733 909 2773 Julii
921 2757 931 2774 ,
948 2733 1047 2765 nostro
1060 2735 1110 2766 sub
1125 2734 1222 2766 Priva-

161 2779 192 2802 to
205 2771 320 2811 sigillo,
336 2771 443 2809 Anno,
460 2772 520 2802 δίε.
538 2772 610 2809 xxxj.

98 1627 142 1659 D.

447 2899 511 2930 Pro
538 2899 623 2929 Petro
646 2894 681 2928 de
704 2897 934 2942 Mountferant.

160 2982 281 3041 REX
300 2981 462 3018 Omnibus,
480 2980 515 3011 ad
529 2989 617 3018 quOS,
633 2980 694 3011 &c.
713 2980 846 3012 Salutem.

269 3022 367 3052 Sciatis
383 3020 482 3058 quod,
500 3029 553 3058 pro
577 3019 659 3050 Parte
679 3020 774 3049 dilecti
792 3018 880 3050 nostri
904 3023 984 3051 Petri
1004 3023 1037 3052 de
1062 3022 1222 3063 Mountfer-

159 3067 226 3091 rant
244 3059 384 3100 Armigeri
399 3058 513 3089 Soldani
528 3058 563 3088 de
586 3059 610 3088 la
632 3057 712 3089 Trau
729 3059 758 3088 in
774 3057 874 3089 nostro
889 3058 1004 3092 Ducatu
1024 3062 1225 3102 Aquitanniae,

160 3099 261 3130 Nobis
271 3099 429 3137 expositum
445 3096 535 3127 existit
548 3097 645 3135 quod,

198 3137 299 3175 Cum,
316 3137 404 3168 Anno
424 3135 523 3174 Regni
539 3135 626 3166 nostri
647 3134 792 3165 Vicesimo
814 3134 928 3175 Nono,
948 3138 1049 3176 magna
1067 3139 1104 3169 Vi
1119 3138 1228 3169 Armo-

159 3185 223 3207 rum
236 3186 269 3207 ac
280 3174 463 3216 grandissimo
478 3184 598 3205 numero
613 3174 795 3205 Armatorum
804 3197 813 3212 ,
831 3174 1022 3214 Adversarius
1038 3178 1123 3218 noster
1136 3181 1226 3208 Fran-

159 3217 205 3245 ciae
219 3213 356 3246 hostiliter
370 3213 494 3245 intrasset
508 3213 679 3252 praedidtum
706 3212 853 3243 Ducatum
875 3215 1005 3244 nostrum
1024 3217 1221 3255 Aquitanniae,

197 3252 257 3290 Ipse
271 3253 458 3294 Supplicans,
476 3260 510 3282 ex
530 3260 592 3282 toto
613 3250 713 3281 Corde
733 3253 782 3281 suo
804 3249 940 3282 affectans
959 3253 1100 3286 Dominia
1125 3256 1220 3288 nostra

159 3289 243 3322 liiaesa
256 3292 433 3329 conservari,
453 3292 486 3322 &
502 3290 557 3327 Se,
574 3299 644 3320 cum
661 3290 778 3328 Terris,
796 3290 900 3321 Castris
913 3315 922 3329 ,
940 3293 974 3324 &
989 3292 1135 3324 Dominiis
1150 3295 1218 3333 suis,

158 3329 187 3359 in
204 3330 296 3362 nostra
312 3330 485 3361 Obedientia
500 3328 712 3367 permansurum
722 3352 731 3367 ,

195 3366 232 3397 Et
246 3369 279 3398 ad
293 3369 370 3400 hunc
386 3368 492 3406 finem,
508 3367 575 3397 sicut
591 3366 736 3398 strenuum
751 3367 852 3398 Virum
866 3368 964 3407 decet,
983 3379 1051 3400 cum
1061 3379 1140 3401 certo
1149 3371 1218 3402 Nu—

160 3413 243 3436 mero
259 3406 442 3438 Armatorum
456 3407 568 3437 intravit
582 3406 684 3436 Villam
698 3405 823 3436 nostram
843 3407 878 3436 de
895 3407 984 3446 Blaie,
1003 3409 1154 3448 postquam
1170 3421 1218 3448 per

159 3442 338 3475 Adversarius
363 3445 471 3475 ibidem
491 3445 577 3482 posita
597 3444 684 3475 fuerat
705 3444 845 3486 Obsidio,
865 3445 974 3485 sperans
993 3448 1067 3478 illam
1089 3459 1137 3487 per
1160 3449 1218 3481 Dei

158 3480 306 3520 Gratiam,
330 3484 363 3514 ὃς
385 3494 434 3521 per
453 3483 515 3515 suos
538 3483 685 3514 Laborem
706 3485 740 3515 &
759 3484 962 3523 Diligentiam,
986 3496 1053 3517 cum
1074 3488 1216 3525 adjutorio

157 3519 346 3558 plurimorum
359 3521 481 3552 aliorum
501 3522 665 3553 nostrorum
682 3522 807 3553 fidelium
829 3523 1031 3563 Subdirorum,
1051 3536 1150 3557 contra
1166 3525 1215 3557 In-

155 3558 239 3589 sultus
257 3557 488 3590 Adversariorum
503 3560 668 3591 nostrorum
684 3563 887 3599 praedictorum
901 3561 1084 3603 Defendere,

192 3596 376 3635 Qapropter
389 3598 457 3627 dicti
473 3598 627 3630 Adversarii
641 3600 747 3638 nostri,

190 3635 407 3665 considerantes
421 3637 453 3666 ὅ(
475 3647 489 3666 a
509 3637 650 3669 noscentes
662 3639 760 3677 quod,
777 3648 830 3677 pro
852 3637 1085 3677 Complemento
1106 3640 1145 3672 sui
1163 3642 1213 3673 In—

151 3675 244 3712 cepti,
264 3674 296 3704 ἃ
313 3682 342 3704 ut
356 3673 466 3704 facilius
508 3676 636 3707 ivitatem
649 3676 777 3708 nostram
793 3677 1020 3717 Burdegalensem
1042 3679 1076 3710 ὃ(
1091 3681 1142 3712 alia
1158 3692 1212 3712 no-

151 3713 243 3743 tabilia
260 3713 339 3743 Loca
354 3711 478 3750 ejusdem
498 3713 588 3744 nostri
603 3713 733 3745 Ducatfis
751 3716 806 3746 suae
822 3716 935 3746 Ditioni
954 3717 1150 3758 subjugarent,
1167 3720 1213 3750 di-

148 3751 196 3782 &a
211 3751 283 3781 Villa
295 3751 330 3781 de
347 3750 422 3781 Blaie
435 3758 492 3780 erat
505 3751 567 3788 ipsis
581 3752 692 3783 summe
704 3755 877 3785 conveniens
891 3755 924 3784 δε
939 3757 1105 3795 neceffiria,

187 3789 349 3820 Maximam
365 3789 477 3819 Partem
492 3787 547 3819 suae
561 3789 720 3829 Potentiae,
739 3803 808 3823 cum
819 3801 919 3831 magna
936 3796 1086 3831 quantitate
1101 3795 1208 3828 Instru—

100 3000 143 3031 D.

88 3138 143 3191 ι31.

1261 182 1724 259 PusLioA.
2273 241 2332 283 53

1263 295 1362 341 noster
1373 297 1504 330 Ducatfis
1526 309 1574 343 per
1597 301 1777 333 Adversarios
1799 303 1910 336 nostros
1929 310 2063 347 occupati
2083 311 2214 350 fuerunt,
2231 310 2322 344 dietus
2335 311 2411 345 Ann-
2426 311 2469 345 D„

1265 335 1450 380 Supphcans,
1468 339 1591 369 nesciens
1609 350 1666 377 quo
1682 344 1707 371 se
1724 342 1861 372 divertere
1877 345 1986 384 posset,
2003 357 2031 379 ut
2047 350 2320 382 suaeTerrae&Do-
2357 361 2442 393 1453.

1266 383 1352 417 mima
1376 384 1401 404 ci
1423 386 1616 419 remanerent,
1640 378 1789 417 postulavit
1812 383 2036 424 comprehendi,
2062 397 2145 424 prout
2170 389 2250 419 multi
2275 390 2320 419 alii
2335 396 2397 420 Heu.
2416 394 2444 420 6.

1266 411 1391 441 Nobiles
1409 424 1458 442 vrri
1478 415 1586 444 ibidem
1606 417 1748 454 fecerunt,
1767 417 1817 447 sab
1838 418 1973 451 Ttac'tatu
1996 424 2027 453 ὃ(
2051 426 2320 463 Λρρωξὶυειιῃεηῑο

1208 490 1219 492 ἢ
1265 459 1314 486 pei·
1331 451 1508 482 ,adversarios
1521 453 1633 483 nostros
1648 465 1716 484 cum
1733 456 1865 492 pmdidh
1883 456 2004 489 Civitate
2018 462 2097 492 factis
2108 486 2116 502 ,

1289 487 1339 528 ,Et-
1354 489 1390 519 sic
1407 490 1524 520 coactus
1539 492 1572 521 &
1588 501 1688 522 contra
1709 495 1895 525 inzentionem
1920 497 1957 526 sui
1973 499 2059 528 animi
2079 501 2126 531 sub
2146 503 2317 535 Obedientia

1264 525 1409 569 didtorum
1429 528 1659 559 Adversariorum
1675 532 1804 561 remansit
1821 534 1902 571 usque
1915 536 1943 564 in
1968 534 2096 566 Mensem
2113 540 2249 572 Octobris
2267 553 2322 573 no-

1265 564 1380 595 vissime
1402 569 1591 605 praeteritum,
1619 569 1710 605 quod,
1741 570 1856 600 dileetus
1871 574 1903 602 ὃς
1927 573 2012 603 fidelis
2030 575 2123 605 noster
2147 578 2320 611 Consanuui—

1265 613 1352 641 neus,
1377 608 1468 634 Comes
1487 605 1520 635 de
1544 605 1752 648 Shrewesbury,
1772 609 1865 638 noster
1889 610 2035 642 Generalis
2061 607 2276 648 Locuiiitenen?
2289 621 2319 649 in

1265 641 1382 673 Ducatu
1406 643 1506 674 nosti-0
1528 645 1709 682 Aquitanniae
1727 647 1864 682 predicto
1889 658 1939 686 pro
1966 659 2041 686 parte
2059 652 2151 682 nostra
2175 659 2261 686 venit·
2283 657 2318 687 ad

1266 691 1352 718 quem
1364 682 1456 712 ditftus
1470 683 1650 721 Supplicms,
1669 686 1815 723 quamcito
1830 687 1853 715 ei
1874 686 1926 716 fuit
1945 687 2089 726 possibile,
2108 691 2143 719 Se
2158 680 2269 732 direxit',
2288 705 2321 725 ac

1265 727 1399 757 tanquam
1414 731 1493 752 verus
1509 723 1542 752 ὅ(
1559 721 1644 752 fidelis
1668 721 1772 759 Ligeus
1790 722 1920 754 Vall'allus
1942 725 2054 762 noster,
2074 727 2166 757 Manu
2190 731 2302 762 Armati

1265 759 1331 788 totis
1346 760 1467 797 viribus,
1486 760 1520 790 de
1538 760 1626 790 Facito
1644 760 1692 790 sibi
1715 761 1858 799 Adhaesit,
1874 762 1911 792 Se
1931 764 1964 793 ὃ(
1985 764 2063 794 Loca
2081 766 2125 795 sua
2144 767 2176 796 ad
2199 756 2323 800 nostran}

1267 796 1469 828 Obedientiam
1491 798 1696 838 Reponencio,
1714 800 1836 838 aliosque
1858 800 1906 830 sibi
1924 801 2122 842 Propinquos,
2139 805 2271 844 Amicos,
2289 810 2321 839 &

1266 835 1375 865 Affines
1387 836 1421 866 ad
1439 837 1559 868 similiter
1573 838 1732 868 faciendum
1751 837 1903 869 Movendo
1916 841 1949 871 ὅ(
1965 839 2150 881 Inducendo,

1300 873 1517 905 Nicbilominus
1530 877 1622 906 dicius
1638 876 1801 915 Supplicans
1817 878 1897 907 timet
1911 881 1929 897 Ῥ
1947 880 2023 917 quod
2035 902 2043 918 ,
2060 883 2208 912 occasione
2223 883 2264 912 vel
2274 884 2322 914 sub
2340 890 2358 910 *ί-
2378 892 2433 922 xx,

1265 914 1371 943 umbra
1387 913 1565 952 aliquorum,
1583 924 1648 952 quae
1663 915 1783 954 superius*
1799 915 1873 946 dieta
1889 916 1967 956 sunt,
1983 928 2030 948 aut
2044 921 2163 950 aliorum
2181 931 2243 958 quae
2262 921 2324 953 fuis-
2347 939 2407 966 34²-

1265 949 1324 981 sent
1339 961 1386 982 aut
1401 951 1458 983 dici
1472 952 1584 989 possent
1597 953 1676 984 fuisse
1690 964 1739 991 per
1753 954 1844 993 ipsum
1855 964 1901 985 aut
1918 956 1978 986 suos
1991 965 2108 996 quoquo
2123 959 2213 989 modo
2231 959 2326 998 Dicta,

1263 988 1367 1027 Faeca,
1391 1000 1438 1021 aut
1458 989 1636 1029 Perpetrata,
1654 993 1787 1031 quamdiu
1810 993 1858 1029 ipsi
1879 993 2033 1025 Adversarii
2051 996 2155 1035 nostri,
2173 1006 2203 1027 ut
2225 998 2326 1035 praedi-

1264 1026 1345 1057 &um
1366 1029 1424 1067 est,
1443 1029 1471 1059 in
1495 1030 1598 1061 eodem
1619 1030 1734 1061 Ducatu
1757 1030 1854 1061 nostro
1871 1033 2039 1072 viguerunt,
2065 1046 2141 1065 nunc
2160 1036 2205 1066 vel
2229 1036 2327 1067 futuris

1263 1068 1457 1105 temporibus,
1476 1067 1609 1098 Personae
1627 1069 1681 1099 suae
1702 1077 1749 1099 aut
1771 1070 1958 1102 Servitoribus
1972 1072 2040 1110 suis,
2060 1074 2103 1103 vel
2119 1076 2147 1103 in
2165 1074 2329 1112 Doniiiiiis,

1263 1101 1376 1141 Terris,
1395 1106 1632 1146 Poss'effionibus,
1652 1107 1782 1145 officim,
1807 1118 1853 1138 aut
1876 1110 2190 1151 Adiiiinistrationibus,
2209 1113 2324 1151 Rebus,

1262 1151 1296 1185 ac
1314 1142 1398 1173 Bonis
1414 1144 1466 1174 suis
1480 1146 1636 1176 mobilibus
1646 1146 1690 1177 vel
1705 1147 1915 1185 immobilibus,
1931 1158 1983 1186 pro
1997 1159 2073 1188 parve
2083 1151 2193 1189 nostra,
2211 1153 2324 1190 aliquod

1263 1181 1312 1225 sibi
1336 1183 1402 1218 poni
1424 1183 1479 1214 five
1500 1185 1558 1215 dari
1578 1184 1669 1222 posset
1691 1184 1874 1215 Disturbium
1894 1197 1940 1217 aut
1961 1187 2200 1228 lnipedimentum
2216 1213 2225 1229 ,
2249 1190 2327 1230 quod

1261 1228 1287 1248 ei
1314 1222 1518 1256 permaximum
1543 1224 1642 1253 cedere
1664 1223 1754 1261 posset
1778 1223 1999 1263 Praejudicium,
2030 1227 2215 1267 Dimpnum‚
2242 1239 2327 1267 atque

1266 1257 1447 1297 Gravamen,
1463 1260 1513 1290 nisi
1526 1262 1618 1291 nostra
1639 1261 1751 1300 Regalis
1772 1263 1934 1294 Amfioritas
1952 1265 2030 1302 super
2051 1266 2104 1295 hiis
2123 1267 2158 1296 de
2182 1267 2326 1298 Remedio

1267 1297 1293 1325 ei
1309 1298 1467 1340 provideret
1483 1307 1643 1337 oportunO,
1660 1300 1736 1340 quod
1756 1310 1790 1331 ex
1812 1302 1921 1340 speciali
1936 1304 2031 1333 nostra
2053 1304 2155 1335 Gratia
2178 1305 2327 1336 humilime

1266 1334 1416 1372 postulavit
1432 1337 1482 1366 sibi
1498 1338 1630 1376 impartiri
1640 1360 1649 1375 ,

1304 1373 1345 1416 Ea
1368 1383 1494 1413 propter,
1513 1376 1735 1406 consideratione
1755 1376 1992 1418 Praemissorum,
2012 1380 2094 1419 Nos,
2120 1382 2156 1412 de
2176 1382 2330 1413 Praemiffis

1264 1411 1299 1441 ad
1318 1412 1512 1455 sufficientiam
1531 1415 1688 1452 informati,
1707 1417 1740 1445 ἃ
1760 1425 1873 1454 propter
1895 1418 1958 1447 alias
1977 1420 2095 1450 diversas
2119 1420 2221 1451 Causas
2243 1431 2327 1459 atque

1265 1449 1512 1482 Considerationes
1527 1453 1667 1483 Animum
1682 1454 1810 1483 nostrum
1829 1456 1862 1484 ad
1878 1455 1933 1486 hoc
1953 1459 2151 1489 rationabiliter
2166 1469 2324 1499 moventeS,

1264 1499 1297 1520 ex
1320 1498 1425 1520 matura
1443 1491 1642 1522 deliberatione
1657 1490 1786 1522 Concilii
1801 1494 1887 1523 nostri
1896 1516 1906 1533 ,
1923 1495 1959 1525 de
1973 1494 2075 1527 Gratia
2091 1497 2183 1528 nostra
2198 1498 2324 1539 speciali,

1265 1537 1340 1558 certa
1361 1528 1499 1566 Scientia,
1517 1539 1550 1560 ac
1571 1530 1743 1568 plenitudine
1756 1531 1903 1562 Potestatis
1920 1533 2103 1567 Audieritatis
2118 1535 2238 1576 Regice,
2254 1548 2327 1574 prae-

1265 1568 1448 1597 nominatum
1472 1570 1584 1598 Petrum
1606 1570 1637 1598 de
1660 1567 1870 1607 Mountferrant
1887 1572 2083 1611 Armigerum,
2106 1574 2279 1615 Recepimus
2293 1578 2327 1607 &

1264 1603 1426 1647 Posuimus,
1446 1606 1668 1645 Recipimusque
1690 1608 1723 1638 ὃς
1744 1608 1883 1639 Ponitnus
1907 1620 1956 1648 per
1973 1611 2136 1651 Praesentes,
2154 1615 2185 1644 in
2202 1615 2329 1645 nostram

1263 1645 1412 1681 specialem
1430 1644 1574 1684 Gratiam,
1593 1645 1826 1677 Benevolentiam
1836 1670 1845 1685 ,
1865 1649 1898 1679 ὅτ.
1912 1649 2050 1681 Favorem
2060 1673 2069 1688 ,

1303 1682 1491 1714 Restituendo
1505 1684 1599 1722 ipsum
1614 1685 1649 1715 ad
1664 1687 1762 1716 omnia
1778 1687 1811 1718 &
1829 1696 2016 1726 quzecumque
2032 1689 2076 1719 sua
2088 1688 2330 1729 Dominiasseo*

1264 1720 1315 1759 da,
1336 1721 1436 1760 Villas,
1455 1722 1574 1762 Castra,
1593 1724 1710 1763 Terras,
1727 1724 1925 1763 Tenementa,
1945 1726 2144 1765 Poffeffiones,
2158 1727 2236 1766 Jura,
2252 1728 2330 1758 Prae-

1263 1762 1443 1800 eminentias,
1459 1763 1493 1792 &
1511 1763 1728 1802 Praetogativas,
1747 1762 1872 1802 Officia,
1892 1765 2172 1804 Administrationes,
2193 1765 2271 1796 Bona
2284 1767 2328 1797 sta

1265 1799 1383 1830 mobilia
1397 1801 1430 1831 &
1447 1801 1622 1838 immobilia,
1632 1811 1700 1831 cum
1714 1801 1766 1832 suis
1780 1801 1957 1833 Pertinenuis
1971 1805 2004 1835 &
2021 1805 2253 1843 Appendentibus
2268 1815 2331 1843 qui-

1264 1837 1457 1877 buscumque,
1478 1849 1541 1876 quae
1557 1839 1617 1877 ipse
1637 1842 1742 1878 Petrus,
1760 1842 1816 1870 tarn
1831 1841 1867 1871 de
1882 1841 1930 1872 suo
1947 1844 2074 1882 proprio,
2092 1845 2179 1881 quarn
2195 1851 2229 1873 ex
2245 1842 2330 1874 Con-

1262 1876 1385 1907 cessione
1405 1878 1447 1908 vel
1469 1877 1560 1908 Dono
1576 1877 1691 1917 Regio,
1709 1879 1785 1916 justo
1801 1880 1903 1910 Titulo
1919 1882 2031 1911 tenebat
2045 1882 2078 1913 &
2095 1881 2265 1920 possidebat,
2283 1882 2329 1913 vel

1262 1923 1359 1945 tenere
1380 1916 1413 1946 &
1430 1916 1568 1956 possidere
1584 1918 1620 1947 de
1635 1919 1741 1947 ratione
1760 1917 1898 1956 debebat,
1914 1920 1942 1948 in
1960 1919 2040 1950 dicto
2059 1921 2146 1950 Anno
2161 1920 2254 1959 Regni
2273 1931 2329 1950 no-

1263 1951 1311 1982 stri
1338 1953 1480 1984 Vicesimo
1501 1965 1600 1993 nono,
1623 1965 1772 1995 antequam
1798 1958 1926 1993 praedi'eti
1952 1958 2105 1988 Adversarii
2128 1958 2216 1990 nostri
2237 1959 2329 1997 ipsum

1263 1991 1413 2023 Ducatum
1437 1992 1567 2024 nostrum
1592 1994 1629 2025 lic
1652 1995 1789 2025 violenter
1809 1997 1984 2034 intraverint,
2002 1998 2035 2027 &
2053 2007 2118 2035 quae
2132 1998 2196 2036 post
2211 1999 2273 2028 haec
2288 2001 2327 2027 ei-

1263 2030 1321 2060 dem
1345 2032 1443 2069 Petro,
1462 2041 1512 2070 per
1535 2032 1745 2064 Succeffioncm
1767 2043 1781 2063 a
1803 2033 1962 2072 Majoribus
1980 2035 2049 2072 suiS,
2068 2036 2111 2067 vel
2133 2036 2238 2066 Titulo
2255 2036 2327 2066 Em-

1259 2070 1374 2107 ptionis,
1394 2070 1484 2108 Doni,
1505 2070 1682 2109 Legationis,
1696 2071 1908 2111 Translationis,
1925 2082 1971 2104 aut
1986 2074 2061 2104 aliter
2074 2075 2267 2113 quovismodo
2281 2076 2323 2112 ju-

1263 2107 1351 2138 ridice
1365 2118 1537 2147 evenerunt,

1301 2146 1350 2178 Ad
1369 2147 1412 2178 illa
1434 2149 1467 2178 ὃ(
1482 2149 1537 2178 illas
1550 2158 1599 2188 per
1614 2150 1697 2188 ipfiim
1713 2151 1841 2187 Petrum,
1859 2150 1892 2180 δε
1910 2149 2086 2181 Successores
2101 2152 2180 2190 suos,
2199 2152 2232 2182 ὃς
2247 2150 2282 2181 ab
2295 2151 2329 2181 il·-

1262 2184 1294 2214 lis
1314 2187 1424 2216 causam
1440 2187 1587 2225 habentes,
1604 2189 1743 2226 perpetuo
1762 2187 1805 2217 vel
1820 2189 1853 2218 ad
1872 2188 1965 2219 Vitam
1982 2190 2122 2220 habendas
2136 2192 2170 2221 ὃς
2186 2190 2329 2228 possiden-

1263 2223 1327 2260 das,
1343 2233 1426 2262 prout
1443 2235 1508 2256 anre
1531 2225 1592 2256 brec
1616 2236 1746 2263 tempora
1768 2226 1917 2265 Habebat,
1933 2228 2082 2265 Tenebat,
2100 2229 2132 2258 &
2147 2228 2326 2265 Poffidebat,

1262 2263 1295 2293 ὃς
1309 2263 1345 2292 de
1360 2263 1430 2301 Jure
1445 2265 1644 2296 rationabiliter
1660 2265 1793 2303 Habere,
1810 2265 1924 2296 Tenere
1934 2289 1943 2304 ,
1960 2267 1993 2297 ὅ(
2009 2266 2149 2297 Possidere
2167 2276 2274 2305 poterat
2290 2268 2324 2298 &

1262 2301 1402 2340 debebat,
1424 2303 1499 2340 juxta
1522 2303 1627 2343 Leges,
1643 2304 1728 2342 Jura,
1746 2303 1779 2333 &
1805 2302 2031 2336 Consuetudines
2050 2305 2178 2344 praedisti
2195 2305 2328 2337 Ducatsis

1263 2340 1366 2378 nostri,
1382 2342 1415 2372 ὃς
1430 2342 1482 2371 illis
1499 2343 1605 2380 semper
1620 2344 1650 2372 in
1666 2342 1802 2372 omnibus
1818 2343 2013 2374 inviolabiliter
2027 2343 2192 2383 observatis,

1302 2378 1348 2409 Ad
1374 2389 1438 2417 quae
1460 2381 1555 2410 omnia
1576 2382 1610 2411 δε
1633 2381 1735 2420 singula
1755 2379 1851 2417 [psum
1870 2382 1976 2412 realiter
1994 2381 2028 2412 &
2042 2381 2078 2413 de
2092 2382 2169 2412 facto
2188 2382 2324 2414 Restitui-

1263 2426 1343 2455 mus,
1362 2418 1395 2448 &
1418 2428 1499 2458 quae,
1519 2420 1547 2449 in
1565 2428 1702 2457 quantum
1717 2427 1859 2456 oporteret
1872 2429 1917 2450 aut
1931 2430 2002 2459 opus
2017 2422 2043 2451 ei
2059 2421 2161 2459 fuerit,
2178 2422 2228 2452 sibi
2242 2421 2325 2453 Con-

1262 2455 1405 2487 firmamus
1427 2457 1461 2488 de
1482 2457 1595 2496 Novo,
1624 2457 1840 2495 Concedimus,
1861 2457 2063 2497 Conferimus‚
2081 2459 2114 2490 &
2137 2460 2173 2490 de
2192 2461 2327 2498 praedicta

1263 2494 1364 2525 Gratia
1388 2496 1482 2526 nostra
1497 2496 1647 2526 Donamus
1663 2506 1712 2534 per
1728 2495 1891 2535 praesenteS,
1907 2497 2010 2536 absque
2024 2508 2078 2536 qua
2091 2498 2261 2537 occasione,
2279 2507 2327 2531 aut

1261 2533 1312 2563 sub
1332 2534 1435 2564 umbra
1452 2534 1685 2573 Praemifforum,
1704 2544 1751 2566 aut
1765 2535 1920 2573 aliquorum
1935 2536 2123 2575 eorumdem,
2141 2537 2224 2567 eidem
2245 2540 2327 2568 Petro

1261 2571 1441 2613 supplicanti,
1456 2581 1502 2604 aut
1525 2573 1736 2604 Successoribus
1755 2573 1823 2611 suis,
1841 2573 1870 2603 in
1892 2573 2023 2614 Corpore
2044 2575 2087 2605 vel
2109 2577 2138 2605 in
2160 2575 2260 2607 Rebus
2275 2577 2328 2608 suis

1262 2611 1375 2648 aliquod
1393 2620 1513 2649 ponatur
1535 2621 1581 2642 aut
1596 2613 1726 2643 inferatur
1742 2611 1986 2650 Impedimentum
2003 2614 2047 2645 vel
2065 2613 2263 2653 Disturbium,
2281 2623 2328 2647 aut

1263 2658 1362 2679 contra
1382 2660 1431 2680 eos
1453 2650 1502 2681 ista
1519 2651 1669 2682 occasione
1688 2651 1809 2691 aliqualis
1828 2649 1876 2681 fiat
1900 2651 1990 2682 Aetio
2006 2652 2062 2683 sive
2075 2651 2220 2691 Imperitio
2235 2655 2264 2684 in
2277 2654 2329 2694 Ju-

1263 2689 1341 2718 dicio
1357 2690 1399 2719 vel
1415 2698 1489 2720 eiitra
1499 2713 1508 2727 ,

1303 2727 1380 2766 Quae
1389 2727 1412 2756 F
1413 2728 1473 2758 adia
1485 2727 1720 2767 suprascripta,&
1733 2728 1783 2759 alia
1797 2739 1861 2768 quae
1870 2728 1903 2760 ea
1918 2728 2068 2760 occasione
2079 2738 2329 2768 evenerunt,cum

1263 2764 1314 2795 suis
1335 2765 1565 2798 Circumstantiis
1588 2767 1737 2805 universis,
1755 2768 1839 2798 eidem
1857 2771 1940 2798 Petro
1965 2768 2165 2807 Quitavimus,
2186 2769 2329 2800 Pardona-

1263 2806 1374 2843 vimus,
1390 2806 1423 2835 ὃς
1444 2803 1633 2844 Remisimus,
1659 2806 1828 2845 Qiitamus‚
1847 2806 2054 2845 Pardonamus‚
2074 2807 2277 2846 RemittimuS,
2294 2809 2328 2839 δε

1262 2844 1375 2882 penitus
1392 2844 1570 2881 Abolemus,
1588 2844 1624 2874 de
1641 2844 1774 2881 praedicta
1788 2845 1881 2876 nostra
1897 2845 2014 2884 Gratia,
2033 2856 2082 2886 per
2096 2846 2259 2886 praesentes,

1304 2882 1379 2912 Non
1401 2882 1578 2913 obstantibus
1591 2883 1815 2923 quibuscumque
1829 2883 2000 2923 juramento
2015 2884 2061 2914 vel
2072 2884 2257 2923 Juramentis,
2278 2894 2327 2924 per

1264 2920 1355 2957 ipsum
1377 2920 1461 2951 dietis
1476 2921 1646 2952 Adversariis
1659 2923 1688 2951 in
1707 2921 1760 2952 hac
1776 2931 1850 2961 parte
1866 2923 1946 2953 saetis
1963 2924 1996 2953 &
2015 2923 2150 2960 praestitis,
2162 2923 2325 2954 dummodo

1264 2959 1342 2997 super
1365 2959 1415 2989 hiis
1438 2970 1454 2990 a
1477 2960 1527 2990 suo
1544 2959 1664 2990 Praelato
1679 2969 1726 2990 aut
1741 2961 1795 2991 alio
1813 2962 1847 2992 ad
1863 2961 1921 2992 hoc
1937 2960 2111 2992 potestatem
2127 2961 2248 2992 habente
2265 2963 2328 2992 fue-

1264 2998 1298 3027 rit
1312 2997 1494 3036 dispensatus,
1513 2997 1695 3036 Imponentes
1710 2998 1790 3038 super
1804 3000 1856 3030 hiis
1871 2999 2009 3029 silentium
2022 3008 2176 3038 pepetuum
2188 3000 2327 3031 Procura-

1265 3037 1321 3065 tori
1332 3035 1432 3066 nostro
1449 3036 1575 3074 praesenti
1587 3038 1621 3068 &
1634 3037 1730 3067 futuro
1739 3060 1749 3074 ,

1301 3073 1417 3104 Proviso
1437 3075 1518 3113 quod
1539 3075 1631 3105 didius
1654 3078 1752 3104 Petrus
1766 3075 1802 3105 de
1815 3076 1948 3106 omnibus
1964 3076 1997 3107 ὃς
2013 3076 2123 3116 singulis
2136 3076 2274 3114 praedietis
2287 3076 2322 3107 de

1264 3122 1345 3143 novo
1364 3113 1461 3143 Nobis
1481 3114 1582 3151 faciet,
1601 3115 1628 3142 in
1643 3114 1772 3143 manibus
1788 3114 1876 3144 nostri
1887 3114 1958 3145 dieti
1975 3115 2210 3146 Locumtenentis
2226 3116 2324 3146 Gene-

1265 3151 1342 3190 ralis,
1360 3161 1405 3182 aut
1422 3151 1569 3182 Senescalli
1585 3151 1674 3182 nostri
1691 3152 1887 3190 Aquitanniae‚
1906 3153 1950 3183 vel
1970 3154 2200 3185 Locumtenentis
2215 3155 2323 3184 alterius

1263 3190 1446 3227 eorumdem,
1461 3189 1660 3227 juramentum
1687 3190 1853 3229 Fidelitatis,
1869 3192 1902 3222 ὃς
1924 3192 1973 3221 alia
1993 3192 2155 3230 juramenta
2177 3193 2205 3222 in
2223 3192 2323 3224 talibus

1263 3227 1413 3266 consueta,
1432 3229 1481 3258 nisi
1497 3229 1560 3267 post
1577 3229 1635 3267 ejus
1654 3229 1867 3260 Reduetionem
1886 3230 1997 3268 fecerit,
2100 3266 2103 3267 ⁷

1297 3266 1407 3297 Dantes
1433 3267 1563 3305 praeterea
1591 3267 1763 3298 strictissime
1787 3268 1815 3298 in
1834 3268 1976 3299 Mandatis
1995 3269 2074 3298 dieto
2094 3268 2320 3300 Locumtenenti

1260 3305 1381 3344 nostro,
1409 3305 1554 3336 Gentibus
1571 3305 1696 3336 Concilii
1720 3306 1808 3336 nostri
1828 3306 2014 3346 Burdegaliae,
2040 3306 2197 3337 Senescallis
2220 3307 2320 3339 nostris

1260 3345 1438 3381 Aquitanniae
1460 3345 1493 3375 ὃς
1513 3344 1687 3382 Laudarum,
1706 3345 2033 3384 caeterisquejusticiariis
2047 3346 2079 3374 &
2097 3344 2250 3376 Officiariis
2264 3354 2320 3377 no-

1260 3382 1340 3422 stris,
1354 3391 1400 3412 aut
1421 3392 1521 3413 eorum
1549 3383 1823 3414 Locumtenentibus
1843 3384 2018 3423 praesentibus
2033 3383 2064 3412 ὃ(
2079 3382 2194 3422 futuris,
2211 3385 2245 3415 &
2266 3395 2318 3415 eo-

1259 3431 1324 3452 rum
1348 3421 1479 3460 cuilibet,
1500 3430 1584 3459 prout
1604 3422 1637 3451 ad
1661 3431 1728 3451 eum
1751 3423 1927 3459 pertinuerit,
1945 3431 1992 3459 per
2008 3423 2169 3461 praesentes,
2187 3422 2315 3460 quatinus

1252 3461 1412 3499 praedidlum
1432 3461 1560 3498 Petrum,
1578 3459 1728 3498 Haeredes,
1747 3461 1779 3491 ὃς
1796 3460 1974 3490 Successores
1993 3458 2070 3496 suos,
2088 3469 2120 3489 ac
2135 3462 2171 3490 ab
2183 3461 2233 3492 illis
2248 3472 2314 3493 cau-

1256 3499 1312 3530 sam
1326 3499 1461 3529 habentes
1476 3499 1509 3528 &
1525 3499 1685 3536 habituros,
1702 3508 1734 3529 ac
1749 3508 1849 3529 eorum
1866 3497 2016 3535 quemlibet
2030 3497 2066 3527 de
2078 3497 2179 3529 nostris
2192 3501 2312 3539 praesen-

1254 3539 1274 3569 ti
1295 3537 1502 3568 Pardonatione
1516 3558 1525 3573 ,
1551 3537 1740 3574 Remissione,
1761 3535 2006 3578 Confirmatione,
2022 3535 2204 3576 Abolitione,
2231 3538 2314 3569 Con-

1253 3576 1392 3614 ceffione,
1409 3584 1492 3612 atque
1508 3576 1584 3605 nova
1598 3575 1765 3605 Donatione
1780 3575 1896 3612 pacifice
1915 3574 1947 3604 ὃς
1960 3576 2054 3612 quiete
2067 3579 2205 3614 perperuo
2226 3578 2263 3607 uti
2277 3577 2312 3608 &

1254 3615 1374 3654 gaudere
1388 3614 1492 3643 faciant
1504 3614 1536 3643 &
1552 3615 1710 3651 permittant
1719 3635 1729 3650 ,

1290 3653 1347 3690 Et,
1365 3652 1384 3682 si
1405 3651 1500 3689 (quod
1524 3652 1611 3686 absit)
1627 3652 1729 3688 aliquid
1750 3651 1777 3678 in
1796 3650 1966 3680 contrarium
1979 3649 2087 3682 fastum
2104 3653 2148 3683 vel
2158 3660 2307 3690 attempta-

1251 3700 1314 3722 tum
1335 3692 1430 3726 fuerit,
1450 3689 1477 3718 id
1493 3689 1527 3718 ad
1546 3689 1693 3726 pristinum
1710 3689 1742 3718 &
1758 3689 1887 3717 debitum
1902 3688 2010 3719 Statum
2026 3690 2137 3720 indilate
2152 3700 2256 3728 ponant
2270 3692 2304 3721 &

1252 3731 1399 3765 reducant,
1417 3736 1461 3757 aut
1479 3728 1545 3764 poni
1560 3727 1592 3756 ὃς
1609 3727 1702 3756 reduci
1720 3726 1822 3756 faciant
1837 3736 1884 3763 per
1893 3726 2029 3765 Judicem
2043 3737 2274 3766 competentem,

1290 3770 1305 3785 ¹*
1323 3766 1435 3805 Quod,
1452 3775 1481 3795 ut
1505 3774 1672 3802 perpetuum
1695 3763 1797 3793 Robur
1821 3764 1972 3797 Firmitatis
1989 3769 2130 3804 obtineat,
2151 3766 2304 3798 Praesentae
2324 3780 2340 3797 ᾳ
2360 3781 2403 3811 XI

1249 3806 1355 3837 Literas
1377 3804 1464 3843 Sigilli
1487 3803 1574 3832 nosti-i
1597 3803 1717 3832 fecimus
1736 3803 1902 3846 appensione
1921 3806 2042 3843 muniri,
2058 3806 2085 3834 in
2100 3806 2233 3835 omuibus
2246 3805 2305 3837 aliis
2320 3826 2385 3856 343·
2405 3803 2412 3813 ’

147 3835 315 3859 mentorum
328 3828 518 3865 Bellicorum,
536 3835 600 3858 ante
615 3828 720 3859 Villam
735 3831 812 3861 illam
832 3831 994 3870 posuerunt,
1013 3833 1046 3863 &
1066 3835 1100 3864 ad
1121 3836 1205 3873 ipsam
1246 3845 1322 3876 salvo
1333 3844 1402 3882 Jure
1418 3842 1514 3872 nostro
1529 3842 1562 3871 &
1577 3841 1686 3870 alterius
1699 3842 1909 3880 cujuscumque,

147 3867 296 3898 crudeliter
317 3865 514 3897 Invadendum
537 3866 746 3906 applicuerunt,
764 3870 794 3899 in
816 3877 925 3899 tantum
945 3870 1041 3908 quod,
1061 3872 1153 3904 Muris
1170 3875 1204 3905 &

147 3902 240 3935 Portis
255 3905 378 3943 eJusdem
396 3905 471 3936 Loci
485 3905 519 3935 ad
532 3903 653 3934 Terram
667 3906 825 3944 prostratis,
843 3908 914 3938 dieti
928 3908 1085 3940 Adversarii
1099 3912 1205 3952 nostri,

144 3943 209 3979 post
221 3943 256 3973 ali
278 3953 329 3974 uos
343 3944 419 3981 dies,
438 3943 553 3974 Locum
566 3943 645 3972 illum
660 3953 707 3981 per
719 3944 853 3975 Insultum
870 3946 1045 3985 Pungnando
1056 3949 1206 3992 intrarunt,

142 3980 173 4010 iri
187 3990 246 4021 quo
291 3982 339 4013 &u
351 3981 441 4013 Multi
454 3984 491 4013 de
505 3980 604 4012 nostris
619 3980 776 4013 adversante
789 3983 914 4015 Fortuna
922 3984 1066 4017 Interfecti
1081 3987 1202 4028 fuerunt,

140 4017 175 4050 &
191 4019 368 4058 quamplures
381 4022 493 4052 viriliter
509 4020 689 4057 Pungnando
707 4021 855 4051 Prilonarii
870 4021 954 4063 Capti
975 4024 1036 4055 sunt
1047 4048 1058 4064 ,
1076 4027 1109 4057 ὃ(
1126 4027 1199 4058 inter

139 4066 262 4089 caeteros
276 4058 366 4088 dictus
379 4059 543 4098 Supplicans
561 4059 657 4089 Vitam
671 4059 745 4090 suam
759 4061 804 4089 vix
818 4059 917 4090 salvam
932 4061 1028 4093 babuit
1037 4086 1046 4100 ,

170 4097 226 4137 Set
235 4097 388 4137 postquam
402 4098 478 4130 dieta
495 4097 602 4130 Civitas
621 4098 716 4129 nostra
734 4097 904 4137 Burdegaliae
921 4100 955 4132 &
969 4102 1042 4138 quasi
1061 4109 1136 4132 totus
1150 4102 1197 4134 ille

1283 3882 1563 3957 Iq‘gsl'gliieggcapud
1578 3915 1852 3957 Wstmonasterium,
1872 3919 2008 3950 vicesimo
2022 3926 2123 3955 quarto
2137 3918 2185 3950 die
2197 3919 2276 3957 Julii.

1557 3993 1611 4023 Per
1628 3995 1720 4024 Breve
1737 3994 1771 4025 de
1789 3996 1908 4025 Privato
1926 3993 2037 4032 Sigillo,
2055 3993 2116 4030 &c-

1268 4068 1280 4091 1

1714 4136 1782 4179 G3
2244 4143 2299 4171 Pro
