2555 4266
192 364 226 394 In
241 366 340 404 cujus,
357 366 418 397 &c-
437 366 523 405 usque
537 376 574 398 xv
600 367 690 398 Diem
713 366 811 399 Martii
829 369 965 407 proximo
987 368 1116 400 futurum
1137 369 1221 400 dura—

726 165 836 207 ET
917 167 1185 211 ACTA
1268 169 1749 221 PUBLICA;
2243 201 2322 243 157

9 249 137 285 ΔΝΜ).
154 248 304 280 Demerita
325 248 472 288 puniatur,
489 248 590 282 nostro
612 249 740 289 praesenti
762 250 838 285 salvo
862 252 1021 286 Condu&u
1040 255 1134 294 quoad
1149 255 1219 286 alios

27 290 114 330 1484.
154 290 184 319 in
199 288 249 319 suo
263 288 368 318 robore
383 298 572 326 permanente.

9 332 60 357 Ric-
79 338 105 367 3.
194 326 232 357 Et
244 326 310 357 ideo
324 326 408 358 vobis
422 325 611 364 Mandamus,
626 329 686 359 &c.

153 411 237 435 tutas.

191 487 283 519 Teste
305 488 389 529 Rege
410 489 484 538 apud
507 489 763 530 Wstmonaflerium
777 512 786 528 ,
812 488 1052 529 vicesimonono
1079 488 1125 520 die
1147 487 1218 519 No-

155 527 288 560 vembris.

154 694 264 701 §—

5 766 27 788 0
44 768 115 797 ΧΠ..

4 815 69 841 252.

2 845 81 874 Ann.
95 844 138 877 D.
158 840 241 896 RE

24 883 103 923 1484

789 603 843 633 Per
855 601 940 642 ipficm
951 606 1056 642 Regem.

299 745 325 773 ³*
351 751 404 782 De
425 744 603 780 ‘Trat‘lanllo
625 755 694 776 cum
721 744 933 791 Commiffariis
955 748 1068 780 Scotiae.

244 840 275 872 X
291 840 452 878 Omnibus,
469 836 505 868 ad
518 847 606 876 quos,
624 837 684 868 ὅτε.
705 836 839 868 Salutem.

254 879 352 909 Sciatis
375 877 456 915 quod
471 900 482 916 ,
506 878 548 907 ob
568 885 655 907 certas
679 877 855 907 rationabiles
879 877 913 908 δε
932 884 1064 915 urgentes
1085 877 1212 922 Causas,

0 924 53 950 An.
74 908 113 954 2..
154 916 223 947 Nos
246 917 279 947 &
296 915 467 946 Concilium
484 915 614 946 nostrum
628 923 795 952 moventeS,
812 912 1037 955 Affignavimus,
1055 916 1214 955 Deputavi-

0 962 27 988 R.
50 969 76 997 3,
152 965 235 994 mus,
252 955 285 985 &
307 954 529 992 Ordinavimus,
548 953 731 984 Praedileetos
754 954 788 984 ὃ(
808 954 915 985 Fideles
934 955 1067 993 nostros,
1084 955 1213 993 Humsri-

0 998 65 1027 uid.
148 994 212 1024 dum
234 995 379 1023 Dominum
400 996 520 1032 Dacres,
535 992 681 1022 Ricardum
700 992 733 1021 de
754 991 882 1031 Salkela',
906 992 1067 1032 Johannem
1086 994 1119 1023 de
1143 998 1211 1023 Cra-

147 1030 292 1070 kenthorp,
310 1032 343 1063 &
369 1031 548 1062 Willielmum
573 1031 605 1061 de
623 1030 774 1069 Musgrave
793 1041 845 1069 pro
862 1031 1000 1062 Marchiis
1014 1031 1209 1063 Occidentali—

147 1070 200 1100 bus
221 1070 314 1101 versus
331 1069 477 1108 Scotiam,
493 1081 526 1101 ac
551 1072 697 1100 Henricum
719 1071 800 1107 Percy
823 1069 965 1108 Militem,
991 1069 1120 1100 Thomam
1139 1074 1194 1100 Gre

145 1107 293 1147 Militem,
311 1108 467 1146 Johannem
483 1109 516 1139 de
531 1106 711 1148 Cortyngton,
729 1108 876 1138 Robertum
889 1108 1080 1148 Cobugwode,
1098 1110 1132 1140 ὃς
1151 1109 1209 1147 Jo-

144 1145 264 1177 hannem
282 1147 417 1186 Lilborn,
444 1159 498 1186 pro
525 1147 718 1178 Orientalibus
740 1147 773 1178 &
797 1146 905 1178 Mediis
926 1147 1063 1177 Marchiis
1081 1148 1208 1185 ibidem,

144 1185 258 1216 nostros
279 1196 363 1217 veros
388 1188 421 1217 &
443 1187 614 1218 indubitatos
644 1184 866 1216 Commiflarios
881 1207 892 1224 ,
919 1185 1120 1217 Procuratores
1136 1209 1146 1224 ,
1173 1187 1206 1217 δε

144 1223 178 1254 Ν
183 1225 282 1254 uncios
296 1224 425 1262 speciales
435 1249 444 1262 ‚

181 1262 290 1294 Dantes
310 1264 344 1294 &
371 1262 572 1294 Concedentes
588 1261 691 1293 eisdem
701 1284 710 1300 ,
726 1261 905 1300 conjunfflm
921 1263 955 1293 δε
971 1262 1082 1293 divisim
1094 1285 1103 1300 ,
1122 1262 1207 1294 Pote-

141 1299 240 1332 statem
253 1302 411 1341 generalem
430 1303 463 1333 &
477 1300 647 1332 Mandatum
660 1301 795 1338 speciale,
815 1311 868 1338 pro
890 1300 990 1331 Nobis
1013 1302 1047 1332 &
1071 1301 1208 1333 Nomine

141 1340 260 1379 nostro,
277 1351 347 1372 cum
364 1339 572 1371 Commiffiiriis
586 1339 632 1370 seu
649 1339 854 1370 Commissario
874 1339 1044 1370 Sereniffimi
1067 1339 1206 1379 Principis

145 1376 356 1418 consanguinei
374 1378 462 1409 nostri
484 1377 627 1409 Cariffimi
644 1377 745 1417 Jacobi
760 1381 838 1415 Regis
850 1382 999 1417 Scotorum,
1017 1378 1205 1410 sufficientem

142 1417 179 1448 ad
202 1416 373 1455 Infrascripta
395 1416 569 1448 Potestatem
591 1416 757 1447 habentibus
776 1416 821 1447 seu
842 1417 980 1455 habente,
1007 1417 1042 1447 de
1064 1419 1097 1448 &
1123 1418 1204 1456 super

143 1455 269 1495 Treugis
281 1458 315 1488 δε
330 1455 515 1487 Abstinentiis
527 1455 703 1486 Guerrarum
739 1455 811 1485 inter
827 1454 929 1495 Regna
944 1455 1055 1493 Angliae
1071 1457 1105 1487 &
1129 1456 1204 1487 Sco-

142 1495 208 1532 tiae,
227 1504 280 1532 pro
295 1495 390 1533 aliquo
404 1495 588 1525 convenienti
603 1494 637 1524 &
649 1503 700 1523 mo
723 1500 799 1524 erato
812 1502 957 1532 tempore,
977 1494 1048 1524 sicut
1061 1495 1132 1524 inter
1154 1505 1204 1526 eos

142 1534 248 1569 poterit
267 1533 455 1570 concordari,
475 1532 602 1563 ineundis
622 1533 656 1563 &
675 1531 871 1574 obseryandis,
890 1532 1063 1571 TraCtandi,
1082 1532 1205 1566 Conve-

140 1570 252 1608 niendi,
270 1568 492 1606 concordandi,
511 1572 545 1602 &
560 1569 784 1607 Concludendi,

177 1607 219 1639 Ita
232 1609 329 1648 quod,
347 1609 465 1641 durante
480 1608 631 1646 Tempore
645 1608 824 1646 hujusmodi,
839 1607 948 1640 ceffent
966 1608 1091 1640 Hostilia
1111 1610 1201 1642 Arma

137 1646 266 1686 ubique,
284 1649 345 1678 tarn
360 1657 410 1686 per
421 1647 543 1678 Terram
559 1646 646 1685 quam
660 1655 710 1684 per
730 1644 832 1684 Mare,
851 1647 924 1678 inter
942 1647 1079 1679 Subditos
1101 1651 1203 1680 utrius-

139 1695 199 1725 que
219 1685 342 1724 Regni,
369 1687 405 1718 &
427 1685 476 1724 ipsi
498 1685 552 1716 sese
574 1684 702 1717 invicem
725 1687 830 1716 mutuis
849 1686 993 1718 favoribus
1015 1688 1205 1728 pertractent,

137 1724 387 1760 quemadmodum
415 1723 603 1762 superioribus
630 1723 721 1754 Annis
737 1747 747 1761 ,
776 1724 893 1762 quando
921 1727 994 1757 inter
1017 1727 1074 1764 ipsa
1099 1726 1202 1766 Regna

137 1762 263 1802 Treugae
285 1763 321 1795 &
345 1762 534 1794 Abstinentiae
556 1761 716 1801 hujusmodi
737 1762 842 1794 habitae
863 1763 941 1802 sunt,
966 1764 1061 1796 facere
1081 1768 1202 1797 consue-

131 1811 236 1834 verunt

171 1825 390 1878 Promittentee,
408 1839 440 1870 in
462 1839 565 1871 Verbo
579 1839 692 1879 Regio,
709 1838 779 1871 Nos
798 1839 908 1871 Ratum
925 1841 959 1872 &
977 1840 1102 1873 Gratum
1120 1843 1202 1874 habi-

133 1887 213 1912 turos
225 1879 361 1918 quicquid
373 1888 424 1917 per
437 1878 530 1909 dietus
542 1877 765 1910 Commissarios
777 1879 889 1910 nostros
901 1880 947 1911 {eu
957 1889 1061 1912 eorum
1074 1882 1200 1920 aliquem

134 1919 166 1950 in
182 1919 275 1949 forma
287 1917 446 1956 praemissa,
465 1916 592 1956 Auum,
610 1915 752 1956 Gestum,
771 1917 980 1957 conventum,
998 1920 1044 1951 seu
1067 1920 1200 1952 Conclu-

132 1957 194 1990 sum
209 1957 294 1988 fuerit
307 1957 336 1987 in
357 1955 528 1995 Praemiffis,

171 1994 308 2027 Volentes
322 1993 404 2034 quod
418 1994 512 2025 statim
521 2017 531 2033 ,
549 1995 635 2033 captis
648 1994 682 2026 &
695 1994 836 2026 conclufls
849 1994 972 2036 Treugis
985 1997 1019 2029 &
1044 1996 1198 2030 Abstinen-

131 2034 176 2066 tiis
200 2033 361 2072 hujusmodi
383 2033 451 2064 fiant
474 2032 717 2065 Proclamati'ones
735 2033 851 2072 publice
872 2035 931 2065 tam
953 2036 981 2066 in
1007 2035 1149 2068 Confiniis
1162 2047 1195 2067 u-

133 2071 256 2112 triusque
270 2071 366 2112 Regni
381 2081 434 2111 per
443 2071 585 2110 Terram,
604 2073 691 2111 quam
708 2073 738 2102 in
754 2071 896 2103 Portubus
912 2072 1020 2112 Maris,
1038 2075 1072 2106 &
1088 2076 1116 2105 in
1139 2075 1197 2107 aliis

133 2110 227 2143 Locis
243 2111 292 2142 ubi
308 2111 459 2148 expediens
474 2110 631 2155 videbitur,
649 2120 703 2150 pro
720 2109 800 2141 firma
821 2111 855 2144 &
880 2112 1038 2144 inviolabili
1052 2113 1195 2146 Observa-

131 2151 211 2182 tione
229 2149 412 2187 earumdem,
426 2148 477 2179 sub
492 2148 583 2180 Poena
596 2149 792 2187 incumbenti,

173 2188 219 2219 Ad
233 2197 298 2226 quae
311 2188 410 2219 omnia
421 2187 570 2227 diligenter
582 2188 745 2227 exequenda
760 2188 842 2219 distis
863 2186 1071 2221 Commiffariis
1091 2190 1195 2223 nostris

130 2225 165 2258 &
187 2237 287 2258 eorum
305 2226 421 2258 cuilibet
438 2226 539 2257 damus
558 2225 728 2266 plenariam,
746 2226 870 2258 Tenore
882 2226 1087 2267 Praesentium,
1107 2229 1194 2262 Pote-

130 2264 249 2334 stategij,
265 2264 388 2334 s{reviso
401 2264 480 2304 quod
495 2273 530 2296 ex
544 2263 628 2296 Parte
638 2265 745 2297 Scotiae
756 2265 939 2298 consimiliter
953 2266 1002 2299 fiat
1014 2268 1192 2301 in.omnibus

129 2312 163 2335 ut
175 2314 191 2334 e
231 2314 262 2342 Ju
289 2313 353 2342 um,
477 2316 480 2317 ⁷
543 2315 545 2318 ’
674 2318 677 2319 ’

165 2341 201 2374 In
215 2343 312 2382 cujus,
330 2343 392 2374 &c.

164 2428 255 2462 Teste
268 2428 357 2469 Rege
369 2429 450 2469 apud
459 2427 734 2472 Wstmonasterium,
748 2419 874 2463 seeundo
886 2430 933 2462 die
946 2430 1129 2466 Decembris.

164 2513 336 2547 Confimsses
359 2514 465 2547 Literas
485 2515 573 2555 Regis
593 2514 724 2549 Patentes
742 2496 852 2549 habent·
868 2516 998 2549 Personae
1008 2518 1193 2559 supradietae,

125 2551 177 2584 sub
193 2552 269 2586 Data
283 2555 318 2586 &
331 2554 439 2585 Forma
450 2555 601 2593 praediolis.

435 2701 495 2733 Pro
519 2699 655 2745 Epifiopo
676 2698 877 2742 Dunelmenst.

228 2792 301 2827 To
329 2804 424 2828 ’τι-ιε
451 2793 595 2828 Kame,
624 2804 719 2827 oua
744 2794 907 2828 Linon
932 2795 1090 2833 Lonn.

126 2890 168 2925 M
182 2900 200 2923 E
213 2902 238 2923 Μ
253 2901 276 2924 o
289 2901 311 2924 R
328 2900 348 2922 A
362 2900 387 2922 N
400 2901 425 2923 D
439 2900 462 2922 u
475 2900 504 2922 M
526 2888 609 2937 quod
617 2917 628 2932 ‚
653 2887 826 2924 duodecimo
844 2892 904 2924 Die
922 2892 1098 2928 Decembris
1116 2898 1187 2929 An-

170 2951 207 2971 no
227 2941 322 2985 Regni
341 2941 427 2984 Regis
443 2936 576 2972 Ricardi
593 2938 698 2973 Tertii
718 2937 868 2982 Secundo,
891 2938 947 2982 ista
963 2943 1042 2975 Billa
1059 2942 1188 2979 liberata

162 2986 232 3033 fuit
265 2989 396 3069 DZtino
427 2988 611 3021 Cancellario
637 2986 754 3034 Angliae
782 2986 866 3033 apud
902 2987 1188 3036 Wstmonasterium

167 3047 298 3082 exequen
343 3059 353 3069 .

0 3150 109 3183 mn.
124 3128 174 3191 P

0 3190 92 3237 ,¹484-
126 3205 169 3236 w

0 3314 17 3331 x
34 3309 105 3333 Run-

0 3342 22 3371 Ἰ.
36 3343 106 3380 infra

0 3383 79 3409 ‘urrim

0 3420 52 3447 ond.
59 3429 75 3447 n
80 3442 87 3448 .

0 3456 24 3485 3.
124 3444 210 3504 RE

0 3500 85 3534 mp.R.

183 3127 210 3160 L
220 3137 239 3160 Ε
254 3137 273 3159 Α
285 3138 324 3161 ss
346 3130 370 3162 it
387 3140 459 3172 your
471 3129 621 3170 Highnes,
638 3129 675 3160 of
685 3139 773 3169 youre
788 3130 886 3163 moost
901 3131 1005 3165 Noble
1020 3134 1116 3168 Grace
1126 3159 1135 3174 ,
1151 3144 1183 3168 to

198 3167 402 3200 Commaunde
428 3179 501 3209 your
527 3168 717 3200 Chaunceller
742 3169 779 3199 of
795 3169 925 3208 England
947 3181 980 3203 to
1003 3172 1093 3206 dire&
1113 3186 1185 3216 your

0 3239 18 3256 n
46 3239 60 3256 2
171 3214 261 3247 rytte‚
278 3207 368 3238 under
387 3217 460 3247 your
480 3207 573 3238 Grete
592 3206 679 3244 Seall,
697 3216 769 3238 unto
788 3209 836 3238 the
857 3208 992 3242 Treibrer
1005 3213 1061 3244 and
1077 3213 1187 3246 Barons

0 3288 6 3294 ι
20 3249 55 3304 ’3.
65 3248 72 3255 ·
124 3244 161 3275 of
169 3254 241 3285 your
255 3244 435 3286 Eschequer,
451 3246 521 3278 after
534 3246 583 3278 the
599 3245 725 3277 Fourme
739 3246 858 3278 herafter
871 3248 1012 3290 ensuyng,

207 3329 266 3382 R.
326 3331 388 3382 R.

214 3445 244 3477 X
257 3445 443 3479 Thesaurario
456 3450 489 3482 &
504 3448 660 3481 Baronibus
671 3448 724 3481 suis
737 3449 774 3481 de
785 3449 952 3493 Scaecario,
970 3453 1104 3486 Salutem.

230 3484 402 3531 Mandamus
417 3489 500 3519 vobis
513 3489 592 3527 quod
606 3510 616 3525 ,
641 3487 777 3527 Receptis
793 3489 829 3520 de
846 3490 1007 3524 Venerabili
1025 3493 1108 3525 Patre
1124 3494 1182 3534 Jo-

121 3522 212 3552 hanne
228 3523 352 3567 Epzsiopo
369 3526 542 3567 Dunolmenfi
556 3527 663 3559 Tribus
680 3527 840 3559 Standardis
852 3529 887 3560 &
905 3530 1031 3564 Novem
1051 3533 1182 3564 Truffel-

120 3561 154 3592 lis
171 3570 275 3600 ruptis,
291 3572 344 3606 pro
361 3562 482 3596 Moneta
493 3564 705 3603 sterlingorum
723 3566 753 3596 in
771 3566 914 3599 Libertate
928 3569 973 3602 sua
993 3570 1092 3610 Regali
1113 3571 1181 3603 Du-

120 3599 260 3630 nolmenfi
275 3599 438 3632 fabricanda
451 3613 540 3642 nuper
554 3604 647 3640 saetis,
659 3604 730 3635 Tria
741 3604 895 3637 standarda
910 3608 944 3638 &
958 3609 1079 3642 Novem
1089 3610 1181 3643 Trus-

120 3638 199 3670 sellos
216 3639 252 3669 de
266 3647 347 3669 novo
362 3637 423 3670 fieri
437 3639 471 3672 δε
478 3639 599 3681 praefato
611 3641 737 3682 Epifiopo
749 3642 860 3675 liberari
871 3644 984 3679 faciatis.

153 3714 244 3747 Teste
253 3737 264 3754 ,
277 3715 338 3746 &c.

6 3770 75 3800 XII.

0 3817 47 3876 οἷς.
57 3846 100 3878 D.

0 3885 75 3924 484.

0 3933 66 3998 ²3?
123 3942 208 4001 RE

0 4005 26 4027 ιε’
40 4009 65 4028 ²⁶
120 4019 243 4052 Dile&o
259 4023 358 4055 Nobis

0 4043 100 4106 ‚32:²-
117 4059 158 4090 <10

453 3850 482 3877 ἓ*
506 3854 555 3887 De
576 3853 720 3902 Indigena
735 3855 834 3902 saffo,

164 4083 174 4099 ,
191 4061 275 4100 quod
293 4062 349 4101 ipse
368 4063 401 4096 fit
421 4064 527 4106 Ligeus
545 4064 642 4097 noster
663 4065 697 4098 ὅ(

210 3944 241 3976 X
257 3946 423 3986 Omnibus,
441 3948 476 3979 ad
492 3958 564 3987 quos
574 3972 584 3987 ,
601 3949 663 3980 &c.
682 3949 815 3982 Salutem.

220 3984 316 4016 Sciatis
340 3987 420 4025 quod
436 3987 522 4034 Nos,
539 3988 575 4018 de
590 3986 690 4019 Gratia
704 3989 799 4035 nostra
815 3989 833 4021 s
846 3991 943 4037 eciali,
961 3993 1180 4038 Conceffimus,

365 4049 374 4063 ‚
391 4025 521 4064 Johanm
533 4026 657 4056 Andreae
675 4030 731 4066 Cyn
755 4052 764 4065 ‚
783 4038 813 4058 in
852 4032 954 4062 artibus
969 4032 1056 4065 Italiae
1071 4035 1182 4068 Oriun-

752 4066 877 4100 aeredurn
892 4069 1073 4112 nostrorum,
1089 4076 1124 4107 ὃς
1148 4075 1181 4107 in

1255 255 1391 287 omnibus
1413 258 1527 297 Cauiis,
1555 261 1703 308 Qierelis,
1726 264 1842 306 Rebus,
1867 266 1901 299 &
1923 267 2051 302 Materiis
2072 271 2295 315 quibuscumque
2328 269 2402 301 Ann-
2418 269 2463 303 D:

1255 293 1325 323 sicut
1349 304 1431 326 verus
1446 300 1486 342 ,δε
1511 299 1598 342 fidelis
1619 302 1725 340 Ligeus
1747 305 1860 344 noster,
1879 308 1948 338 infra
1967 309 2077 340 dietum
2102 310 2242 346 Regnum
2259 301 2313 346 nez
2355 310 2443 350 1484.

1255 330 1343 360 strum
1365 335 1478 371 Angliae
1499 337 1665 378 Oriundus,
1683 344 1716 373 &
1739 352 1797 373 non
1820 344 1897 375 aliter
1917 356 1970 377 nec
1984 350 2040 378 alio
2054 350 2146 380 modo
2159 351 2291 385 habeatur
2323 349 2375 377 Νι·
2397 357 2423 387 3·

1254 371 1455 411 pertraitetur,
1471 383 1612 415 teneatur,
1630 388 1772 417 reputetur
1806 382 1840 413 ὃ(
1856 383 2028 419 gubernetur
2299 378 2310 394 ’

1293 405 1328 437 Et
1353 410 1435 447 quod
1462 412 1517 448 ipse
1539 424 1640 446 omnes
1658 404 1796 461 Aetione's
1815 422 1898 451 reales
1916 446 1925 458 ,
1952 409 2106 460 personales
2120 447 2130 465 ,
2157 427 2190 458 &
2211 430 2311 461 miXtas

1253 443 1356 489 habere
1373 448 1407 477 ὅ(
1425 458 1572 481 excercere
1587 463 1620 483 ac
1638 464 1677 485 eis
1696 457 1818 492 gaudere
1835 458 1938 498 poffit,
1956 471 1989 492 ac
2007 462 2142 495 Placitare
2155 468 2187 497 ὃς
2208 465 2312 507 Imp'a-

1253 488 1702 563 {Lissiis’ffiegissssnn553032dfisse
1713 495 2050 572 &diffinitam
2061 503 2162 572 ’ἔξω
2179 515 2257 552 vesu-⁴
2277 510 2312 540 ἃ

1251 559 1322 598 dus,
2016 549 2073 576 prae
2094 552 2102 571 i
2135 553 2184 574 um
2203 545 2314 577 Oriuna

1291 598 1331 644 Et
1348 599 1431 644 quod
1455 600 1513 646 ipse
1527 602 1631 634 Terras
1668 604 1869 648 Tenementa,
1886 610 2040 652 Redditus,
2057 614 2243 652 Reverfiones
2276 622 2312 654 δε

1250 635 1371 681 Servum
1381 662 1390 676 ,
1403 649 1437 670 ac
1451 640 1513 671 alias
1523 627 1710 687 xPoii‘eflsones
1723 650 1993 687 quaecumque,tam
2010 653 2038 681 in
2055 653 2215 689 Dominico
2223 645 2312 698 qi'iam

1252 685 1281 719 ¹⁰.
1298 676 1489 720 Reverfione,
1509 688 1568 710 tam
1584 682 1654 712 infra
1670 682 1810 721 Regnum
1826 685 1955 718 nostrum
1970 690 2138 726 praedictum
2155 697 2239 733 quam
2260 700 2312 729 ali-

1253 714 1300 752 bi,
1320 715 1390 745 infra
1409 717 1581 749 Potestatem
1602 719 1729 751 nostram
1751 721 1896 760 adquirere
1917 727 1951 756 ὃς
1974 727 2136 761 haereditare
2154 734 2235 769 poffit
2249 736 2313 768 Ha-

1253 753 1346 783 benda
1357 755 1392 786 &
1409 754 1551 787 Tenenda
1565 757 1625 802 Sjbi
1639 760 1672 790 ὅτ
1690 758 1863 793 Haeredibus
1886 762 1940 793 suis
1957 765 2167 805 imperpetuum
2189 774 2234 803 vel
2257 775 2312 807 alio

1252 791 1345 822 modo
1359 802 1548 839 quocumque
1563 796 1642 828 licite
1654 798 1688 829 &
1705 799 1841 837 impune,

1291 829 1330 875 Et
1353 832 1434 877 quod
1456 833 1530 872 ipse,
1549 834 1577 865 in
1599 835 1745 875 futurum,
1764 839 1862 873 colore
1880 836 1926 870 seu
1948 841 2051 878 vigore
2062 843 2176 884 alicujus
2189 847 2288 883 Statuti

1252 867 1466 910 Ordinationis,
1483 872 1541 904 five
1559 871 1758 906 Conceffionis
1779 876 1862 912 fastae
1884 877 1930 909 seu
1943 879 2099 920 faciendae‚
2114 894 2173 914 non
2189 874 2313 920 artetur,

1251 915 1394 948 teneatur,
1411 909 1457 940 seu
1475 913 1661 951 compellatur
1679 914 1714 944 ad
1737 914 1920 947 Solvendum
1945 917 1991 949 seu
2014 919 2242 960 Supportandum
2262 912 2313 959 aliti

1250 944 1348 977 Onera
1370 958 1566 995 quaecumque·
1583 950 1767 996 qualitercum
1789 964 1824 985 ue
1843 955 1964 994 fuerint,
1989 957 2066 988 aliter
2087 970 2173 997 quam
2196 965 2256 994 veri
2277 967 2311 997 δε

1249 983 1344 1015 fideles
1358 985 1438 1025 Liger
1453 987 1544 1018 nostri
1560 990 1631 1021 infra
1643 991 1754 1022 dietum
1803 1001 1910 1032 egnum
1925 994 2055 1027 nostrum
2067 997 2180 1030 Anoli'ae
2189 1000 2313 1034 Oriundi

1249 1021 1359 1054 solvent
1372 1025 1416 1055 seu
1432 1026 1651 1067 supportabunt,
2117 1024 2135 1038 D

1288 1061 1326 1092 Et
1348 1064 1428 1108 quod
1449 1065 1507 1109 ipse
1527 1068 1627 1098 omnia
1650 1066 1813 1108 privilegia,
1831 1068 1983 1102 Custumas
2015 1082 2049 1104 ac
2069 1072 2247 1110 Franchessas
2264 1079 2314 1111 ha-

1248 1097 1316 1142 bere
1333 1101 1367 1131 &
1385 1112 1423 1132 eis
1438 1112 1478 1133 uti
1494 1105 1527 1135 &
1545 1106 1666 1143 gaudere
1683 1106 1768 1152 poffit
1781 1130 1792 1146 ,
1813 1108 1883 1139 sicut
1907 1111 1968 1141 veri
1988 1095 2073 1149 ligei
2098 1115 2189 1146 nostri
2238 1118 2312 1151 inr'ra

1246 1136 1358 1168 dietum
1379 1140 1513 1179 Regnum
1532 1143 1660 1175 nostrum
1680 1145 1790 1184 Angliae
1807 1147 1921 1178 oriundi
1936 1169 1946 1186 ‚
1972 1153 2166 1184 communiter
2184 1139 2291 1188 habent

1248 1183 1364 1221 utuntur
1378 1179 1411 1209 &
1427 1180 1569 1224 gaudent,
1592 1192 1626 1213 ac
1642 1183 1748 1222 Taxas,
1768 1183 1915 1225 Tallagia,
1934 1186 2105 1229 Custumas‚
2124 1193 2157 1222 &
2169 1182 2310 1227 Subsidia’

1245 1223 1280 1245 ac
1301 1215 1352 1245 alia
1375 1215 1501 1262 Deveria
1524 1229 1731 1260 quaecumque,
1746 1222 1845 1253 Nobis
1867 1225 1901 1256 &
1917 1224 2088 1259 Haeredibus
2101 1230 2202 1262 nostris
2216 1219 2311 1266 debit}

1244 1252 1332 1284 solvat
1353 1254 1387 1285 ὃς
1410 1255 1492 1287 faciat
1512 1257 1603 1289 modo
1627 1269 1686 1298 quo
1707 1261 1752 1291 alii
1764 1259 1859 1292 fideles
1877 1262 1960 1300 Ligei
1977 1264 2088 1305 nostri,
2105 1268 2177 1300 infra
2198 1271 2311 1306 dic'tutn

1246 1289 1383 1330 Regnum
1399 1294 1529 1326 nostrum
1547 1295 1659 1340 Angliae
1677 1297 1817 1338 Oriundi,
1834 1299 1948 1333 solvunt
1963 1303 1997 1334 &
2009 1303 2118 1336 faciunt
2136 1308 2170 1339 ὃ(
2187 1318 2246 1340 non
2261 1312 2312 1342 ali-

1245 1336 1288 1398 geg
1288 1331 1426 1399 maggae
1440 1335 1681 1405 <²:321tgziiidoiffkllircgneV
1682 1338 1727 1381 seu
1750 1339 2068 1409 impetitiongsNostri,
2086 1343 2131 1376 vel
2152 1345 2314 1391 Haeredum

1242 1395 1433 1484 {tgtmgllijtgruni
1460 1383 2312 1464 Officiariorumleseegofflitgfflr’oruffieiigiiissiuffilggiuuffl:

1278 1483 1324 1528 Eo
1347 1470 1430 1523 qu'ed
1441 1488 1587 1532 prfedillus
1607 1489 1754 1534 Johanner
1773 1492 1898 1523 Andreae
1915 1495 1945 1525 in
1968 1495 2050 1527 dietis
2070 1495 2198 1533 Partibus
2219 1502 2308 1536 Italiae

1242 1520 1389 1555 Oriundus
1403 1525 1512 1563 existit,
1528 1537 1576 1558 aut
1590 1529 1685 1566 aliquo
1705 1529 1833 1569 Statuto,
1853 1532 1929 1564 Astu
1964 1534 2154 1570 Ordinatione
2187 1550 2236 1574 aut
2273 1543 2309 1574 l·-

1242 1561 1416 1630 Hgfitgausa
1429 1586 1440 1603 ,
1464 1564 1532 1604 Re,
1557 1566 1602 1597 vel
1622 1566 1746 1599 Materia
1774 1556 1973 1611 quacumque,
1998 1575 2029 1604 in
2048 1575 2144 1615 aliquo
2160 1563 2227 1610 ’non
2250 1552 2308 1613 ἑὲ·

1341 1625 1350 1639 5

1253 1676 1258 1682 ,
1280 1637 1400 1683 J>rovis0
1418 1641 1526 1685 semper
1547 1643 1628 1682 quod
1666 1645 1791 1676 raedici‘us
1812 1645 1959 1685 Johannes
1975 1650 2101 1681 Andreae
2123 1652 2307 1696 Homagium

1239 1675 1339 1715 ligium
1353 1678 1454 1711 Nobis
1470 1681 1554 1713 faciat
1589 1692 1622 1713 ac
1688 1692 1730 1715 tto
1742 1685 1776 1715 &
1791 1685 1894 1717 Scotto
1907 1697 1941 1718 ac
1965 1688 2023 1719 aliis
2045 1690 2194 1724 Oneribus
2212 1696 2242 1726 in
2264 1697 2308 1728 di-

1241 1715 1292 1746 ἑὶο
1307 1716 1414 1763 Regno
1427 1719 1528 1764 nostro
1546 1705 1660 1767 flingliae
1673 1723 1792 1768 ubilibet
1808 1723 1907 1756 debitis
1920 1727 1954 1758 &
1968 1728 2108 1761 consuetis
2130 1734 2295 1766 contribuat

1242 1758 1384 1799 proutalii
1399 1757 1477 1797 Ligei
1494 1758 1581 1789 nostri
1616 1760 1688 1791 insta
1707 1761 1786 1792 idem
1808 1761 1945 1802 Regnum
1965 1766 2098 1799 nostrum
2118 1769 2233 1810 Angliae
2257 1758 2305 1804 O3

1240 1793 1349 1833 nundi,
1368 1795 1493 1834 faciunt,
1510 1805 1542 1828 ut
1563 1782 1605 1828 eft
1623 1798 1750 1839 justum,
1772 1801 1874 1841 absque
1894 1802 1966 1834 Fine
1984 1804 2031 1836 seu
2049 1805 2152 1840 Feodo
2174 1811 2246 1842 inde
2265 1811 2304 1844 ad

1238 1840 1312 1869 opus
1324 1833 1454 1865 nostrum
1469 1835 1617 1868 solvendo.

1276 1907 1312 1938 In
1329 1912 1407 1950 cujus
1416 1934 1427 1950 ‚
1442 1912 1504 1944 &a

1238 1993 1373 2066 ceggffig
1385 1995 1468 2038 Rege
1487 1998 1565 2038 apud
1582 1990 1858 2044 Wstroonasterium,
1880 2004 1999 2038 decimo
2021 2009 2124 2048 quinto
2148 2009 2210 2043 Die
2236 2011 2302 2046 De-

1679 2117 1736 2148 Per
1748 2120 1842 2150 Breve
1854 2118 1887 2150 de
1906 2121 2025 2153 Privato
2038 2122 2140 2162 Sigillo.

1235 2186 1436 2257 OConfimilis
1455 2189 1614 2224 Conceffio
1636 2202 1691 2238 pro
1711 2195 1858 2227 Benedifi'o
1877 2197 1988 2238 Spynell
2004 2200 2035 2231 iri
2051 2199 2184 2234 Partibus
2197 2202 2300 2244 Januae

1269 2228 1389 2267 riundo,
1408 2228 1476 2260 Dat.
1491 2229 1677 2269 26Januar11.

1231 2311 2290 2341 -———-—-—-———-..-„-————

1434 2371 1486 2404 De
1509 2368 1687 2406 obedientia
1710 2375 1799 2422 Regis
1820 2380 1903 2424 Papae
1916 2376 2091 2426 prestanda.

1231 2460 1348 2534 RE}
1363 2463 1580 2535 Omnibug,13d
1596 2476 1686 2508 quos,
1703 2469 1764 2501 &e
1781 2469 1919 2503 Salutem.
2312 2476 2443 2513 ΑΜΒ.

1345 2512 1421 2534 elatis
1436 2515 1496 2542 quo
1564 2515 1613 2543 os,

1241 2579 1246 2585 .
1268 2539 1319 2571 De
1335 2541 1544 2581 Fidelitatibus,
1567 2542 1881 2584 Circumspeetionibus
1903 2547 1938 2580 &
1959 2546 2122 2593 Industriis,
2139 2551 2293 2590 Venerabi·
2310 2518 2419 2587 51724824

1227 2578 1298 2623 lium
1316 2579 1451 2620 Parrum,
1475 2579 1617 2620 Johannis
1634 2584 1836 2625 Dunolmenfis,
1860 2586 1895 2617 &
1913 2587 2020 2619 Thomae
2035 2593 2209 2636 Menevenfis
2251 2596 2292 2628 E·
2306 2598 2335 2623 R·
2364 2606 2391 2634 3.

1227 2617 1411 2665 piscoporum
1428 2643 1437 2657 ,
1465 2629 1498 2650 ac
1517 2619 1656 2666 'Religion
1681 2624 1715 2654 &
1739 2623 1852 2656 strenui
1876 2625 1980 2658 Militis
2003 2627 2147 2666 Johannis
2169 2619 2297 2669 Kesszdall
2308 2637 2395 2664 franc·
2413 2642 2442 2666 ²4

1224 2656 1416 2725 gurcupellerii
1432 2657 1537 2699 Rhodi,
1555 2657 1790 2693 Consiliariorum
1807 2662 1994 2706 nostrorum,
2021 2668 2182 2708 pleniffime
2200 2675 2294 2706 eonfi—
2307 2675 2337 2701 R·
2363 2683 2388 2711 3·
2402 2683 2441 2705 m·

1246 2705 1340 2734 entes,
2309 2719 2321 2740 r

1241 2772 1247 2778 .
1265 2733 1414 2780 Fecimus,
1434 2734 1657 2782 ordinavimus,
1671 2738 1706 2768 &
1725 2736 1954 2780 constituimus,
1968 2752 2020 2782 ae,
2039 2743 2158 2780 Tenore
2169 2748 2295 2784 Praesen-
2323 2720 2351 2749 4⁹

1226 2779 1319 2816 tium,
1338 2773 1487 2812 Facimus,
1513 2774 1706 2814 ordinamus,
1722 2778 1757 2808 &
1775 2776 1988 2813 Censtituimus
2007 2784 2081 2822 ipsos
2095 2795 2179 2818 veros
2196 2790 2230 2821 ὅτ
2248 2792 2294 2822 in-

1225 2810 1367 2878 dubitatos
1379 2811 1532 2852 Oratores,
1547 2812 1784 2855 commissarios,
1801 2816 2018 2860 Procuratores,
2035 2824 2070 2855 &
2082 2822 2120 2854 N
2122 2827 2220 2859 uncios
2230 2828 2293 2869 spe-

1225 2858 1268 2880 cia
1279 2860 1308 2880 es
1316 2874 1326 2888 ,

1263 2886 1373 2920 Dantes
1389 2890 1424 2922 &
1442 2888 1645 2922 Concedentes
1663 2891 1766 2923 eisdem
1786 2893 1914 2926 Duobus
1930 2905 1965 2928 ac
1982 2896 2048 2929 Uni
2067 2909 2172 2933 eorum
2195 2904 2293 2941 (dum-

1222 2926 1316 2957 modo
1332 2927 1474 2959 diCtorum
1491 2929 1675 2968 Epifioporum
1689 2930 1808 2962 alterum
1827 2933 1918 2970 ipsum
1934 2934 1992 2966 effe
2012 2940 2178 2977 contigerit)
2203 2941 2292 2975 Pote-

1223 2963 1324 2996 statem
1341 2967 1498 3006 generalem
1517 2968 1549 2999 δε
1570 2967 1739 3000 Mandatum
1755 2970 1886 3010 speciale,
1909 2982 1962 3013 pro
1982 2974 2082 3007 Nobis
2100 2979 2135 3010 &
2151 2979 2287 3015 Nomine

1224 3003 1347 3048 nostro,
1373 3004 1587 3044 Devotionem‚
1615 3017 1700 3045 quam
1715 3008 1745 3038 in
1762 3008 1898 3041 Sanetam
1915 3011 2022 3044 Sedem
2037 3013 2238 3054 Apostolicam
2256 3030 2291 3054 ac

1222 3051 1232 3071 1
1254 3042 1306 3073 lius
1324 3042 1523 3075 Praelidentem
1544 3043 1715 3076 modernum
1733 3045 1946 3081 Sanetiffimum
1965 3050 2132 3086 Dominum
2155 3058 2287 3091 nostrum

1257 3082 1388 3112 ominum
1416 3085 1600 3113 Innocentium
1624 3086 1728 3122 Papam
1753 3087 1892 3117 OHavum
1916 3090 2042 3129 gerimus
2064 3094 2098 3125 &
2124 3094 2260 3128 habemus

1220 3118 1457 3164 Filialemquel&
1475 3122 1655 3152 Catholicam
1675 3122 1876 3156 Obedientiam
1894 3136 1910 3157 a
1931 3127 2059 3168 Regibus
2082 3132 2196 3170 Angliae
2218 3122 2286 3167 Ro!

1224 3167 1314 3188 manis
1330 3159 1520 3204 Pontificibus
1534 3161 1571 3191 ab
1591 3162 1609 3180 *
1629 3162 1746 3200 antiquo
1763 3162 1889 3194 debitam
1906 3166 1940 3196 &
1963 3168 2085 3205 praestari
2106 3172 2268 3205 consuetam
2303 3171 2318 3188 ⁶
2337 3171 2406 3201 XH-

1219 3205 1273 3233 pro
1299 3196 1398 3227 Nobis
1421 3199 1454 3230 ὃς
1478 3198 1614 3229 Nomine
1632 3200 1733 3231 nostro
1753 3200 1833 3232 diCto
1848 3203 2017 3236 Sanffifimo
2032 3206 2167 3240 Domino
2185 3200 2286 3246 nostre}
2302 3219 2367 3246 254·

1219 3237 1374 3265 Innocentio
1385 3239 1467 3275 Papae
1482 3238 1592 3267 offa-vo
1606 3237 1782 3278 Exhibendi,
1801 3239 1953 3273 Praestandi
1965 3266 1974 3281 ,
1992 3245 2026 3276 &
2041 3245 2188 3287 Faciendi,

1238 3311 1243 3317 ·
1260 3272 1431 3312 Caeteraque
1445 3274 1612 3314 Exequendi
1627 3278 1660 3309 &
1676 3277 1851 3309 Excercendi
1868 3290 1932 3318 quae
1947 3282 1977 3311 in
1995 3282 2146 3316 Praemiffis
2159 3290 2286 3322 neceffii.

1220 3321 1261 3342 ria
1282 3311 1386 3344 fuerint
1412 3313 1456 3345 seu
1479 3315 1699 3352 quomodolibet
1717 3326 1858 3353 oportuna
1871 3340 1880 3357 ‚
1909 3320 1993 3351 etiam
2015 3321 2035 3351 si
2055 3323 2117 3354 talia
2135 3324 2189 3357 sint
2216 3338 2283 3367 quae

1220 3349 1394 3382 Mandatum
1410 3354 1499 3392 magis
1513 3355 1623 3391 exigant
1635 3354 1771 3395 speciale,

1257 3387 1474 3428 Promittentes,
1494 3392 1570 3423 bona
1592 3393 1661 3423 Fide
1678 3393 1711 3424 &
1736 3395 1766 3424 in
1790 3393 1887 3425 Verbo
1909 3395 2020 3435 Regio,
2039 3397 2108 3429 Nos
2124 3400 2232 3435 Ratum
2247 3406 2282 3439 &

1218 3425 1344 3458 Gratum
1364 3452 1373 3467 ,
1396 3429 1430 3459 ὃ(
1455 3430 1584 3461 Firmum
1606 3431 1751 3462 habituros
1775 3433 1909 3470 quicquid
1934 3434 2004 3465 disti
2023 3435 2158 3471 Oratores
2176 3443 2264 3475 nostri

1217 3463 1291 3496 Duo
1307 3476 1354 3498 aut
1370 3467 1467 3505 aliquis
1483 3479 1600 3506 eorum,
1617 3471 1646 3499 in
1667 3469 1759 3501 forma
1779 3470 1936 3510 praemissa,
1953 3473 2071 3507 fecerint
2093 3477 2139 3509 seu
2162 3468 2280 3514 fecerit³

1217 3503 1268 3548 sub
1281 3504 1398 3575 Ιιέἓῑεῶἂ
1411 3508 1444 3537 &
1461 3506 1646 3547 obligatione
1658 3509 1790 3539 omnium
1805 3507 1954 3541 Bonorum
1974 3511 2140 3547 nostrorum
2158 3506 2280 3559 praesen:

1216 3549 1290 3573 tium
1385 3553 1522 3576 tutorum.

1252 3619 1287 3651 Iu
1303 3620 1380 3659 qu'us
1390 3645 1399 3659 ,
1417 3621 1478 3653 &c.

1217 3704 1345 3774 bri'sreste
1364 3705 1445 3746 Rege
1466 3704 1540 3746 apud
1562 3705 1837 3750 Wstmonasterium‚
1852 3708 1970 3743 decimo
1991 3711 2070 3747 sexto
2089 3714 2136 3748 die
2148 3716 2278 3754 Dec-

1853 3825 1908 3856 Per
1916 3825 2000 3866 iesum
2014 3830 2119 3870 Regem,
