2555 4266
735 230 843 272 ET
922 229 1185 271 ACTA

31 321 106 353 Arin.
123 319 280 351 D.Amicis
294 316 410 354 nostris,
427 327 460 347 ac
480 315 537 346 aliis
554 317 637 346 nobis
660 315 804 354 Alligatis,
822 315 1050 352 ConfoederatiS,
1067 315 1099 345 δε
1116 314 1224 345 Adhae-

52 367 136 397 1445.
169 360 293 389 rentibus
308 356 530 394 quibuscumque
546 378 555 391 ,
574 365 641 385 cum
658 355 835 385 Screniffirno
849 355 983 392 Principe
998 352 1154 383 Avunculo
1168 361 1222 381 no-

29 403 93 426 Hen.
112 401 139 427 6.
170 397 228 426 stro
242 395 367 425 Franciae
383 417 392 430 ,
411 394 465 423 live
479 394 745 431 Ambaffiatoribus,
765 393 935 424 Oratoribus
947 414 956 428 .,
975 390 1223 424 Procuratoribus,
1267 412 1270 416 .

169 434 318 471 Deputatis
334 455 344 469 ,
369 432 578 461 Commissariis
594 455 603 468 ,
621 433 664 462 seu
692 441 702 461 l
714 431 814 462 lunciis
835 430 957 468 ejusdem
979 427 1124 458 Avunculi
1143 426 1224 473 zlpstri

168 475 288 501 Francia?
306 493 316 508 ,
334 471 504 501 potestatem
527 470 713 501 sufficientem
729 471 764 499 ab
782 479 817 499 eo
833 471 860 498 in
878 469 931 497 hac
947 476 1024 503 parte
1039 466 1224 507 habentibus,

163 509 366 540 Conveniendi
382 532 391 545 ,
408 509 622 539 Comiinicandi
637 531 647 546 ,
665 507 822 537 Traetandi
838 528 848 543 ,
861 515 984 548 ‚necnon
998 502 1222 545 Compopendi,

169 548 349 584 paciscendi,
368 548 400 578 ἅ*
416 547 601 586 Transigendi
617 569 626 584 ,
648 544 867 585 Appunctuandi
882 565 891 580 ,
916 552 949 572 ac
965 542 1047 580 plene
1062 543 1095 572 &
1111 540 1224 570 finaliter

171 586 373 617 Coiiciudcndi
396 587 428 616 ὃς
453 584 659 616 Concordandi
681 586 738 613 tam
761 583 797 611 de
813 584 881 610 Pace
891 588 1021 618 perpetua
1032 603 1040 617 ,
1058 589 1175 625 necnon
1188 579 1223 608 de

171 627 205 656 δεῖ
220 625 298 662 super
312 626 448 655 omnibus
464 622 722 657 Contentionibus,
742 619 974 657 Quaestronibus,
993 618 1128 655 Guerris,
1147 617 1226 660 Cau-

175 664 226 701 1is,
243 663 386 702 Qierelis,
403 663 530 698 Litibus,
550 660 726 696 Demaridis,
744 660 776 689 ὃς
790 657 987 699 Debatis,una
1003 666 1074 687 cum
1089 657 1225 685 omnibus

173 702 227 732 suis
242 702 483 737 circumstantiis,
503 698 738 733 Emergentibus,
756 696 963 733 incidentibus,
984 694 1226 732 Dependentibus,

175 742 208 772 &
226 741 372 771 Corinexis
387 763 397 777 ,
416 748 479 775 quae
496 739 567 767 inter
584 736 651 765 Nos
662 758 671 772 ,
694 738 727 765 &
745 733 849 771 Regna
863 757 872 770 ,
896 734 1092 775 Dominiaque
1115 733 1225 769 nostra,

176 779 362 810 Subditosoue
378 777 490 807 nostros
507 797 516 812 ,
536 784 649 804 necnon
667 773 801 811 Alligatos
816 795 825 809 ,
847 773 1069 814 Contosderatos
1081 795 1090 809 ,
1109 772 1142 801 δε
1159 772 1226 801 alios

174 817 274 847 Nobis
298 811 474 848 A‘dhaerentes
500 813 692 850 quoscumque
707 834 716 848 ,
741 813 775 842 δε
798 810 909 842 dietum
929 811 1156 849 Consunguinemn
1181 820 1227 838 no-

165 856 256 896 strum
273 879 281 893 ,
300 856 399 891 suaque
415 853 495 882 Loca
509 853 543 882 δε
558 850 698 880 Dominia
710 860 772 888 quse
787 849 870 880 habet
886 850 931 878 vel
945 848 1092 886 praetendit
1107 849 1226 884 habere,

175 904 287 925 necnon
311 893 448 928 Alligatos
463 913 472 928 ,
493 889 714 919 Confoederatos
728 911 737 926 ,
758 897 790 917 ac
808 888 857 917 sibi
875 888 1059 917 Adhaeremes
1073 888 1227 925 quoscum-

175 943 231 971 que
246 955 255 969 ,
275 930 393 968 pendere
414 929 564 959 noscuntur
580 950 590 965 ,
606 929 692 967 quim
715 927 751 956 de
775 927 855 955 bonis
867 948 876 963 ,
895 926 980 955 firmis
995 949 1004 963 ,
1023 928 1054 956 ὃς
1068 926 1226 962 stabilibus,

176 974 268 1001 Novis
281 972 404 1006 Treugis,
417 967 620 1004 Generalibus,
641 966 674 995 &
686 965 896 995 particularibus
905 989 914 1001 ,
931 964 965 994 ad
978 965 1103 1001 'longum
1118 973 1228 1002 ternpus

174 1009 220 1039 vel
235 1008 268 1037 ad
285 1009 370 1037 breve
378 1029 387 1044 ,
395 1007 455 1035 tam
470 1015 519 1042 pei·
527 1005 649 1034 Terram
660 1027 668 1041 ,
677 1005 762 1041 quam
770 1013 818 1041 per
828 1003 911 1032 Mare
919 1004 951 1032 ἃ
962 1005 1055 1040 Aquas
1063 1025 1072 1040 ,
1080 1003 1184 1033 tamdiu
1193 1014 1226 1033 ac

176 1055 256 1077 tanto
272 1055 401 1083 tempore
412 1045 564 1080 duraturis,
579 1044 713 1072 omnibus
729 1042 891 1072 melioribus
905 1042 998 1071 modis
1011 1064 1020 1079 ,
1037 1042 1105 1078 viis,
1123 1042 1155 1071 &
1170 1042 1229 1070 for-

177 1085 229 1115 mfi
243 1085 343 1125 quibus
360 1085 443 1113 vobis
456 1083 556 1112 melitis
572 1081 716 1111 videbitur
728 1080 876 1118 expedire,
892 1079 1012 1117 ipsasque
1026 1080 1154 1116 Treugas
1171 1079 1228 1110 Ca-

176 1124 290 1161 piencfi,
308 1122 443 1159 Ineundi,
461 1120 621 1157 firmandi,
638 1119 792 1150 &finaliter
803 1118 1002 1148 Concludendi
1012 1140 1022 1155 ,

214 1162 343 1198 Treugas
358 1170 450 1198 captas
465 1160 635 1195 Prorogatas
649 1160 682 1189 &
699 1158 789 1187 adhuc
806 1157 956 1194 pendentes
970 1156 1151 1193 Prorogandi
1161 1166 1230 1193 ‚pro

175 1200 290 1237 Nobis,
310 1199 438 1236 Regnis,
455 1198 570 1234 Terris,
591 1197 755 1234 Dominiis,
773 1196 805 1226 δί
819 1195 935 1232 Patriis,
953 1194 1077 1224 Subdiris
1090 1217 1099 1232 ,
1121 1195 1229 1224 Vaisal-

173 1239 224 1276 lis,
242 1239 371 1275 Amicis,
391 1237 532 1275 Alligatis,
547 1237 579 1266 &
598 1234 808 1266 Confoederatis
830 1232 929 1263 nostris
944 1255 953 1269 ,
972 1233 1123 1270 Terrisque
1137 1255 1147 1271 ,
1164 1233 1232 1263 Do-

176 1278 291 1313 miniis,
310 1277 406 1307 Patriis
421 1275 590 1306 eorumdem
612 1272 834 1310 quibuscumque
851 1272 883 1301 ὅ(
901 1273 1077 1308 ubicumque
1098 1271 1168 1310 sint,
1187 1280 1233 1302 aut

178 1325 246 1346 cum
263 1315 402 1346 predicto
416 1312 565 1343 Avunculo
578 1312 664 1351 nostro
679 1332 688 1348 ,
707 1311 752 1341 seu
766 1310 816 1340 suis
832 1310 1105 1347 Ambaffiatoribus,
1125 1309 1231 1341 Orato—

174 1349 271 1391 ribus,
288 1353 538 1387 procuratoribus,
555 1348 956 1390 Deputatis,Commiffariis,
973 1348 1017 1378 vel
1032 1348 1157 1378 Nunciis
1173 1349 1235 1388 suis,

177 1393 291 1430 Terris,
312 1392 473 1427 Dominiis,
492 1390 607 1426 Patriis,
625 1387 766 1424 subditis,
786 1387 925 1427 Vassallis,
946 1387 1074 1425 Amicis,
1095 1387 1233 1426 Alligatis,

176 1433 210 1463 δε
234 1430 447 1461 Confoederatis
465 1428 519 1458 suis
533 1450 542 1465 ,
561 1427 658 1457 Terris
670 1450 679 1464 ,
699 1426 847 1456 Dominiis
862 1447 871 1461 ‚
891 1427 924 1455 &
949 1425 1048 1456 Patriis
1065 1425 1233 1456 eorumdem

176 1470 362 1500 Subditorum
373 1491 382 1506 9
399 1466 604 1503 Vaffallorum,
622 1466 812 1502 Amicorum,
833 1463 1019 1499 Alligatorum
1035 1487 1045 1502 ,
1061 1464 1094 1494 &
1108 1463 1235 1495 Confoe-

177 1509 357 1546 deratorum,
376 1516 428 1544 pro
443 1505 503 1543 ipso
523 1503 672 1534 Avunculo
693 1501 797 1541 nostro,
815 1501 1038 1541 quibuscumque
1052 1503 1085 1532 ὃς
1101 1503 1236 1533 ubicum-

178 1557 234 1585 que
250 1546 326 1585 sint,
345 1554 458 1575 necnon
477 1544 513 1574 de
535 1542 665 1573 Transitu
682 1542 778 1572 nostro
798 1541 827 1570 in
851 1540 988 1577 Regnum
1004 1540 1132 1571 nostrum
1149 1541 1236 1572 Fran-

180 1587 254 1623 ciae,
274 1594 307 1613 ac
324 1582 462 1621 Persimali
480 1584 665 1611 conventione
686 1579 812 1610 habenda
833 1582 906 1608 inter
921 1581 981 1608 Nos
1002 1581 1036 1610 ὃς
1057 1579 1169 1609 dietum
1190 1584 1238 1610 A.

179 1621 325 1653 vunculum
342 1621 459 1659 nostrum
472 1643 482 1658 ,
501 1618 768 1657 Communicandi,
787 1617 960 1657 Trafflndi,
979 1618 1186 1658 Promittendi,
1204 1621 1238 1651 &

180 1660 382 1692 Concludendi
398 1661 427 1689 in
442 1658 550 1698 Regno
565 1658 663 1688 nostro
681 1657 800 1695 praefato
814 1655 953 1696 Franciae,

215 1698 411 1738 Universaque
427 1699 460 1730 &
473 1697 593 1736 singula,
612 1706 677 1736 quae
691 1697 765 1726 inter
778 1706 832 1726 vos
845 1695 978 1726 Tractata
992 1719 1003 1734 ,
1020 1695 1219 1734 Appunetuata

180 1738 352 1776 Conventa,
371 1736 531 1775 Conclusa,
550 1736 594 1766 seu
607 1735 791 1766 Concordata
805 1733 910 1764 fuerint
923 1758 934 1773 ,
952 1734 1123 1765 Roborandi
1139 1737 1173 1766 &
1188 1737 1212 1766 A
1226 1753 1239 1759 -

179 1776 340 1815 securandi,
359 1786 407 1814 per
421 1775 502 1806 Fidei
520 1774 783 1813 interpositionem,
801 1772 1044 1811 &juramentum
1059 1797 1070 1813 ,
1087 1773 1122 1804 ad
1136 1773 1239 1805 Saneta

182 1815 243 1846 Dei
257 1814 424 1853 Evangelia,
442 1815 472 1844 in
490 1813 626 1844 Animam
641 1812 766 1843 nostram
782 1811 989 1851 praestandum,

219 1855 265 1884 Ac
280 1854 316 1883 de
330 1855 364 1885 ὃς
379 1853 457 1890 super
470 1853 607 1883 omnibus
622 1853 656 1883 &
672 1851 782 1890 singulis
796 1850 948 1881 Praemiffis
957 1874 968 1889 ,
985 1860 1020 1881 ac
1034 1849 1242 1888 Dependentiis

180 1894 218 1923 ab
231 1892 351 1931 eisdem,
368 1901 469 1921 omnes
485 1893 518 1923 &
532 1890 714 1921 omnimodas
727 1890 909 1928 Securitates,
929 1887 1100 1929 cautiones,
1116 1890 1243 1920 Promis-

180 1931 205 1961 sa
215 1954 224 1969 ,
244 1930 442 1970 obligationes
456 1954 466 1970 ‚
485 1940 519 1960 ac
536 1930 644 1960 Literas
657 1928 784 1968 sigillatas
797 1927 989 1959 Concedendi
1002 1950 1012 1966 ,
1030 1927 1164 1958 Faciendi
1180 1952 1189 1966 ,
1206 1931 1240 1960 δε

180 1969 358 2007 Expediendi
366 1993 377 2009 ,
393 1978 474 2007 prout
488 1969 572 1998 vobis
587 1968 686 1998 melitis
699 1967 838 1998 videbitur
851 1967 1071 2006 expedire,quae
1086 1967 1169 1997 talem
1182 1976 1243 1997 tan-

182 2017 300 2046 tamque
316 2008 386 2038 Vim
400 2033 410 2048 ,
431 2008 643 2038 Auctoritatem
680 2007 714 2038 &
732 2005 880 2036 Effectum
894 2005 1028 2036 volumus
1045 2005 1152 2036 realiter
1167 2007 1242 2047 opti-

182 2057 266 2086 nere,
282 2057 315 2077 ac
331 2046 351 2076 fi
367 2048 442 2077 eain
457 2047 569 2084 propria
586 2030 708 2076 Persona
723 2044 908 2083 fecissemus,

219 2084 387 2123 Caeteraque
399 2086 500 2115 omnia
515 2086 549 2115 &
564 2084 688 2122 fingula,
705 2085 734 2113 in
754 2083 905 2114 Praemiffis
918 2081 1062 2114 Conclusa
1077 2107 1088 2123 ‚
1107 2082 1242 2115 Concor-

183 2123 314 2163 cordata‚
331 2125 364 2155 &
377 2124 498 2154 Firmata
505 2146 517 2162 ,
535 2122 710 2160 Expediendi
718 2146 729 2162 ,
747 2122 914 2153 Perficiendi
923 2145 933 2161 ,
942 2123 975 2154 &
987 2131 1039 2160 pro
1053 2121 1134 2153 Parte
1148 2122 1242 2154 nostra

184 2162 380 2200 Perimplendi
390 2185 399 2200 ,
417 2172 450 2192 ac
464 2161 560 2193 debite
573 2161 738 2202 Exequendi
754 2185 765 2200 ,
784 2162 872 2191 etiam
886 2160 905 2190 fi
920 2162 1026 2200 majora
1042 2161 1093 2191 sint
1104 2160 1242 2198 expressa-

183 2202 219 2231 tis
235 2225 244 2239 ,
262 2203 294 2232 &
312 2201 484 2231 Mandatum
508 2200 544 2230 de
563 2201 602 2231 sui
625 2209 722 2231 natura
743 2201 830 2239 magis
849 2200 961 2238 exigant
972 2200 1104 2238 speciale,
1123 2199 1157 2229 &
1177 2203 1241 2238 qua:

50 2245 72 2265 ss
93 2245 148 2273 XI.
183 2239 311 2270 Nofinet
334 2240 383 2277 ipsi
406 2239 497 2269 facere
517 2239 663 2276 possemus
684 2238 703 2269 fi
728 2237 904 2276 peribnaliter
918 2238 1065 2276 praesentes
1083 2239 1102 2258 ²*
1122 2238 1243 2270 essemus

53 2292 120 2319 .¹07·
183 2280 214 2309 in
230 2278 425 2316 Explicatione
440 2278 486 2308 seu
505 2278 699 2308 Conclulione
713 2277 927 2307 Priemifforum

221 2316 493 2354 promittentesque,
511 2316 591 2346 Bona
607 2316 677 2346 Fide
692 2316 726 2346 &
745 2314 771 2345 V
773 2317 842 2345 erbo
859 2315 954 2353 Regio
969 2337 978 2352 ,
995 2315 1024 2344 in
1039 2315 1093 2345 hiis
1108 2315 1242 2355 Scriptis,

184 2356 266 2395 quod
279 2357 378 2386 omnia
390 2356 423 2386 &
439 2355 564 2393 singula,
584 2365 647 2395 quae
661 2356 690 2384 iri
705 2353 855 2384 Praemiffis
870 2355 915 2384 vel
929 2355 1006 2383 circa
1021 2364 1053 2384 ea
1068 2364 1116 2392 per
1124 2364 1176 2385 vos
1183 2356 1246 2393 Ap-

184 2395 338 2433 punctuata
351 2418 361 2433 ,
379 2394 513 2424 TraCtata
523 2417 533 2432 ,
549 2393 720 2431 Conventa,
739 2392 881 2423 Conclusa
896 2416 906 2431 ,
924 2393 968 2422 seu
983 2391 1168 2423 Concordata
1183 2394 1244 2424 fue-

184 2435 240 2466 rint
255 2456 266 2471 ,
282 2433 356 2462 Rata
369 2455 378 2471 ,
398 2432 488 2462 Grata
502 2455 511 2470 ,
529 2431 623 2461 Firma
639 2455 649 2470 ,
668 2433 702 2462 ὃς
719 2431 831 2461 Stabilia
847 2440 900 2468 pro
913 2440 1047 2468 perpetuo
1063 2431 1246 2471 habebimus,

183 2476 218 2506 &
233 2471 370 2501 faciemus
387 2471 581 2501 inviolabiliter
595 2471 745 2500 observari.

224 2509 257 2539 In
273 2511 368 2547 cujus,
385 2510 446 2540 &c.

239 2547 328 2578 Teste
342 2546 422 2586 Rege
436 2546 508 2585 apud
525 2546 783 2587 Wstmonasterium
790 2546 982 2585 ,duodecimo
995 2545 1042 2576 die
1058 2545 1249 2578 Novembris.

759 2629 813 2657 Per
828 2629 920 2656 Breve
933 2627 965 2657 de
980 2630 1098 2657 Privato
1113 2627 1213 2665 sigillo.

208 2757 260 2789 De
278 2756 372 2790 Salvo
401 2755 551 2790 Conduffu
563 2766 620 2802 pro
635 2766 744 2836 nuper&
751 2756 875 2787 Marito
897 2756 1011 2801 Regin-e
1034 2757 1132 2788 Scotiae
1163 2757 1226 2788 De-

649 2806 716 2848 sun
745 2816 774 2837 ae.

38 2895 118 2926 Ann.
130 2892 174 2924 D.
195 2893 318 2948 REX
329 2917 338 2932 ,
356 2903 405 2931 per
422 2893 528 2925 Literas
546 2893 603 2924 suas
617 2893 746 2924 Patentes
758 2918 768 2933 ,
788 2905 838 2933 per
861 2904 952 2925 unum
976 2893 1094 2925 Annum
1114 2895 1251 2932 proximo

58 2940 140 2971 1445.
272 2932 436 2971 sequentem
449 2933 587 2969 duraturas
601 2955 611 2971 ,
629 2932 744 2970 suscepit
762 2935 792 2964 in
812 2933 917 2964 salvum
934 2934 966 2964 &
982 2933 1113 2963 securum
1128 2932 1252 2964 Condu-

40 2975 95 3000 Λπ-
112 2981 159 3007 ²4·
195 2974 276 3005 &um
292 2972 374 3002 suurn
387 2996 397 3011 ‚
413 2982 446 3002 ac
467 2973 497 3002 in
518 2970 735 3001 protectionem
751 2995 762 3010 ,
776 2972 947 3002 Tuitionem
963 2994 973 3009 ,
991 2972 1024 3002 δε
1047 2970 1250 3002 Defensionem

40 3015 105 3038 Hen.
123 3011 152 3037 6·
195 3013 252 3044 suas
265 3010 392 3049 speciales
436 3009 574 3048 Jacobum
595 3012 714 3039 Stewert
730 3032 740 3046 ,
759 3020 848 3048 nuper
870 3009 1015 3040 Maritum
1029 3012 1136 3047 Reginae
1156 3013 1251 3039 Scotiae

39 3052 108 3076 Scot·
131 3057 177 3084 ²4·
196 3051 370 3087 Defunfflie,
415 3049 546 3079 ohannem
559 3051 679 3077 Stewert
695 3048 797 3078 Filium
812 3049 870 3087 ejus
895 3050 928 3080 &
945 3047 1123 3078 Willielmum
1139 3048 1253 3088 Dnjbn,

41 3087 178 3122 fl.6.m.7.
195 3090 300 3121 Scotos
314 3113 324 3128 ,
347 3098 382 3118 ac
405 3088 517 3125 Viginti
534 3085 666 3118 Personas
686 3088 715 3117 in
735 3096 837 3130 eorum
857 3071 1011 3117 Comitivfi
1033 3085 1136 3116 Scotos
1149 3111 1160 3126 ,
1178 3095 1253 3117 extra

193 3129 335 3167 Regnum
357 3127 465 3158 Scotiae
487 3128 517 3157 in
545 3124 684 3162 Regnum
703 3124 794 3162 Regis
812 3125 923 3165 Angliae
945 3124 1021 3155 salvo
1040 3124 1074 3155 &
1092 3125 1188 3156 secure
1206 3135 1255 3155 ve-

192 3167 319 3205 niendo,
337 3166 372 3197 &
387 3166 489 3195 exinde
503 3163 669 3196 transeundo
680 3188 690 3203 ,
707 3164 880 3195 reveniendo
893 3188 904 3203 ,
921 3163 1080 3202 exeunido,
1098 3163 1255 3204 redeundo,

192 3204 403 3243 conversando,
421 3202 669 3242 perhendinandO,
685 3202 841 3241 morando,
861 3203 895 3233 δε
905 3201 1000 3232 versus
1016 3209 1106 3240 part&
1119 3203 1176 3233 suas
1189 3212 1256 3240 pro-

192 3246 265 3283 prias
279 3269 288 3282 .,
306 3244 353 3274 seu
367 3243 555 3283 quascumque
569 3242 662 3272 Partes
677 3241 727 3270 sibi
743 3241 893 3278 placuerit,
913 3240 1017 3271 Nocte
1029 3239 1143 3278 Dieque
1156 3265 1167 3280 ‚
1185 3251 1257 3271 con-

189 3283 313 3322 junctim
334 3282 380 3313 vel
402 3281 531 3319 divisim,
545 3280 628 3310 semel
643 3280 688 3309 seu
700 3279 814 3310 diversis
831 3281 942 3310 vicibus
955 3303 966 3319 ,
984 3289 1034 3318 per
1051 3279 1193 3318 Terram,
1207 3289 1257 3320 per

197 3321 299 3360 Mare,
316 3322 351 3353 &
364 3330 412 3358 per
427 3321 523 3358 Aquas
537 3318 634 3349 dulces
650 3317 696 3348 vel
711 3318 802 3356 salsas,
817 3317 941 3356 pedestre
956 3318 1000 3349 vel
1018 3317 1145 3355 equestre
1159 3343 1169 3358 ,
1188 3328 1257 3349 cum

196 3360 278 3391 Auro
294 3360 426 3396 Argento
446 3358 551 3389 curiatis
570 3357 625 3387 five
640 3356 777 3387 cunandis
790 3380 799 3393 ,
813 3356 976 3396 Jocalibus,
998 3355 1153 3394 Manticis,
1171 3356 1258 3395 Baga-

197 3399 269 3436 giiS‚
285 3398 402 3437 Bogeis,
420 3396 569 3433 Fardellis,
585 3395 685 3425 Literis
700 3405 761 3425 non
776 3395 1007 3433 praejudicialibus
1020 3418 1030 3434 ,
1049 3396 1170 3433 Papiris,
1191 3395 1260 3427 Me-

201 3436 362 3474 morandis,
379 3446 413 3467 ac
427 3436 484 3466 aliis
496 3434 679 3465 Hernesiis&
689 3433 789 3464 Rebus
803 3434 886 3464 licitis
900 3433 1142 3474 quibuscumque,
1159 3435 1261 3465 totiens

200 3475 331 3512 quotiens
352 3475 402 3505 sibi
423 3474 558 3512 placuerit
570 3495 580 3512 ,
596 3472 712 3503 durante
733 3471 860 3510 praesenti
882 3472 966 3503 Salvo
983 3472 1141 3503 Conductu
1160 3472 1261 3511 Regis,

201 3512 303 3550 absque
317 3512 435 3551 Aresto,
454 3512 685 3549 Perturbatione,
701 3511 757 3541 five
772 3510 956 3549 Impetitione
971 3510 1075 3550 Regis,
1094 3510 1262 3542 Officiario-

203 3560 268 3582 xum
277 3572 287 3588 ,
295 3548 352 3597 *seu*
363 3549 566 3582 Ministrorum
578 3550 667 3589 Regis
679 3558 927 3589 quorumcumque
940 3549 1130 3588 retornand03

241 3587 484 3658 Ῑὶξῗὲὲἳῗιὲετᾷοτξῑέε
492 3649 502 3665 ,
516 3627 577 3658 ἃς.

244 3665 284 3696 Et
300 3664 321 3694 fi
335 3663 420 3701 quid,
434 3665 495 3695 &c.

243 3702 362 3735 Proviso
381 3701 487 3737 semper
509 3702 588 3740 quod
609 3704 738 3741 praediffi
751 3703 890 3742 Jacobus,
911 3703 1078 3742 Johasznes,
1095 3704 1128 3734 &
1144 3703 1266 3734 Williel-

207 3753 283 3781 mus,
299 3743 333 3773 &
354 3739 414 3770 aliae
434 3738 565 3770 Personae
585 3742 727 3778 praedictae
743 3743 817 3772 bene
834 3743 867 3772 &
883 3742 1002 3772 honeste
1020 3742 1047 3771 se
1067 3744 1187 3772 habeant
1201 3751 1266 3781 erga

208 3782 328 3819 Regem
350 3781 384 3810 &
407 3777 548 3815 Populum
568 3778 668 3817 suum,
680 3781 787 3818 absque
808 3780 902 3818 aliquo
922 3779 998 3817 Regi
1018 3781 1063 3811 seu
1084 3780 1197 3818 Populo
1217 3781 1266 3810 suo

205 3818 346 3860 praedi&o
359 3816 540 3860 praejudiciali
553 3817 685 3860 faciendo
694 3818 834 3855 ,dicendo
843 3841 852 3857 ,
863 3819 908 3848 seu
923 3820 1118 3856 attemptando
1128 3820 1178 3857 ,&
1188 3819 1266 3856 quod

207 3869 269 3889 non
285 3859 391 3887 intrent
404 3879 413 3894 ,
433 3865 487 3886 nec
501 3854 597 3892 aliquis
620 3865 722 3886 eorum
735 3858 817 3886 intret
832 3879 842 3894 ‚
869 3857 958 3894 aliqua
974 3855 1143 3886 Castrorum
1159 3857 1266 3894 Regis,

208 3896 443 3933 Fortalitiorum,
469 3894 513 3924 seu
530 3893 670 3924 Villarum
687 3893 796 3923 suarum
811 3894 979 3925 firmatarum
995 3917 1006 3932 2
1022 3895 1122 3932 absque
1137 3905 1173 3924 eo
1189 3895 1269 3930 quod

205 3934 255 3972 ipsi
269 3933 416 3971 praesentes
432 3934 539 3963 Literas
556 3931 642 3969 Regis
657 3930 692 3960 de
707 3931 781 3960 salvo
801 3931 958 3963 Condue‘cu
979 3932 1136 3971 Majoribus
1150 3956 1160 3971 ,
1175 3932 1270 3970 Capi-

213 3974 316 4009 mneis,
333 3971 456 4015 BalliviS,
472 3970 517 4001 seu
532 3968 709 4001 Custodibus
717 3970 884 4000 eorumdem
901 3971 1030 4008 primitus
1045 3970 1253 4000 demonstrent.

249 4010 540 4091 I'rs'e‘iltlguR’egecapud
559 4044 813 4086 Wijslmonastcrium
828 4066 838 4082 ,
855 4045 990 4076 vicesimo
1012 4055 1111 4085 quarto
1133 4047 1179 4077 die
1201 4046 1273 4077 No-

216 4086 352 4124 ‘vembns‘
466 4126 520 4155 Per
536 4127 626 4154 Breve
645 4123 675 4153 de
692 4125 811 4154 Privato
830 4119 937 4159 sigillo,
955 4120 993 4156 dy
1008 4122 1040 4151 de
1056 4125 1156 4159 Dara,
1171 4121 1230 4157 &a

1275 226 1306 264 P
1346 227 1390 266 U
1430 229 1462 267 Β
1501 229 1533 267 L
1573 231 1591 269 I
1630 232 1666 271 C
1704 233 1754 271 A.
2240 249 2313 289 151

2328 320 2459 355 Ann.D‚

2328 369 2443 428 1342:

1519 403 1567 433 De
1582 400 1774 444 Restitutione
1791 402 2019 448 Temporalium.

1265 485 1394 539 REX
1408 509 1417 524 ‚
1442 487 1582 519 Escaetori
1606 491 1634 519 in
1661 491 1854 521 Comitatibus
1876 491 1976 523 Surriae
2002 494 2034 524 δε
2062 496 2215 537 Suffexiae,
2232 499 2311 530 Salu-
2330 502 2456 536 AnnD,

1342 535 1411 554 teni.

1299 562 1380 593 Cum
1397 563 1542 594 Dominus
1558 567 1679 595 Summus
1694 565 1822 604 Pontifex
1836 589 1846 604 ,
1871 577 1958 605 nuper
1978 580 2094 601 vacante
2111 573 2232 606 Ecclesia
2248 576 2308 607 Ca·
2323 551 2432 608 ‘1104425'

1263 601 1379 632 tliedrali
1396 601 1562 633 Cicestrensi
1579 613 1628 646 per
1642 604 1791 642 Mortem,
1809 604 1982 636 Venerabilis
1995 608 2097 646 Patris,
2118 611 2242 651 Magistri
2259 619 2308 644 Ri-
2326 622 2360 644 H.
2372 605 2396 645 v6
2412 594 2440 618 4-

1263 641 1338 669 card}
1354 643 1457 678 Praty,
1475 651 1564 681 nuper
1579 642 1714 680 hpiscopi
1729 643 1803 673 Loci
1817 643 1888 673 illius
1905 666 1914 681 ,
1932 646 2022 675 eidem
2039 647 2168 678 Ecclesiae
2187 654 2309 688 praedile-
2327 660 2384 683 Par.
2396 642 2442 691 ᾖ..

1264 678 1345 708 <stum
1362 678 1509 709 Clericum
1528 680 1658 710 nostrum
1676 681 1844 720 Magistrum
1859 683 1955 711 Adam
1976 685 2096 722 Moleyns
2118 686 2229 721 Legum
2247 691 2308 721 Do-
2326 699 2360 720 H.
2377 696 2404 722 6,

1265 717 1374 746 &orem
1391 718 1567 757 providerit,
1585 719 1727 757 ipsumque
1744 721 1773 749 in
1789 719 1959 757 Episcopum
1977 722 2051 752 Loci
2067 723 2136 752 illius
2157 717 2307 761 §refecerit
2325 739 2338 767 p
2376 743 2398 759 ι.
2424 742 2461 760 m·

1265 756 1300 797 &t
1308 755 1452 786 Pastorem
1462 756 1549 794 ,ficut
1563 767 1612 794 per
1629 757 1734 788 Literas
1750 757 1865 788 Bullatas
1879 760 1959 796 ipsius
1974 760 2097 790 Domini
2108 761 2221 793 Summi
2236 766 2311 798 Pon-
2328 780 2374 805 24-

1263 795 1359 861 tmlcxils'
1377 796 1462 824 nobis
1477 795 1544 825 inde
1559 796 1695 834 directas,
1713 797 1794 826 nobis
1810 796 1939 835 constat,

1338 842 1385 870 os,

1301 870 1359 900 Pro
1372 881 1408 900 eo
1421 871 1499 908 qued
1516 871 1592 902 idem
1605 872 1704 902 Adam
1718 873 1853 903 omnibus
1867 874 1900 904 δε
1915 874 2029 911 singulis
2042 877 2148 914 verbis,
2166 877 2264 908 Nobis
2282 881 2315 911 &

1266 907 1393 939 Coronae
1408 909 1509 940 nostrae
1527 910 1776 948 praejudicialibus‚
1786 913 1813 941 in
1826 912 1908 943 dietis
1925 913 2025 943 Literis
2040 914 2149 944 Bullatis
2166 921 2316 958 contentis,

1265 957 1364 976 coram
1379 947 1480 977 Nobis
1499 948 1592 985 palfim
1607 950 1641 980 ὃς
1655 949 1782 986 expresse
1802 949 1996 982 Renunciavit
2010 974 2019 989 ,
2038 953 2071 983 &
2089 952 2199 984 Gratiae
2213 956 2316 987 nostrae

1266 986 1406 1032 humiliter
1429 986 1457 1016 se
1482 986 1630 1025 submisit,
1647 989 1772 1019 volentes
1790 998 1859 1019 cum
1879 999 1914 1020 eo
1935 991 1965 1019 in
1987 990 2039 1020 hac
2064 1000 2139 1028 parte
2157 1002 2237 1031 agere
2256 1004 2319 1031 gra-

1263 1032 1352 1062 tiose,

1272 1100 1276 1105 ·
1303 1062 1443 1104 Cepimus
1465 1063 1641 1094 Fidelitatem
1665 1065 1749 1103 ipfius
1768 1066 1862 1104 Adai,
1879 1067 1911 1097 &
1928 1067 2113 1105 Temporalia
2137 1069 2321 1109 Episcopatus

1270 1099 1340 1129 illius
1356 1101 1541 1132 Restituimus
1558 1104 1665 1141 eidem,

1305 1137 1341 1168 Et
1353 1139 1418 1169 ideo
1435 1142 1486 1170 tibi
1502 1140 1687 1181 Praecipimus
1695 1142 1775 1180 quod
1790 1142 1884 1173 eidem
1897 1144 1973 1173 Adae
1980 1144 2162 1182 Temporalia
2176 1147 2321 1187 praedicta,

1270 1180 1539 1220 cum-pertinentiis,
1556 1181 1574 1197 *
1593 1182 1621 1209 iri
1638 1179 1803 1223 Balliva'tua
1818 1204 1828 1219 ,
1847 1182 1964 1212 Liberes
1983 1182 2110 1214 habenda
2126 1186 2155 1215 in
2171 1186 2263 1217 forma
2278 1190 2322 1218 iu·
2360 1180 2378 1199 ³*
2396 1182 2450 1210 XI·

1270 1215 1409 1253 pradicta3
1424 1216 1500 1246 salvo
1513 1218 1580 1254 Jure
1597 1219 1754 1256 cujussibet.
2372 1219 2432 1247 ¹08·

1308 1294 1394 1325 Teste
1411 1295 1494 1336 Rege
1508 1298 1582 1335 apud
1599 1298 1963 1340 Wstmonasterium,tertio
1976 1301 2022 1333 die
2038 1300 2222 1335 Decembris.

1272 1373 1325 1400 Per
1340 1374 1430 1402 Breve
1444 1373 1476 1402 de
1496 1376 1617 1404 Privato
1639 1375 1744 1443 Sigilg,
1756 1376 1800 1444 l&
1820 1376 1851 1405 de
1869 1381 1952 1423 ,Data
1966 1379 2102 1417 praedift‘a
2117 1404 2128 1419 ,
2145 1382 2326 1413 Aufforitate

1721 1425 1754 1443 ar
1765 1423 1886 1445 tament:-

1275 1487 1442 1519 Consitnilia
1457 1488 1555 1533 Brevia
1571 1489 1937 1533 diriguntur-Escaetoribus
1950 1493 2105 1532 subscriptis
2119 1517 2130 1533 ,
2148 1496 2178 1526 in
2194 1495 2325 1529 Comita-

1448 1529 1522 1558 tibus
1534 1529 1706 1567 subscriptis,
1726 1530 1774 1559 iub
1788 1529 1886 1560 eadem
1900 1530 1990 1570 Data3
2009 1534 2156 1573 videlicet,

1278 1602 1419 1643 Eftaetori
1432 1606 1508 1641 Regis
1523 1608 1551 1634 in
1568 1609 1638 1635 Com,
1656 1607 1759 1636 Midds.

1278 1641 1386 1689 Dilec‘iffo
1399 1646 1475 1689 Regis
1489 1643 1603 1673 Simoni
1613 1643 1669 1690 liyr
1684 1646 1790 1684 Majori
1804 1648 1936 1676 Civitatis
1943 1646 2002 1684 ficae
2016 1647 2165 1679 Londom'ae
2177 1648 2214 1685 ὁ·
2224 1650 2323 1690 Escae-

1316 1688 1371 1710 tort
1378 1682 1430 1720 juo
1444 1693 1471 1710 in
1486 1682 1578 1712 eadem
1586 1686 1722 1715 Ctvz‘tate.

1314 1757 1352 1788 Et
1367 1757 1538 1789 Mandatum
1553 1759 1594 1789 est
1609 1759 1764 1800 Militibus,
1780 1763 1841 1793 &e

1501 1898 1558 1928 Pro
1576 1897 1713 1942 Eptfiopo
1734 1899 1765 1928 in
1785 1894 1927 1929 Partibus
1942 1898 2084 1942 Islann'iae.

1346 1980 1433 2019 EX,
1451 1983 1497 2018 per
1512 1981 1620 2013 Literas
1640 1982 1697 2014 suas
1720 1982 1864 2021 Parentes,
1881 1993 1930 2021 per
1946 1993 2039 2015 unum
2061 1984 2178 2016 Annum
2198 1986 2332 2023 proxim'o
2355 1990 2429 2021 Ann,
2442 1990 2473 2021 D

1363 2020 1491 2063 futurum
1505 2019 1661 2058 duraturas,
1679 2021 1795 2058 suscepit
1809 2023 1837 2051 in
1853 2022 2083 2061 Protectionem,
2102 2024 2272 2054 Tuitioneni
2284 2026 2333 2060 ,&
2373 2038 2456 2067 1445,
2477 2027 2483 2033 ”

1283 2058 1507 2096 Defeniionem,
1522 2068 1554 2088 ac
1568 2059 1678 2090 Salvam
1695 2059 1835 2090 Gardiam
1846 2060 1905 2091 suas
1919 2061 2050 2098 speciales
2058 2062 2253 2092 Venerabilem
2261 2063 2335 2091 God-
2353 2072 2405 2095 An.
2417 2079 2463 2104 24·

1278 2098 1390 2167 {dnum
1406 2096 1558 2141 Scalo'tenfis
1575 2097 1698 2142 Ecclefiae
1719 2098 1874 2143 Eprfiopupt
1895 2100 1924 2129 in
1946 2099 2075 2131 Partibus
2093 2100 2129 2131 de
2153 2100 2285 2139 Issandia,
2302 2102 2332 2131 in
2356 2111 2387 2133 H.
2410 2109 2437 2136 6,

1283 2146 1391 2218 κὲξῗὲζ
1405 2135 2186 2216 {3553{Effirffiffisfnffiffieffiffisssei‘z‘ssssiis‘leffc
2199 2140 2337 2209 {5533ss
2351 2148 2398 2211 ¹13?
2401 2155 2437 2210 ’Ξῖ
2442 2154 2476 2181 ²*
2482 2166 2487 2173 '

1281 2214 1334 2245 suis
1349 2213 1449 2257 licitis,
1467 2223 1500 2244 ac
1516 2223 1582 2245 cum
1595 2215 1663 2244 vasis
1676 2216 1830 2254 argenteis,
1848 2216 1881 2246 &
1891 2214 2056 2253 Jocalibus,
2074 2226 2128 2253 pro
2143 2215 2220 2247 Statu
2227 2216 2275 2247 suo
2288 2227 2338 2247 tie-
2356 2232 2393 2251 m.
2417 2231 2444 2258 3.

1283 2251 1404 2284 cessarus
1419 2275 1428 2290 ,
1444 2262 1555 2283 necnon
1577 2253 1708 2290 Argento
1722 2255 1756 2285 &
1770 2254 1850 2284 Auro
1871 2255 1902 2284 in
1922 2253 2015 2284 Maffa
2031 2254 2168 2284 Ponderis
2191 2256 2291 2294 viginti
2305 2257 2339 2286 &

1289 2292 1374 2322 trium
1390 2290 1555 2321 Marcamm
1567 2291 1676 2330 Troie,
1695 2301 1749 2329 pro
1772 2291 1917 2323 Calicibus
1930 2293 1964 2323 ὃ(
1979 2293 2035 2322 aliis
2053 2291 2130 2324 Vasis
2143 2292 2345 2324 Ecclesiasticis

1284 2330 1319 2361 ad
1341 2329 1496 2359 Honorem
1518 2329 1575 2360 Dei
1590 2330 1624 2361 δε
1637 2330 1772 2361 Ecclefiae
1785 2331 1841 2361 suae
1854 2330 1922 2361 inde
1934 2330 2031 2361 fiendis
2039 2352 2049 2368 ,
2069 2331 2160 2362 versus
2171 2331 2265 2362 Partes
2279 2331 2338 2362 suas

1284 2369 1410 2406 proprias
1422 2368 1448 2399 se
1462 2368 1643 2407 divertendo,
1662 2371 1696 2401 &
1711 2368 1812 2400 exinde
1829 2368 2009 2408 ianegnum
2031 2368 2124 2406 Regis
2145 2370 2337 2408 praedictum,

1290 2417 1360 2437 cum
1377 2406 1583 2445 Familiaribus,
1601 2407 1704 2445 Equis,
1724 2407 1826 2446 Bonis,
1841 2406 1960 2445 Rebus,
1978 2408 2011 2439 &
2025 2407 2168 2439 Hernesiis
2189 2408 2242 2439 suis
2261 2410 2346 2439 licitis

1287 2445 1455 2476 &honestis
1469 2468 1479 2484 ,
1496 2446 1666 2475 reveniendo
1681 2468 1691 2484 ,
1715 2445 1823 2476 ibidem
1836 2446 1994 2485 morando,
2018 2446 2122 2477 Νοᾶε
2144 2446 2259 2485 Dieque
2277 2458 2341 2485 per-

1289 2484 1474 2514 heiidinando
1487 2506 1498 2521 ,
1515 2483 1548 2513 &
1571 2484 1672 2514 exinde
1696 2484 1788 2515 versus
1808 2483 1903 2515 Partes
1925 2484 1982 2516 suas
2003 2486 2127 2525 proprias
2140 2508 2151 2524 ,
2167 2486 2295 2525 quotiens
2310 2487 2345 2518 δε

1289 2523 1402 2561 quando
1414 2523 1463 2552 sibi
1477 2522 1607 2561 placuerit
1621 2545 1631 2561 ,
1647 2522 1810 2562 redeundo3

1328 2561 1444 2591 Proviso
1459 2561 1567 2598 semper
1581 2561 1659 2599 quod
1673 2561 1750 2592 idem
1760 2560 1957 2601 Epiftopus,'ac
1972 2562 2130 2594 Familiares
2143 2562 2183 2593 sui
2196 2561 2343 2601 praediffi,

1290 2600 1336 2629 vel
1351 2610 1453 2630 eorum
1468 2599 1580 2639 aliquis,
1596 2601 1746 2639 quicquam
1763 2601 1794 2631 in
1810 2602 1986 2632 contrarium
1998 2601 2098 2640 Pacis,
2112 2602 2185 2631 inter
2199 2604 2294 2639 Regem
2308 2603 2342 2632 &

1289 2641 1384 2676 Regem
1400 2642 1494 2668 Daciae
1509 2647 1598 2675 nuper
1612 2647 1700 2676 captae
1715 2639 1749 2670 &
1762 2639 1924 2677 conclusae,
1942 2640 1987 2670 seu
2032 2641 2163 2678 uicquam
2177 2663 2188 2678 ,
2214 2640 2290 2678 quod
2312 2641 2343 2670 in

1290 2677 1382 2714 Regis
1395 2686 1442 2708 aut
1457 2676 1557 2714 Regni
1570 2675 1608 2706 sui
1622 2677 1820 2714 praejudicium
1834 2677 1880 2709 seu
1894 2677 1998 2716 Populi
2023 2680 2052 2710 ui
2067 2679 2225 2716 dampnum
2241 2678 2341 2709 cedere

1290 2716 1394 2754 valeat,
1411 2725 1472 2746 non
1485 2723 1669 2754 attemptent,
1685 2716 1730 2747 seu
1746 2724 1911 2755 attemptet,
1929 2725 1975 2748 aut
1989 2719 2149 2756 attemptari
2162 2716 2254 2748 facere
2267 2727 2341 2755 prae-

1290 2754 1415 2792 sument,
1433 2753 1477 2784 vel
1493 2752 1639 2791 praesumat
1654 2755 1754 2792 quovis
1765 2755 1865 2786 modo.
1940 2758 1944 2763 '

1325 2791 1414 2824 Teste
1434 2792 1518 2830 Rege
1535 2791 1608 2830 apud
1620 2792 1893 2833 Wstmonasterium,
1912 2804 2012 2832 quarto
2027 2794 2073 2825 die
2086 2793 2269 2825 Decembris.

1365 2920 1527 2954 Trattasus
1533 2919 1625 2966 fitper
1641 2922 1847 2967 Progoratione
1865 2920 2058 2968 Treugarum
2078 2920 2280 2966 Confirmatio.
2381 2927 2427 2958 ΞΟ

1292 3006 1414 3063 REX
1429 3005 1591 3044 Omnibus,
1609 3005 1649 3036 ad·
1659 3015 1742 3044 quos,
1760 3008 1821 3038 &c.
1840 3006 1974 3038 Salutem.

1385 3045 1431 3076 IN
1442 3054 1454 3075 s
1466 3054 1484 3075 i>
1493 3053 1511 3075 E
1520 3053 1538 3074 x
1549 3053 1560 3073 1
1568 3051 1594 3073 M
1603 3052 1626 3074 u
1636 3053 1648 3074 s
1667 3044 1802 3082 quasdam?
1811 3046 1918 3076 Literas
1926 3045 2054 3076 Patentes
2069 3044 2201 3077 cariffimi
2213 3045 2340 3076 Conssn-
2360 3033 2436 3066 Am·
2451 3033 2494 3066 D·

1294 3085 1392 3123 guinei
1412 3082 1500 3114 nostri
1516 3081 1657 3112 Willielmi
1676 3082 1706 3111 de
1725 3082 1754 3112 la
1770 3083 1831 3113 Pole
1846 3083 2016 3113 Marcln'onis
2035 3082 2073 3118 ὠ·
2088 3087 2197 3113 Comitis
2211 3083 2337 3122 Suffilsiae
2389 3073 2474 3111 1446.

1295 3123 1399 3162 Magni
1413 3121 1466 3152 Ma
1487 3121 1544 3151 istri
1563 3120 1689 3158 Hospitii
1703 3121 1808 3160 nostri,
1827 3122 1860 3153 &
1873 3122 1992 3153 aliorum
2007 3121 2274 3153 Commissariorum
2288 3132 2340 3152 no·
2359 3115 2467 3147 An.24,

1295 3163 1415 3193 strorum
1432 3184 1441 3199 ,
1481 3159 1560 3199 igillis
1574 3159 1626 3190 suis
1643 3158 1766 3199 figillatas
1779 3183 1789 3198 ,
1807 3161 1938 3199 quaedam
1954 3161 2219 3199 Appunc‘tuamenta
2234 3170 2281 3197 per
2299 3161 2342 3200 ip-
2361 3154 2396 3194 H..
2415 3152 2442 3177 ⁶·

1295 3202 1353 3239 sos,
1371 3208 1506 3238 praetexm
1517 3197 1701 3237 quarumdam
1709 3199 1865 3229 Literarum
1876 3199 2036 3230 nostrarum
2049 3199 2206 3229 Parentium
2215 3221 2224 3235 ,
2241 3199 2279 3228 eis
2291 3209 2342 3229 nu-
2361 3188 2423 3216 md·
2438 3196 2475 3216 '⁷’-

1296 3251 1345 3278 per
1356 3239 1526 3269 direstarum
1535 3260 1544 3276 ,
1563 3239 1596 3269 &
1609 3245 1698 3268 certos
1713 3237 1931 3269 Ambaffiatores
1944 3240 1977 3270 &
1993 3237 2206 3269 Commiiiirios
2220 3236 2342 3268 Serenis-
2361 3226 2390 3254 8·

1297 3279 1359 3309 simi
1372 3277 1513 3314 Principis
1525 3274 1669 3306 Avunculi
1683 3275 1762 3316 nestri
1774 3280 1899 3307 Franciae
1914 3300 1925 3316 ,
1941 3277 2021 3314 super
2035 3275 2233 3313 Prorogatione
2247 3274 2343 3306 Treu-

1297 3327 1394 3357 garum
1410 3339 1420 3355 ,
1437 3317 1470 3348 &
1486 3314 1581 3345 Novis
1594 3315 1673 3345 Treu
1695 3316 1716 3346 is
1731 3340 1740 3354 ,
1758 3317 1830 3346 inter
1846 3315 1915 3346 Nos
1929 3338 1939 3353 ,
1956 3317 1990 3347 &
2010 3314 2106 3351 Regna
2124 3335 2133 3350 ,
2154 3312 2344 3353 Dominiaque

1298 3355 1408 3393 nostra,
1426 3365 1460 3385 ac
1472 3353 1606 3384 Subditos
1620 3364 1660 3384 no
1688 3364 1748 3392 ros,
1764 3364 1876 3385 necnon
1891 3354 2039 3392 Alligatos,
2058 3350 2293 3392 Confoederatos,
2310 3354 2344 3384 δε

1298 3395 1365 3426 alios
1382 3393 1479 3424 Nobis
1495 3392 1677 3423 Adhaerentes
1692 3415 1701 3430 ,
1719 3402 1753 3423 ex
1769 3403 1822 3423 una
1838 3402 1916 3430 parte
1932 3414 1942 3429 ‚
1961 3393 1994 3422 &
2007 3388 2151 3429 praefatum
2168 3390 2345 3420 Avunculum

1299 3433 1416 3472 nostrum
1431 3455 1442 3471 ,
1466 3431 1565 3470 suaque
1580 3431 1662 3461 Loca
1675 3432 1708 3462 &
1724 3431 1864 3461 Dominia
1880 3440 1942 3468 quse
1956 3429 2041 3458 habet
2059 3427 2103 3457 vel
2119 3437 2184 3466 quae
2199 3429 2348 3464 praetendit

1299 3473 1402 3503 habere
1418 3493 1427 3509 ,
1447 3480 1562 3501 necnon
1581 3470 1716 3508 Alligatos
1730 3492 1739 3507 ‚
1759 3468 1976 3499 Confoederatos
1989 3487 1999 3504 ,
2024 3474 2057 3495 ac
2080 3465 2130 3496 fibi
2150 3465 2349 3506 Adhaerentes,

1300 3520 1376 3549 parte
1389 3519 1424 3540 ex
1436 3509 1536 3546 altera,
1554 3508 1613 3538 tam
1630 3518 1679 3545 per
1693 3508 1832 3551 Terram,
1849 3508 1934 3544 quam
1948 3513 1995 3542 per
2006 3502 2090 3535 Mare
2103 3526 2115 3543 ,
2132 3513 2223 3543 nuper
2238 3504 2344 3537 firmata

1301 3551 1335 3582 &
1349 3547 1496 3584 conclusa,
1514 3546 1659 3583 habendi,
1677 3555 1869 3582 continentes,

1337 3587 1431 3618 Pastas
1444 3586 1473 3614 in
1486 3585 1548 3615 haec
1559 3584 1671 3623 Verba,

1342 3660 1504 3694 Willielmus
1517 3661 1549 3690 de
1563 3660 1590 3689 la
1605 3660 1668 3690 Pole
1682 3656 1948 3700 Marchio&cqmes
1963 3655 2092 3696 Suffilciae
2111 3657 2234 3696 Magnus
2247 3655 2346 3696 Magi-

1304 3701 1357 3732 ster
1373 3699 1495 3737 Hospitii
1511 3721 1521 3737 ,
1537 3698 1634 3728 Adam
1652 3697 1772 3735 Molqyns
1793 3695 1927 3738 Eccleiiae
1942 3694 2123 3728 Cicestrensis
2140 3696 2254 3727 Eleous
2269 3693 2352 3726 Con-i

1305 3741 1430 3770 firmatus
1452 3736 1557 3767 Custos
1577 3735 1683 3766 Privati
1699 3733 1790 3769 Sigilli
1808 3734 1892 3772 Regii
1907 3756 1917 3770 ,
1933 3734 2077 3772 Johannes
2093 3739 2236 3766 Vicetomcs
2258 3735 2350 3763 Bean—

1306 3785 1382 3808 mont
1397 3774 1626 3806 Constabularius
1640 3796 1649 3810 ,
1667 3773 1700 3803 &
1721 3771 1874 3810 Radulphus
1888 3772 2002 3802 Botiller
2015 3773 2160 3803 Dominus
2175 3772 2211 3801 de
2232 3771 2351 3812 Sudeley

1306 3812 1627 3880 ThesauraritgslAnglize
1641 3833 1650 3848 ,
1657 3809 1799 3878 Igniversis
1814 3809 1922 3842 Christi
1939 3810 2079 3842 Fidelibus
2093 3834 2103 3849 ‚
2121 3811 2168 3840 has
2184 3810 2291 3840 Literas
2307 3811 2352 3841 in-

1339 3855 1439 3884 eeturis
1495 3861 1509 3880 a
1521 3859 1597 3880 utem
1611 3859 1640 3878 m
1690 3857 1800 3878 omino.

1345 3892 1425 3922 Cum
1440 3899 1540 3925 nuper,
1559 3886 1632 3924 apud
1642 3885 2001 3918 CivitatemTuronensem
2041 3886 2170 3916 videlicet
2209 3885 2355 3917 Vicefimo

1307 3854 1336 3892 sp
1447 3874 1456 3889 '
1476 3929 1479 3931 >
1596 3925 1603 3929 ³
1691 3926 1707 3931 ιι
1940 3926 1944 3931 ι
1971 3926 1975 3931 t

1309 3930 1425 3960 octavo
1442 3927 1498 3956 Die
1513 3925 1618 3969 Menlis
1633 3923 1709 3969 Man
1721 3947 1731 3962 ,
1749 3925 1838 3956 Anno
1853 3925 1977 3968 Domini
1992 3947 2002 3962 ,
2025 3923 2178 3954 secundum
2194 3922 2358 3962 Computa—

1309 3961 2360 4046 essssaezisssseahffsslssssme2eritnzsstzssaamssedtei:

1311 4043 1451 4074 lentisfimi
1467 4039 1604 4076 Prmcrpis
1612 4042 1741 4078 Henrici,
1759 4041 1817 4071 Dei
1832 4042 2092 4077 gratia,Regnorum
2105 4037 2359 4075 Angliae&Fran-

1313 4094 1357 4112 (1ae
1381 4083 1454 4116 Regis
1470 4099 1480 4113 ,
1505 4078 1537 4108 ὅ(
1558 4081 1670 4108 Domini
1687 4080 1826 4108 Hibernia*
1838 4100 1847 4115 ‚
1874 4078 1893 4097 ²*
1913 4076 2127 4107 Ambaffiatores
2147 4076 2302 4115 solempnes
2320 4079 2354 4118 &c
2391 4084 2409 4104 ιιι
2427 4084 2480 4111 χῖ,

1313 4119 1449 4150 Nuncios
1463 4115 1590 4153 speciales
1604 4126 1637 4149 ex
1652 4127 1706 4148 uria
1721 4139 1730 4155 ‚
1748 4118 1781 4148 δε
1797 4115 1966 4148 Sereniffimi
1980 4116 2013 4148 ὃς
2030 4113 2205 4147 Inustriffimi
2217 4115 2356 4157 Principis
2389 4131 2454 4158 109·

2277 4162 2360 4184 cans-
