2555 4266
20 277 97 311 Ann.
107 275 148 307 D.

40 316 128 355 1478·

18 356 85 385 Edu.
100 364 128 391 4..

3 2078 23 2110 ὁ
42 2090 112 2119 xit.

0 3132 79 3164 Ano:
94 3131 136 3164 D.

22 3172 110 3210 1478.

0 3214 54 3238 Aa.
74 3211 119 3238 18.

0 3252 31 3275 Ε.
56 3258 85 3283 4.

0 3290 39 3313 Ex
53 3291 112 3314 Au-

0 3330 63 3361 tagr-

713 187 824 228 ET
890 186 1173 229 ‘ACTA
1255 182 1728 234 PU'BLICA.

162 275 209 308 vel
229 274 313 307 etiam
329 282 381 312 per
400 273 571 305 Pannarium
585 284 596 311 ς
611 273 697 303 etiarn
718 273 794 304 nulla
814 273 856 304 est
878 273 968 305 Causa
989 283 1073 312 quare
1098 282 1147 311 pet
1172 279 1222 316 eos

166 316 408 350 committeretur,
425 313 491 351 quia
505 311 653 342 Mercator
670 312 831 343 Groffii-ius
846 312 907 352 plus
920 314 996 349 capit
1005 312 1179 342 Detrimenti
1193 319 1224 340 in

164 351 373 384 Diffamatione
392 351 535 382 Lanarum
556 351 685 388 suarum,
704 353 789 389 quirin
814 351 966 382 extendere
985 350 1077 387 potest
1095 348 1225 379 Emenda

163 399 230 430 quae
242 389 415 427 adjudicatur
430 390 572 420 Pannariis
582 390 683 427 ,etiarn
696 400 754 419 non
773 388 864 426 potest
877 389 1059 419 committere
1075 388 1098 417 F
1100 388 1225 424 raudem,

162 430 233 460 cum
249 428 336 458 Lanae
347 428 403 458 suae
418 438 468 466 per
480 428 592 467 Jutatos
605 428 639 458 ad
653 429 717 458 haec
727 428 879 457 visitentur.
1150 463 1155 468 .

199 467 309 504 ITEM,
327 467 406 504 super
425 477 460 497 eo
481 466 563 504 quod
583 467 720 497 Oratores
741 468 916 495 Dominarum
938 466 1044 492 Ducum
1065 464 1224 506 Qierimo-

162 506 239 536 niam
261 505 390 536 fecerunt
407 505 443 536 de
470 505 544 543 hoc,
564 504 643 542 quod
664 507 796 534 Dominus
818 506 878 532 Rex
898 511 997 532 contra
1011 501 1225 532 Institutionem

161 543 282 581 Stapulae
307 543 440 582 Calefize,
461 554 526 583 quse
541 543 593 574 fuit
615 542 743 572 instituta
766 551 819 578 pro
842 540 978 571 omnibus
1004 541 1098 570 Patriis
1124 539 1224 570 Ultra-

160 584 276 613 marinis
292 583 359 613 huic
376 583 484 622 Regno
500 582 656 618 contiguis,
674 580 759 609 mittit
773 580 803 608 in
821 578 969 609 Franciam
992 579 1080 609 bonas
1102 580 1136 609 ὅ(
1155 578 1224 607 fines

162 621 255 652 Lanas
271 620 389 652 Calefiae
402 631 461 651 non
476 620 643 658 Stapulatas,
663 617 871 654 Privilegicndo
887 619 914 647 in
929 618 987 647 hoc
1001 619 1088 657 magis
1098 617 1223 647 Francos

162 670 250 699 quam
273 660 408 691 Subdiros
425 662 602 689 Dominarum
621 659 742 691 Ducum,
763 656 810 693 qui
833 666 892 686 non
916 656 1031 693 possunt
1053 657 1118 686 tales
1133 656 1222 686 Lanas

162 709 224 729 non
247 699 401 737 Stapulatas
424 698 545 733 Emere;
565 695 640 732 quod
664 703 694 725 ut
713 693 749 725 de
772 702 877 725 caetero
892 705 953 725 non
968 695 1013 726 fiat
1028 694 1222 725 instantiffime

162 739 296 776 petebant
311 737 443 767 Oratores
458 734 602 772 praediffi:
743 774 747 778 ἡ
773 774 776 778 .
1217 773 1222 777 ¹

199 776 487 807 Responmzimnr
506 772 642 802 Oratores
666 774 776 800 Donum
796 774 875 809 Regis
891 772 981 802 solum
1004 771 1120 810 Regem
1136 796 1145 809 ,
1175 782 1224 810 qm

164 815 290 854 Legibus
311 815 345 845 ὃς
368 809 603 842 Ordinationibus
627 809 853 848 quibuscumque
874 809 978 841 solutus
1000 811 1040 841 est
1057 835 1067 849 ‚
1086 811 1149 842 talia
1169 821 1222 848 pro

163 853 339 884 Commodo
352 851 468 889 proprio
484 848 564 880 semel
581 848 672 878 solum
688 848 800 886 fecisse,
818 853 949 887 iuamque
965 849 1170 881 Celiitudinem
1188 849 1223 880 si-

160 902 197 924 ne
211 890 305 922 Causa
318 889 354 920 de
367 897 473 919 caetero
488 897 547 918 non
563 886 699 917 facturam
714 888 915 924 promiserunt:

199 930 280 968 Qua
299 928 535 957 Responsionss
555 924 692 955 Oratores
708 929 880 956 Dominarum
903 929 1010 956 Ducum
1029 937 1088 957 non
1110 927 1222 960 fuerunt

159 967 306 1004 contenti,
326 965 496 996 Rationibus
515 964 638 1001 superius
655 974 704 1001 per
718 974 766 995 eos
780 965 918 1004 allegatis,
937 965 976 997 Et
991 966 1089 997 mansit
1107 966 1154 998 hic
1167 968 1223 998 Ar-

159 1006 260 1039 ticulus
272 1006 301 1036 in
316 1004 434 1042 supenso
446 1014 505 1034 non
522 1002 733 1034 Concordatus.

194 1082 302 1111 Notum
313 1079 431 1118 facimus
451 1080 534 1118 quod
556 1079 642 1118 Nos,
659 1090 713 1118 pro
734 1079 817 1110 Bono
838 1080 871 1111 ὃς
883 1080 1055 1111 Commodo
1073 1081 1223 1113 Domino-

158 1130 222 1152 rum
255 1119 423 1157 Principum
445 1118 611 1149 nostrorum
639 1119 841 1157 praediClorum
860 1142 870 1156 ,
895 1119 1161 1159 Dominiorumque
1188 1123 1223 1152 ὃς

158 1159 348 1191 Subditorum
365 1158 479 1188 suorum
496 1156 650 1196 hincinde,
667 1157 810 1188 nonnullis
831 1157 1032 1195 Capitulorum
1053 1159 1087 1190 &
1108 1161 1222 1191 Articu-

158 1198 253 1228 lorum
269 1196 493 1235 supradictorum
510 1196 611 1227 Finem
624 1196 658 1226 &
676 1195 902 1226 Conclufionem
921 1197 1071 1233 imponere
1085 1199 1223 1238 volentes,

157 1238 271 1269 Virtute
288 1236 484 1274 Facultatum,
503 1235 713 1265 Auetoritatum
724 1257 734 1272 ,
751 1236 784 1265 ὃς
800 1234 993 1272 Potestatum,
1010 1246 1060 1273 per
1076 1237 1224 1273 praedictas

157 1275 290 1306 Parentes
305 1275 411 1305 Literas
430 1274 475 1304 seu
492 1272 719 1304 Commiffiones
738 1272 837 1302 Nobis
860 1272 1023 1303 traditarum
1045 1275 1079 1305 ὃς
1104 1285 1223 1307 conces-

158 1315 265 1352 strum,
284 1324 337 1352 pro
355 1315 387 1345 ὅ(
405 1313 541 1343 Nomine
555 1312 678 1349 ipsorum
697 1311 881 1349 Principum,
900 1313 927 1341 in
953 1322 1090 1350 quantum
1107 1324 1156 1344 eos
1176 1316 1221 1347 seu

160 1363 263 1383 eorum
277 1353 394 1383 alterum
408 1352 588 1389 ipsorumque
602 1350 738 1380 hincinde
755 1349 892 1380 Dominia
902 1351 935 1381 ὃς
949 1351 1083 1383 Subditos
1106 1362 1223 1391 tangere

161 1392 208 1422 seu
223 1400 399 1422 concernere
411 1389 521 1428 potest,
539 1389 590 1418 hiis
604 1388 701 1419 Modo
714 1389 747 1419 &
761 1388 868 1419 Forma
884 1390 916 1420 ἃ
932 1399 985 1427 pro
1000 1390 1032 1420 ea
1054 1391 1138 1421 Parte
1161 1395 1223 1431 qui-

162 1431 215 1461 bus
235 1440 284 1468 per
308 1428 488 1467 suprascripta
513 1428 577 1458 sunt
595 1426 797 1463 Concordata,
816 1427 988 1465 Acceptata,
1007 1429 1041 1459 &
1061 1429 1222 1471 Conclusa,

160 1469 385 1506 Acceptavimus
399 1491 409 1506 ,
430 1466 684 1503 Emologavimus,
703 1466 736 1495 &
763 1465 826 1503 ipsis
849 1465 1051 1497 consensimus
1066 1491 1074 1504 ,
1100 1478 1133 1499 ac
1161 1471 1222 1501 Te-

159 1518 232 1538 nore
252 1507 436 1538 Praesentium
455 1505 512 1544 ipsa
531 1505 740 1542 Acceptamus,
759 1503 984 1543 EmologamuS,
1004 1506 1038 1536 ὃς
1058 1507 1122 1544 ipsis
1137 1507 1222 1540 Con-

157 1547 176 1576 s
219 1547 309 1576 imus·

170 1555 401 1615 exigrotnit’tentes
420 1582 491 1613 Nes
506 1606 516 1621 ,
540 1579 655 1610 Thomas
673 1580 705 1611 de
725 1579 817 1610 Plana
833 1582 865 1613 ὃ(
879 1579 978 1620 Justus
998 1581 1134 1614 Baldinus
1151 1613 1160 1627 ,
1189 1601 1222 1623 u-

154 1621 360 1659 triusqueJuris
378 1621 542 1658 Doemres,
559 1619 771 1656 Commiffarii,
788 1620 923 1657 Deputati
937 1645 945 1658 ,
966 1622 999 1652 ὃ(
1022 1623 1223 1661 Procuratores

156 1661 310 1700 antedicti,
325 1670 380 1698 pro
394 1660 475 1691 dietis
488 1661 613 1689 Dominis
628 1658 764 1694 Ducibus,
781 1660 862 1696 quod
876 1658 926 1696 ipsi
941 1661 1074 1693 nraedieta
1083 1664 1221 1699 Concor-

157 1700 221 1732 data
243 1708 293 1737 per
312 1699 418 1730 Literas
440 1698 497 1728 suas
523 1697 654 1727 Parentes
678 1696 875 1728 Ratificabunt
891 1720 900 1735 ,
921 1697 1144 1735 Confirmabunt
1158 1730 1166 1743 ‚
1185 1708 1219 1738 &

156 1738 386 1776 Approbabunt,
400 1737 600 1773 tradenturque
620 1735 725 1766 Literae
747 1735 950 1766 Ratificatoriae
970 1742 1139 1773 eorumdem
1160 1749 1222 1776 Do-

153 1781 285 1807 minarum
298 1779 419 1813 Ducum,
438 1777 468 1806 in
483 1774 558 1805 Villa
575 1773 710 1812 Calesiae,
724 1775 753 1804 in
768 1774 903 1806 Manibus
918 1775 1043 1808 Domini
1061 1780 1222 1815 Locumte-

157 1816 267 1854 nentis,
284 1815 332 1846 vel
346 1816 376 1845 in
389 1815 448 1854 ejus
462 1812 597 1844 Absenti&
613 1812 772 1844 Marescalli
793 1813 879 1844 didiae
903 1814 1003 1855 Villae,
1022 1817 1158 1860 Calesiae,
1177 1824 1221 1854 in-

157 1855 200 1886 fra
212 1853 286 1885 Tres
299 1853 414 1884 Menses
426 1853 566 1891 proximo
577 1852 704 1890 futuros,

191 1892 217 1923 A
232 1902 291 1931 quo
307 1891 444 1922 Domino
463 1892 695 1922 Locumtenente
711 1890 768 1922 sive
785 1890 953 1923 Marescallo
966 1902 1035 1926 tunc
1056 1897 1089 1928 ὃς
1111 1899 1219 1932 ibidem

153 1932 200 1963 ille
219 1931 266 1962 vel
288 1930 344 1969 illi,
363 1932 413 1968 qui
439 1929 547 1960 Literas
567 1929 714 1961 dic‘torum
737 1932 914 1965 Dominorum
935 1935 1042 1964 Ducum
1062 1938 1152 1969 tradet
1175 1940 1221 1971 seu

152 1971 263 2003 tradent
273 1992 282 2007 ‚
301 1968 462 2001 consimiles
476 1968 583 2000 Literas
596 1978 650 2006 pro
662 1968 744 2000 Parte
756 1971 870 2000 Domini
882 1973 960 2007 Regis
973 1974 1089 2011 recipiet
1110 1977 1155 2008 seu
1177 1989 1221 2010 re-

154 2020 181 2040 ci
206 2018 271 2039 ient.

183 2019 382 2078 pDimittentes
395 2045 505 2088 insuper
520 2045 588 2076 alios
613 2044 759 2077 Articulos
781 2046 906 2084 superius
931 2058 1100 2090 contentos,
1118 2055 1167 2092 qui
1190 2057 1221 2087 in

155 2085 337 2117 Difficultate
349 2087 382 2117 &
398 2084 568 2116 Disterentizi
588 2084 780 2116 remanserunt
803 2094 862 2115 non
884 2091 1021 2125 acceptati
1041 2091 1060 2110 ³*
1079 2092 1125 2122 seu
1147 2104 1221 2125 con-

155 2125 280 2162 cordati,
299 2125 333 2155 &
349 2123 521 2162 quoscumq,
536 2124 604 2154 alios
615 2122 783 2161 praedictam
799 2123 942 2167 Stapulam
959 2126 1076 2159 Calefiae
1099 2141 1220 2164 concer-

156 2172 274 2201 nentes,
291 2163 320 2192 in
346 2161 522 2192 anterioribus
545 2165 636 2192 Dictis
655 2171 903 2201 communicatos,
923 2165 957 2196 ὃς
978 2166 1008 2196 in
1033 2167 1123 2200 Libro
1139 2171 1220 2209 super

154 2202 214 2233 hoe
228 2201 367 2232 consedio
382 2201 552 2237 declaratos,
569 2202 606 2230 de
621 2200 724 2239 quibus
740 2201 811 2230 inter
826 2201 894 2232 Nos
901 2203 1036 2240 praeftnte
1052 2208 1140 2238 Dietd
1155 2211 1220 2240 nul-

148 2240 175 2271 la
192 2240 430 2271 Communicatio
449 2239 500 2270 fuit
514 2239 624 2276 habita,
641 2249 690 2278 per
706 2239 827 2269 modum
841 2240 980 2272 Recessfis
988 2245 1130 2284 praesentis
1152 2252 1221 2279 Die-

149 2286 206 2318 tae,
224 2280 253 2309 in
268 2288 404 2316 quantum
422 2278 494 2315 ipsos
511 2278 656 2309 Articulos
672 2287 868 2316 concernunt,
887 2281 917 2310 in
933 2280 1012 2312 Statu
1028 2285 1056 2312 in
1071 2294 1130 2322 quo
1140 2288 1219 2327 sunt,

150 2319 181 2348 in
203 2317 358 2355 SuspensO,
376 2317 462 2355 usque
480 2316 515 2347 ad
534 2320 689 2354 proximam
713 2319 844 2355 Dietam,
862 2319 907 2348 vel
934 2319 1005 2350 alias
1013 2319 1130 2360 futuras
1150 2328 1218 2356 Die-

149 2365 212 2396 tas,
231 2355 408 2394 inexpeditos
422 2355 605 2386 inconclusos
621 2356 655 2387 &
669 2365 729 2385 non
743 2355 970 2388 Determinatos.

188 2433 224 2465 In
246 2442 372 2471 quorum
394 2433 528 2463 omnium
559 2431 658 2462 Fidem
684 2431 718 2462 δε
751 2431 968 2465 Testimonium
1001 2435 1219 2473 Praemifforum

150 2474 242 2509 Nos,
258 2471 455 2502 Commiffarii
474 2472 508 2502 ὅτ,
533 2470 732 2502 Procuratores
752 2471 896 2510 praediffl,
916 2474 1062 2510 praesentes
1080 2478 1219 2512 Manibus

150 2511 253 2543 nostris
267 2510 504 2550 subfignavimus,
521 2509 638 2548 ipsisque
653 2509 748 2548 sigilla
763 2509 858 2541 nostra
870 2513 1060 2550 apposuimus.

189 2592 260 2624 Dat.
281 2595 310 2623 in
327 2591 412 2631 opido
436 2589 569 2630 Inficlenfi
579 2589 668 2620 Anno
682 2589 806 2620 Domini
824 2589 999 2633 Millefimo,
1020 2595 1220 2634 Qadrjnnen-

153 2631 270 2670 tefimo,
288 2629 500 2669 Septuagefimo
513 2630 634 2667 octavo,
654 2628 839 2666 MenfisJulii
847 2629 906 2661 Die
919 2630 1116 2667 Duodecima.
1150 2626 1169 2638 ε’

183 2710 210 2750 J.
229 2710 390 2742 Cooxcss.

184 2749 226 2780 T.
248 2759 297 2780 Dr:
318 2749 498 2780 Pteme.

183 2788 347 2827 Jusrus
368 2788 600 2818 BALntnus.

306 2867 360 2898 Sub
374 2866 473 2905 Sigillis
489 2866 746 2906 Comrnfflriorum,
762 2869 941 2907 pendentibus
964 2884 982 2902 a
1000 2873 1099 2904 Caudis
1115 2877 1220 2915 Perga-

346 2917 440 2936 menae.

229 3049 478 3081 Procuratorium
494 3058 548 3093 pro
563 3046 701 3094 Epifiopo
716 3047 838 3091 Eluenst
853 3050 966 3096 Legato
986 3052 1130 3084 Pranciae.

153 3130 357 3192 LUdovicus,
382 3132 442 3164 Dei
465 3132 553 3173 gratia
569 3155 579 3171 ,
595 3135 760 3163 Francorum
782 3136 844 3163 Rex
855 3156 865 3172 ,
883 3135 1016 3166 universis
1033 3158 1043 3174 ‚
1067 3136 1214 3174 praesentes

225 3170 332 3202 Literas
349 3172 528 3210 inspeeturis,
547 3171 681 3202 Salutem.

189 3209 269 3240 Cum
294 3210 423 3250 Treugas
436 3234 445 3249 ,
464 3211 640 3242 Guerrarum
663 3209 853 3241 Abstinentias
869 3233 879 3248 ,
896 3209 1044 3243 Mercium
1068 3211 1215 3245 Intercur-

151 3247 211 3286 sus,
239 3248 426 3286 Amicitiam,
441 3249 711 3280 confoederationes
763 3250 880 3287 aliaique
902 3250 1122 3282 Conventiones
1144 3263 1214 3284 cum

150 3284 333 3318 Illustriffimo
349 3287 482 3325 Principe
499 3287 654 3318 Confratre
667 3288 700 3318 &
715 3272 941 3324 Conssnguineo
953 3289 1054 3320 nostro
1071 3291 1213 3322 carissimo

153 3324 312 3364 Edwardo,
327 3326 428 3356 eadem
452 3326 570 3364 Gratizi,
588 3325 700 3363 Angliae
727 3328 796 3362 Rege
822 3325 1042 3365 Petentislimo,
1058 3328 1092 3358 ad
1114 3329 1212 3360 Vitam

152 3363 292 3400 utriuiuue
314 3364 446 3395 nostrum
466 3364 625 3402 duraturas,
644 3365 746 3402 partim
766 3374 816 3403 per
831 3365 916 3403 Nos,
934 3367 1036 3402 partim
1053 3376 1104 3404 per
1117 3367 1214 3398 Com-

151 3401 287 3431 missarios
302 3425 311 3439 ,
331 3403 455 3440 Legatos
470 3426 480 3442 ,
495 3404 528 3433 &
555 3404 712 3440 Deputatos
734 3402 846 3433 nostros
861 3427 870 3442 ,
888 3404 1075 3435 sufficientem
1099 3406 1132 3436 ad
1155 3407 1212 3437 hoc

149 3438 324 3470 Potestatem
343 3451 358 3470 a
378 3442 478 3472 Nobis
497 3442 649 3479 habentes,
665 3441 852 3479 Iniverimus,
872 3441 1122 3483 Contraxcrimus,
1142 3445 1211 3476 Per-

148 3477 314 3515 fecerimus,
332 3477 578 3518 Convenerimus,
598 3482 632 3512 ὃς
648 3479 900 3518 ConcluserimuS,

186 3514 323 3553 Cumque
342 3518 427 3548 etiam
448 3519 681 3557 Promiserimus,
699 3518 934 3550 Concefferimus
946 3544 956 3558 ,
973 3521 1006 3551 &
1030 3521 1210 3560 Obligaveri-

148 3564 210 3584 rnus
228 3553 296 3583 Nos
309 3554 441 3593 Solvere,
459 3557 492 3587 &
509 3558 539 3587 in
557 3556 682 3588 Civitate
699 3557 917 3589 Londoniarum
933 3560 962 3589 in
981 3561 1081 3598 Anglia
1101 3561 1210 3591 realiter

146 3593 299 3623 deliberare
308 3614 318 3629 ,
333 3592 426 3623 eidem
441 3593 588 3625 confratri
601 3597 636 3627 &
649 3595 870 3635 Consanguineo
885 3597 985 3627 nostro
998 3601 1063 3636 Regi
1078 3599 1190 3636 Angliae
1200 3622 1209 3637 ,

146 3630 258 3669 singulis
274 3630 380 3667 Annis,
397 3630 464 3662 Vita
477 3633 618 3671 utriusque
628 3634 761 3664 nostrum
774 3634 908 3674 durante,
927 3637 1139 3677 ,Quinquaginta
1148 3640 1209 3667 Mi-

145 3668 186 3699 lia
199 3674 336 3699 Scotorum
347 3672 439 3705 Auri,

185 3708 317 3739 Necnon
340 3707 419 3745 super
437 3708 573 3738 omnibus
594 3709 705 3741 Litibus
717 3732 727 3748 ,
747 3710 963 3748 Qaestionibus
979 3734 988 3749 ‚
1004 3713 1037 3742 δε
1056 3713 1206 3752 Qerelis,

143 3746 215 3777 inter
239 3747 307 3777 Nos
330 3747 362 3777 &
386 3746 511 3776 eundem
535 3746 660 3777 Fratrem
675 3750 707 3778 &
721 3747 976 3786 Consanguineum
992 3750 1121 3781 nostrum
1138 3761 1209 3789 pen-

144 3784 276 3815 dentibus
298 3784 534 3822 inpraesentiarum
557 3783 713 3815 Indiscuffis
729 3809 738 3824 ,
765 3785 980 3817 Promiserimus
999 3789 1033 3818 &
1055 3790 1106 3819 sub
1127 3791 1207 3819 certis

144 3821 243 3854 Poenis
255 3824 487 3862 Obligaverimus
501 3821 588 3860 Nos,
605 3823 640 3852 ad
655 3832 730 3853 certa
746 3823 896 3862 Tempora
914 3826 986 3855 inter
998 3826 1067 3856 Nos
1083 3837 1208 3858 concor-

144 3859 207 3891 data
224 3863 258 3892 δε
279 3863 412 3898 limitata,
433 3861 504 3891 stare
528 3862 562 3891 &
584 3861 780 3898 obtemperare
807 3862 926 3900 Laudo,
945 3863 1207 3904 Determinationi,

139 3897 256 3936 Judicio
271 3922 280 3938 ,
302 3902 336 3932 &
360 3901 484 3931 Arbitrio
503 3898 678 3929 diversorum
703 3900 884 3931 Arbitrorum
899 3925 908 3939 ,
943 3901 989 3932 seu
1011 3905 1206 3935 amicabilium

143 3935 383 3975 Compo'iitorum
408 3940 479 3969 inter
501 3937 570 3968 Nos
591 3939 802 3967 nominatorum
819 3939 852 3969 ὅ(
874 3940 1049 3979 εὶεέὶοωῐη,
1068 3944 1206 3979 quemad-

140 3976 266 4006 modum
280 3978 308 4006 in
326 3980 407 4008 certis
425 3978 538 4012 Literis,
560 3975 636 4013 super
651 3977 788 4006 omnibus
804 3977 836 4007 &
851 3977 964 4015 singulis
973 3978 1124 4011 Praemiffis
1133 3991 1206 4012 con-

142 4013 236 4051 fee‘tis,
257 4015 380 4054 plenius,
399 4017 498 4053 latius,
516 4013 695 4052 diffuiiusque
707 4016 887 4054 continetur,

178 4054 285 4082 Notum
299 4052 412 4090 facimus
427 4054 505 4090 qued
525 4052 610 4091 Nos,

177 4090 253 4124 Non
269 4093 366 4124 minus
380 4092 477 4126 Luetu
494 4092 582 4133 quien
597 4091 748 4131 Moerooe,
765 4101 825 4132 prae
837 4092 929 4126 oculis
943 4093 1079 4128 habentes
1092 4104 1154 4136 quo
1173 4096 1204 4128 in

2271 211 2324 248 cz

2270 295 2292 314 C,

1264 266 1456 316 Dis0s{mif¹.ev
1476 271 1605 304 Barbaras
1626 284 1675 312 per
1701 275 1843 308 Nationes
1859 300 1868 316 ,
1886 278 2123 312 orthodoxorum
2145 282 2266 314 Saura&

1262 315 1366 337 creoro
1383 310 1683 348 sitientessshristiana
1705 315 1818 351 Religio
1834 318 2067 354 inpraesentiarum
2085 316 2221 358 premisit}
2237 336 2263 354 ..t
2287 343 2289 349 ν
2306 336 2318 355 τ

1262 344 1412 383 laceratur,
1431 358 1494 391 quae
1508 351 1542 381 ad
1561 351 1656 381 divam
1671 353 1740 382 olirn
1758 354 1927 385 Felicitatem
1944 360 2127 391 votivamoue
2155 360 2319 398 Prospei'ta-
2340 367 2357 388 iT

1262 390 1321 426 tem
1337 384 1370 414 &
1386 386 1503 416 sanffihus
1517 389 1549 418 ὃς
1565 389 1681 421 celerius
1695 392 1791 422 reduci
1809 403 1927 431 nequeat
1947 396 2031 432 qufim
2056 393 2137 435 ipsius
2157 398 2318 432 Relieioms

1261 420 1424 489 firmatam,
1441 423 1535 455 saltem
1558 430 1745 468 potentiores,
1761 430 1839 461 Pacis
1862 432 2061 473 Amicitixque
2086 436 2208 468 Fcedeie
2228 434 2319 476 copu-

1292 470 1307 488 n
1323 470 1355 490 ur
1365 483 1374 498 ,

1301 498 1350 542 De
1372 498 1536 544 Fidelitate,
1555 500 1725 545 Literaturfi,
1743 505 2022 546 Circumspeetione,
2042 511 2074 541 ὃ(
2102 512 2238 545 industrii
2266 515 2319 546 Oi-

1260 535 1325 566 letstl
1345 539 1378 569 &
1400 538 1501 583 Fidelis
1523 538 1681 572 Conhliarii
1700 544 1790 574 nostri
1809 545 1907 575 Karolt'
1927 547 1959 576 de
1981 551 2123 590 Illartigny
2145 553 2264 592 Epssopi
2277 556 2319 583 E·-

1263 574 1358 616 luenfis
1375 576 1531 614 plurimum
1547 579 1734 618 confidentes,
2201 611 2205 616 .

1298 614 1394 652 Ipsum
1419 616 1552 647 nostrum
1573 628 1675 648 verum
1694 620 1728 649 &
1752 619 1939 652 indubitatum
1955 623 2130 665 Oratorem,
2149 631 2320 663 procui-,310-

1263 663 1340 691 rem,
1361 654 1781 695 Legatum,Ambaffiat0rem,
1802 658 2052 701 Commiffiirium,
2069 674 2153 703 atque
2166 669 2320 702 Nuncium

1262 692 1412 729 specialem
1427 693 1619 732 Ordinamus‚
1636 695 1781 732 Facimus,
1801 697 1833 726 &
1852 697 2061 732 Constituitnus

1300 729 1409 775 Dantes
1422 733 1456 762 &
1473 732 1693 773 Concedentes,
1712 744 1762 772 per
1774 734 1943 774 Praesemes,
1959 724 2194 781 eidemOi-atori,
2212 746 2322 779 Procu-

1265 778 1368 807 raton,
1388 770 1514 809 Legato,
1534 771 1749 811 Amtmffiamrt,
1767 773 1994 814 Commissaritv,
2013 788 2096 816 atque
2123 779 2245 815 Nancio
2268 796 2321 816 no-

1264 806 1323 838 stro
1342 809 1471 847 plenam,
1488 810 1659 848 perfeetam,
1678 812 1711 843 &
1726 811 1911 843 sufficientem
1926 813 2114 855 Potestatem,
2130 819 2163 848 &
2187 821 2321 854 Austori-

1263 854 1349 891 tatem
1360 870 1370 885 ,
1387 857 1420 878 ac
1437 847 1609 880 Mandatum
1623 851 1750 889 generale
1764 851 1796 881 &
1810 850 1927 890 speciale
1936 852 2069 885 Nomine
2083 856 2183 888 nostro
2195 882 2203 896 ,
2223 861 2254 891 ὃς
2268 871 2321 899 pro

1264 884 1377 930 Nobis,
1397 885 1586 926 Haeredibus,
1600 897 1686 926 atque
1698 889 1914 922 Succefforibus
1931 892 2047 930 nostris,
2064 893 2169 933 Regno
2184 919 2194 934 ,
2214 898 2323 939 Patriis,

1265 922 1362 954 Terris
1377 947 1387 962 ,
1403 924 1551 956 Dominiis
1565 949 1575 965 ,
1592 926 1701 958 Amicis
1712 951 1720 965 ,
1747 928 1872 967 Alligatis
1885 953 1895 968 ,
1921 929 2133 962 Consoedetatis
2148 956 2157 972 ,
2182 936 2304 968 Subditis

1264 961 1456 1006 Faventibus,
1477 965 1512 996 &
1532 965 1751 997 Adhaerentibus
1771 967 1872 998 nostris
1897 969 2146 1010 quibuscumque,
2171 983 2238 1004 cum
2260 961 2328 1006 lllu'-

1264 1000 1401 1032 strtffimo
1415 1002 1549 1042 Principe
1563 1003 1716 1036 Confratre
1728 1006 1761 1036 δε
1776 1005 1998 1045 Consanguineo
2012 1009 2111 1040 nostro
2126 1014 2326 1049 praecariffirno

1264 1039 1408 1070 Edwardo
1431 1044 1500 1079 Rege
1522 1042 1637 1081 Angliae
1657 1043 1821 1081 antediem,
1840 1044 1887 1075 seu
1902 1046 1961 1082 ejus
1974 1045 2199 1088 Commiffario,
2215 1050 2326 1083 Procu-

1262 1079 1422 1124 tatoribus,
1435 1079 1598 1120 Deputato,
1619 1081 1846 1121 CommiffariiS,
1865 1083 2099 1117 procuratoribus
2114 1112 2123 1126 ,
2140 1088 2327 1127 Deputatisve

1262 1115 1315 1146 suis
1334 1117 1519 1150 sufficientem
1542 1119 1718 1152 potestatem
1739 1122 1773 1152 &
1795 1121 1975 1153 consimilem
1996 1125 2205 1158 Austoritatem
2229 1129 2264 1159 ab
2277 1140 2329 1161 eo-

1262 1154 1329 1198 dem
1346 1155 1567 1196 Consanguineo
1584 1158 1684 1189 nostro
1702 1169 1756 1198 pro
1773 1159 1810 1190 Se
1824 1183 1833 1198 ,
1855 1160 2026 1194 Haeredibus
2040 1186 2049 1202 ,
2075 1174 2159 1203 atque
2179 1165 2330 1199 Successo-

1264 1194 1339 1223 ribus
1361 1195 1430 1233 suis,
1450 1196 1571 1236 Regno,
1593 1197 1705 1234 patriis,
1723 1198 1838 1237 Terris,
1856 1198 2021 1240 Dominiis,
2039 1202 2165 1241 Amicis,
2185 1205 2329 1245 Alligatis‚

1263 1230 1477 1265 Confoederatis
1492 1259 1501 1272 ,
1521 1236 1645 1267 Subditis
1660 1259 1670 1274 ,
1688 1237 1859 1268 Faventibus
1875 1262 1884 1275 ‚
1902 1239 1937 1270 δε
1956 1239 2174 1273 Adnaerentibus
2193 1245 2243 1274 suis
2257 1268 2267 1283 ,
2291 1246 2331 1276 ad>

1263 1270 1321 1300 hoc
1340 1272 1522 1312 habentibus,
1541 1274 1806 1314 communicandi,
1821 1275 1993 1316 Tradiandi,
2011 1279 2045 1310 δε
2063 1279 2279 1322 Conveniendi,

1304 1309 1322 1328 ²¹²
1341 1310 1437 1350 Atque
1454 1312 1583 1351 Treugas
1596 1336 1606 1350 ,
1630 1313 1806 1344 Guerrarum
1825 1315 2016 1348 Abstinentias

1263 1386 1350 1430 dietas
1361 1412 1370 1425 ,
1390 1390 1582 1432 curnleodem
1601 1389 1824 1428 Consanguineo
1844 1392 1943 1423 nostro
1958 1394 2071 1433 Angliae
2089 1398 2159 1434 Rege
2174 1420 2183 1435 ,
2208 1409 2240 1429 ut
2257 1409 2333 1439 prae·

1264 1427 1412 1469 mitttitur,
1431 1436 1527 1466 initas,
1543 1429 1717 1466 contractas,
1733 1430 1767 1460 ὃς
1783 1431 1944 1468 conclusas,
1964 1433 2142 1474 Prorogandi
2156 1458 2166 1474 ,
2183 1435 2333 1475 Elongan-

1262 1463 1291 1492 d1
1307 1485 1317 1500 ‚
1341 1466 1374 1495 &
1394 1465 1574 1497 Extendendi
1597 1467 1631 1497 ad
1654 1466 1782 1498 Centum
1802 1468 1904 1500 Annos
1923 1471 1986 1507 post
2006 1471 2139 1504 Mortem
2158 1476 2257 1513 primo
2276 1487 2331 1508 no-

1264 1500 1357 1533 strum
1377 1503 1553 1536 Decedentis
1568 1505 1712 1536 duraturas
1730 1507 1763 1537 &
1783 1507 1948 1538 inconcusse
1967 1510 2152 1544 observandas

1301 1540 1484 1582 Treugasque
1496 1566 1505 1581 ,
1533 1543 1711 1574 Guerrarum
1732 1545 1920 1576 Abstinentias
1934 1569 1945 1585 ,
1967 1547 2114 1580 Mercium
2134 1538 2308 1585 Iritercursus
2329 1559 2333 1563 '

1263 1577 1389 1619 Pacem,
1406 1581 1509 1625 Ligas,
1527 1581 1691 1620 Amicitias,
1708 1581 2000 1623 Confoederationes,
2019 1587 2170 1620 Padi-iones
2185 1613 2194 1629 ,
2213 1579 2332 1632 aliasque

1263 1616 1505 1658 Conventtones,
1532 1621 1597 1659 post
1626 1620 1757 1652 Mortem
1780 1623 1876 1659 primo
1901 1622 2050 1655 Nostrum
2076 1626 2248 1661 Decedentis
2262 1654 2271 1668 ,
2295 1633 2330 1663 ad

1265 1655 1393 1689 Centum
1409 1659 1511 1690 Annos
1523 1682 1534 1697 ,
1550 1667 1652 1691 extunc
1692 1660 1803 1690 roxime
1821 1660 1931 1691 futuros
1945 1686 1955 1700 ,
1974 1665 2116 1696 continuo
2135 1666 2276 1699 duraturas
2294 1671 2329 1700 &

1261 1695 1365 1727 illibate
1383 1697 1608 1737 inconcusseque
1626 1699 1665 1729 ob
1677 1699 1827 1734 ervandas,
1847 1709 1933 1737 prout
1950 1702 1988 1731 eis
2004 1702 2106 1735 melius
2123 1705 2213 1736 visum
2231 1707 2333 1747 fuerit,

1262 1735 1401 1774 ineundi,
1419 1736 1582 1776 Firmandi,
1600 1737 1727 1768 Vallandi
1737 1760 1747 1775 ,
1761 1738 1795 1767 &
1811 1736 1982 1770 Roborandi

1300 1774 1433 1806 Necnon
1452 1775 1643 1807 Promittendi
1658 1776 1692 1807 δε
1710 1775 1865 1815 Obligandi
1882 1776 1968 1817 Nos,
1987 1763 2141 1819 inermies,
2159 1783 2194 1814 &
2211 1783 2333 1815 Succes-

1263 1811 1337 1842 sores
1354 1813 1466 1845 nostros
1481 1837 1490 1850 ,
1509 1814 1645 1854 Regnum
1659 1839 1669 1852 ,
1691 1813 1793 1845 Patrias
1807 1838 1818 1853 ,
1834 1815 1936 1847 Terras
1953 1840 1962 1855 ,
1985 1820 2139 1856 omniaque
2163 1822 2197 1852 &
2224 1822 2331 1860 singula

1264 1850 1407 1883 Dominia
1423 1853 1536 1891 nostra,
1555 1856 1589 1886 &
1608 1853 1744 1885 Subditos
1761 1854 1891 1891 nostros,
1911 1864 2068 1895 eorumque
2089 1858 2167 1889 Bona
2184 1870 2332 1898 quaecum-

1263 1899 1320 1928 que
1334 1891 1510 1930 ubicumque
1523 1893 1628 1924 fuerint
1643 1901 1767 1931 reperta,
1785 1892 1819 1922 ad
1835 1892 2014 1925 Solvendum
2024 1917 2033 1933 ,
2051 1905 2105 1934 pro
2124 1897 2239 1937 Nobis,
2258 1898 2333 1930 Hae-

1265 1929 1393 1968 redibus,
1412 1931 1445 1961 &
1462 1931 1678 1962 Successoribus
1695 1932 1764 1969 suis,
1785 1932 1814 1960 in
1835 1930 1958 1963 Civitate
1981 1934 2142 1966 Londoniae
2162 1938 2191 1966 in
2212 1938 2332 1977 Anglia,

1265 1968 1478 2008 Quinquaginta
1492 1970 1576 2000 Milia
1599 1974 1738 2000 scutorum
1755 1973 1849 2009 Auri,
1867 1971 1990 2008 ejusdem
2011 1971 2120 2004 Valoris
2137 1975 2171 2005 ὃς
2191 1975 2333 2008 AEstima-

1265 2008 1350 2037 tionis
1364 2017 1448 2044 prout
1462 2008 1523 2040 sunt
1541 2009 1781 2047 inpraesentiarum
1798 2010 1827 2038 in
1848 2008 1957 2046 Regno
1977 2010 2121 2049 Franciae,
2138 2013 2248 2052 singulis
2269 2017 2330 2045 An-

1264 2046 1307 2075 nis
1320 2069 1329 2084 ,
1354 2045 1484 2077 Centum
1502 2048 1657 2078 Annorum
1670 2071 1679 2086 ,
1702 2046 1767 2085 post
1791 2046 1923 2078 Mortem
1951 2050 2046 2086 primo
2066 2051 2214 2082 Nostrum
2236 2053 2332 2084 Dece-

1263 2084 1354 2116 dentis
1372 2087 1504 2123 proxime
1521 2086 1703 2122 futurorum,
1720 2085 1947 2124 astringendique
1965 2087 2034 2119 Nos
2051 2088 2188 2120 Haeredes
2205 2091 2240 2121 &
2259 2092 2333 2123 Suc-

1263 2124 1383 2154 cessores
1401 2124 1513 2156 nostros
1531 2124 1660 2164 Obligari
1674 2124 1862 2163 jurejurando
1880 2126 1914 2156 &
1933 2126 1983 2156 sub
2007 2126 2106 2158 Poenis
2131 2127 2263 2161 Camerae
2291 2132 2332 2162 A-

1264 2161 1415 2200 postolicae
1430 2187 1439 2200 ,
1465 2174 1580 2194 necnon
1603 2165 1661 2195 aliis
1679 2165 1772 2194 modis
1791 2163 1869 2194 ficuti
1894 2165 1933 2194 eis
1959 2165 2099 2197 videbitur
2115 2166 2150 2197 ad
2168 2166 2279 2199 firmam
2297 2171 2331 2202 &

1263 2203 1390 2232 securam
1408 2202 1532 2241 ejusdem
1551 2202 1704 2233 Solutionis
1721 2201 1959 2241 observantiam,

1301 2240 1501 2279 Ulteriuique,
1519 2251 1573 2280 pro
1590 2241 1707 2278 Nobis,
1725 2240 1913 2279 Haeredibus,
1931 2242 1964 2272 ὅ(
1977 2241 2192 2275 Successoribus
2213 2244 2333 2286 nostris,

1265 2279 1471 2318 Promittendi,
1490 2289 1576 2318 atque
1590 2279 1658 2310 Nos
1680 2281 1714 2311 &
1736 2278 1811 2317 Ipsos
1832 2278 2008 2319 Obligandi‚
2023 2282 2104 2319 quod
2128 2282 2214 2321 Nos,
2230 2284 2335 2316 Haere·

1263 2317 1328 2356 des,
1348 2320 1380 2350 &
1396 2319 1472 2349 idern
1489 2318 1668 2350 Successores
1683 2317 1789 2356 nostri,
1807 2317 1924 2349 durante
1933 2319 2076 2350 Termino
2091 2320 2236 2352 dierorum
2249 2321 2330 2354 Cen-

1263 2365 1325 2387 tum
1341 2357 1511 2395 Annorum,
1530 2357 1594 2395 post
1609 2356 1741 2387 Mortem
1756 2357 1827 2386 illius
1844 2355 1994 2387 Nostrum
2011 2360 2060 2395 qui
2076 2360 2174 2396 primo
2193 2360 2334 2393 Decesse·

1263 2398 1315 2435 rit,
1331 2396 1350 2425 fi
1365 2396 1456 2435 Lites,
1474 2395 1674 2435 Qiaestiones,
1690 2397 1723 2426 &
1739 2394 1938 2434 Differentiae‚
1956 2398 2108 2433 pendentes
2121 2399 2193 2428 inter
2214 2399 2281 2430 Nos
2296 2401 2330 2432 δε

1261 2434 1385 2466 eundem
1406 2434 1659 2472 Consanguineum
1680 2433 1810 2464 nostrum
1833 2443 1910 2464 nunc
1931 2433 2090 2466 indiscuffae
2105 2460 2115 2474 ,
2132 2437 2246 2468 interim
2269 2448 2332 2470 non

1265 2473 1487 2512 Terminentur,
1508 2474 1732 2510 Prorogabimus
1747 2481 1863 2511 quoque
1876 2473 1910 2503 δε
1928 2472 2152 2510 Innovabimus,
2173 2474 2209 2505 de
2225 2476 2333 2508 Trien-

1263 2513 1316 2542 niis
1339 2513 1368 2542 in
1390 2513 1582 2551 Triennium,
1597 2521 1643 2543 aut
1663 2513 1691 2541 in
1716 2512 1868 2548 Tempora
1888 2512 2033 2550 longiora,
2049 2512 2223 2544 Potestatem
2248 2516 2334 2546 Arbi-

1264 2559 1393 2589 trorum,
1411 2552 1484 2582 inter
1498 2550 1568 2581 Nos
1581 2552 1614 2581 ὃς
1633 2549 1757 2581 eundem
1773 2549 2028 2586 Consanguineum
2044 2551 2176 2582 nostrum
2186 2576 2196 2591 ,
2213 2560 2243 2582 ut
2259 2563 2332 2591 prae-

1264 2591 1403 2659 mittiitur,
1421 2589 1606 2628 Eicitorum,
1623 2599 1671 2620 aut
1690 2590 1720 2619 in
1743 2588 1812 2620 loco
1834 2588 1958 2627 ipsorum
1979 2588 2128 2628 alicujusve
2147 2601 2249 2621 eorum
2273 2591 2335 2623 Eli-

1282 2639 1316 2658 en
1338 2639 1422 2659 orum

1263 2638 1281 2668 g
1304 2667 1340 2698 Et
1359 2668 1378 2698 si
1396 2651 1546 2704 co’ntingat
1568 2667 1692 2704 aliquem
1711 2665 1757 2695 vel
1777 2665 1886 2703 aliquos
1905 2665 2052 2697 dietorum
2073 2666 2255 2698 Arbitrorum
2269 2691 2279 2707 ,
2297 2678 2333 2700 ex

1265 2705 1349 2737 Parte
1364 2706 1461 2737 nostrai
1477 2705 1638 2736 Haeredum
1655 2703 1895 2735 Successorumve
1914 2704 2079 2736 nostrorum
2101 2705 2269 2737 Eleemmm
2287 2717 2335 2740 aut

1265 2745 1492 2784 Eligendorum,
1507 2744 1675 2781 Decedere,
1693 2744 1780 2773 aliave
1803 2742 1896 2773 Causa
1916 2743 2046 2781 impediri
2065 2746 2222 2782 quominus
2245 2746 2335 2777 dieta-

1264 2793 1330 2814 rum
1363 2785 1473 2816 Litium
1487 2807 1497 2822 ,
1534 2782 1740 2822 Qiaestionum
1755 2804 1764 2819 ,
1796 2781 1829 2811 &
1860 2780 2094 2812 Differentiarm
2125 2783 2334 2815 Examinationi

1265 2823 1424 2853 commode
1445 2832 1544 2854 vacare
1569 2822 1656 2852 valeat
1678 2831 1725 2851 aut
1749 2819 1856 2850 valeant
1869 2843 1880 2858 ,
1903 2820 1982 2858 quod
2006 2821 2048 2850 N.-
2070 2843 2094 2848 ..
2116 2822 2253 2851 iiaeredes
2267 2846 2277 2861 ,
2296 2825 2331 2854 ὃς

1262 2861 1445 2893 Succeffores
1471 2861 1578 2898 nostri,
1595 2861 1681 2890 aliurn
1705 2859 1750 2889 vel
1769 2859 1853 2896 alios,
1874 2859 1903 2887 in
1923 2859 2040 2888 Locum
2058 2861 2137 2897 ‘ptius
2153 2860 2330 2901 ipsorumve,

1262 2911 1331 2932 cum
1345 2901 1426 2931 simili
1440 2899 1580 2930 Potestate
1597 2898 1806 2934 Deputabimus
1819 2898 1852 2927 ὃς
1867 2896 2091 2935 Subrogabimus
2101 2920 2109 2935 ,

1299 2939 1466 2978 Damusque
1489 2939 1582 2969 eidem
1608 2938 1732 2975 Legato,
1750 2934 1946 2972 Procuratori,
1965 2936 1998 2965 ὃς
2021 2935 2137 2966 Orate-ri
2156 2935 2255 2966 nostro
2268 2938 2329 2974 ple-

1260 2988 1328 3008 nam
1346 2978 1520 3009 Potestatem
1533 2978 1565 3007 &
1582 2976 1789 3007 Auctoritatem
1805 2973 1909 3004 Literas
1926 2973 2006 3012 super
2020 2975 2155 3004 omnibus
2176 2976 2208 3005 δε
2233 2975 2332 3012 fingu-

1260 3016 1292 3046 lis
1313 3016 1465 3047 Praemiffis
1486 3025 1574 3053 eaque
1593 3012 1830 3045 concernentibus
1849 3011 2032 3043 Conficiendi
2051 3036 2060 3051 ‚
2078 3015 2112 3043 δε
2132 3013 2224 3044 eidem
2245 3013 2330 3044 Con—

1261 3056 1415 3093 sanguineo
1440 3054 1540 3084 nostro
1562 3053 1655 3091 ejusve
1677 3049 1887 3081 Commissariis
1909 3061 1953 3081 eas
1978 3051 2178 3089 Deliberandi,
2195 3061 2276 3088 atque
2294 3053 2330 3083 ad

1260 3096 1395 3124 omnium
1410 3103 1511 3123 eorum
1526 3092 1559 3122 &
1576 3090 1748 3129 ungulorum
1762 3088 1979 3119 Praemiisorum
2003 3090 2215 3121 Observantiam
2242 3090 2327 3130 Nos,

1259 3132 1414 3169 Haeredes,
1431 3134 1464 3163 &
1487 3130 1668 3161 Succeffores
1686 3127 1817 3165 nostros,
1836 3137 1884 3165 per
1905 3128 2015 3159 easdem
2033 3129 2164 3165 Litteras,
2184 3129 2274 3159 modo
2291 3131 2326 3160 &

1259 3171 1353 3202 forma
1369 3172 1469 3209 quibus
1486 3170 1525 3199 eis
1542 3168 1644 3199 melius
1657 3166 1816 3203 videbitur,
1835 3165 2015 3205 Astringendi
2031 3169 2063 3197 &
2078 3166 2230 3205 Obligandi
2241 3190 2250 3204 ,

1295 3209 1463 3246 Caeteraque
1477 3209 1574 3237 omnia
1593 3207 1626 3237 &
1642 3205 1767 3243 singula,
1785 3215 1850 3242 quae
1865 3206 1893 3234 in
1908 3204 2058 3235 praemiffis
2074 3205 2117 3235 vel
2133 3207 2208 3234 circa
2223 3215 2324 3237 eorum

1257 3248 1348 3287 aliqua
1367 3246 1516 3278 necessaria
1538 3245 1640 3276 fuerint
1662 3245 1708 3275 seu
1732 3244 1953 3286 quomodolibet
1974 3253 2114 3280 oportuna
2131 3266 2140 3281 ,
2168 3243 2325 3283 Faciendi,

1257 3286 1454 3324 Excercendi,
1472 3286 1505 3317 ὃς
1526 3283 1711 3322 Exequendi,
1731 3291 1814 3321 prout
1835 3282 1904 3313 Nos
1924 3286 2077 3312 taceremus
2103 3281 2121 3311 sl
2145 3281 2324 3319 personaliter

1256 3325 1463 3356 interessemus:
2023 3359 2027 3364 θ

1297 3364 1518 3399 Promittentes,
1535 3360 1614 3391 bona
1632 3359 1701 3389 Fide
1722 3359 1755 3390 ὃς
1775 3359 1804 3388 in
1828 3357 1928 3389 Verbo
1949 3357 2049 3394 Regio
2065 3380 2074 3395 ,
2102 3357 2172 3388 Nos
2192 3357 2322 3397 Ratum,

1258 3403 1401 3440 Gratum,
1418 3404 1451 3433 &
1474 3401 1604 3431 Firmum
1628 3408 1681 3438 pro
1704 3406 1839 3436 perpetuo
1863 3397 2004 3426 habituros
2020 3404 2113 3426 totum
2128 3397 2161 3427 &
2185 3398 2323 3436 quicquid

1257 3441 1337 3479 quod
1357 3451 1405 3479 per
1430 3439 1578 3478 praefatuin
1604 3437 1742 3476 Legatum
1757 3459 1766 3474 ,
1793 3435 2009 3477 Procuratorem
2032 3435 2064 3465 &
2091 3434 2245 3466 Oratorem
2267 3447 2321 3479 no-

1257 3481 1345 3510 strum
1370 3480 1495 3516 Auum,
1514 3477 1639 3508 Gestum
1656 3500 1665 3514 ,
1685 3474 1862 3506 Concluium
1876 3496 1884 3509 ‚
1904 3477 1949 3502 ieu
1974 3472 2163 3504 Procuraturn
2184 3474 2268 3505 fuerit
2290 3484 2322 3504 m

1256 3518 1426 3555 Praemiffis,
1446 3518 1491 3549 vel
1504 3525 1607 3546 eorum
1622 3515 1734 3557 aliquo-t
2047 3550 2052 3555 ι
2217 3553 2221 3557 ι
2301 3551 2306 3556 ,

1294 3557 1441 3587 Nolumus
1463 3565 1557 3586 tamen
1583 3553 1678 3593 quod,
1699 3560 1799 3587 vigore
1816 3557 1862 3579 aut
1884 3548 1984 3580 colore
2004 3548 2086 3589 hujus
2099 3549 2321 3581 Commisiiorus

1254 3595 1361 3626 nostru:
1379 3617 1388 3632 ,
1411 3594 1510 3631 aliquae
1530 3592 1821 3630 Conscederationes,
1848 3587 1993 3618 Amicitiae
2009 3611 2023 3632 9
2035 3588 2133 3626 ‘Ligae
2146 3612 2155 3627 ‚
2175 3590 2318 3632 Treugae,

1253 3634 1429 3664 Guerrarum
1450 3631 1653 3665 Abstinentiae,
1672 3628 1906 3663 Conventiones,
1926 3625 2139 3665 Intelligentiae,
2152 3627 2319 3657 Promiffio-

1253 3683 1320 3710 nes,
1340 3672 1383 3702 seu
1398 3670 1610 3708 obligationes,
1627 3668 1700 3695 inter
1715 3665 1784 3695 Nos
1799 3665 1832 3695 ὃς
1845 3664 1969 3694 eundern
1986 3663 2239 3702 Consanguineum
2263 3675 2318 3696 no-

1255 3711 1344 3741 strum
1366 3710 1411 3740 seu
1427 3707 1606 3738 Nominibus
1621 3704 1739 3741 nostris,
1757 3711 1802 3732 aut
1817 3712 1870 3740 pro
1884 3702 1982 3733 Nobis
1999 3705 2155 3734 contrat‘tx
2170 3704 2204 3734 &
2220 3705 2316 3742 initae,

1255 3751 1283 3780 in
1298 3758 1373 3786 parte
1389 3747 1432 3777 vel
1448 3747 1476 3775 in
1491 3753 1555 3775 toto
1576 3744 1738 3778 violentur,
1756 3741 1959 3777 invalidentur,
1977 3751 2023 3772 aut
2046 3741 2242 3780 infirmentur,
2260 3751 2315 3773 nec

1254 3797 1349 3818 earum
1369 3787 1459 3823 aliqua
1482 3783 1618 3817 violetur,
1637 3780 1816 3817 invalidetur,
1832 3788 1878 3810 aut
1900 3779 2057 3810 infirmetur
2076 3792 2085 3816 ς
2104 3781 2207 3821 ymmo
2229 3780 2315 3811 volu-

1254 3836 1317 3856 mus
1339 3824 1419 3863 quod
1441 3822 1503 3860 ipsse
1527 3822 1559 3851 &
1582 3819 1714 3856 quaelibet
1734 3828 1827 3849 earum
1842 3827 1927 3856 atque
1950 3820 2048 3849 omnia
2062 3818 2095 3848 &
2113 3818 2216 3857 lingula
2235 3820 2264 3848 in
2279 3820 2318 3849 eis

1253 3872 1385 3895 contenta
1421 3869 1505 3898 prout
1529 3860 1557 3888 in
1581 3857 1680 3888 Literis
1697 3857 1842 3894 superinde
1856 3857 1996 3887 confectis
2010 3856 2118 3894 plenius
2132 3857 2316 3895 continetur,

1251 3904 1281 3932 in
1306 3903 1355 3932 suo
1375 3886 1459 3930 fl’rmo
1483 3897 1602 3927 Robore
1624 3897 1657 3926 &
1678 3895 1811 3933 Effeo'tu,
1824 3896 1903 3934 juxta
1925 3897 2003 3932 vim,
2022 3894 2164 3938 formam,
2183 3895 2217 3925 &
2242 3894 2315 3925 effe-

1251 3942 1331 3972 &um
1355 3939 1515 3969 earumdem
1541 3934 1700 3964 Literarum
1714 3957 1724 3972 ‚
1742 3941 1923 3972 permaneant
1944 3934 1978 3963 &
2000 3932 2198 3964 inviolabiliter
2220 3933 2317 3964 obser-

1251 3988 1361 4010 ventur.
2011 4008 2016 4013 ,
2178 4010 2183 4015 ,

1291 4017 1323 4047 in
1345 4023 1466 4053 quorum
1491 4011 1624 4042 omnium
1649 4012 1683 4043 &
1713 4011 1888 4047 finmilorum
1911 4008 2128 4039 Praemifforum
2152 4009 2253 4040 Fidem
2282 4010 2317 4042 δε

1252 4054 1484 4088 Testimonium,
1505 4050 1651 4088 praesentes
1667 4050 1769 4080 Literas
1785 4046 1893 4078 Manus
1910 4047 2016 4077 nostrae
2035 4047 2238 4085 subscriptione
2265 4048 2320 4088 fig-

1250 4095 1378 4128 navimus
1388 4114 1398 4131 2
1413 4091 1446 4124 &
1463 4089 1552 4129 Sig'uii
1567 4087 1661 4121 nostri.
1674 4088 1794 4157 fecimffi
1809 4086 1980 4166 prenfione
1994 4087 2180 4121 communiri.
2245 4123 2319 4159 Dat.

2063 1318 2213 1350 Mercium
2240 1321 2330 1353 Inter·
2351 1322 2366 1338 *
2389 1320 2458 1350 xit.

1264 1348 1373 1387 cursus,
1391 1349 1557 1381 Amicitiam
1572 1376 1582 1389 ,
1600 1351 1868 1383 Confoederationes
1886 1376 1895 1391 ,
1914 1363 1998 1394 atque
2013 1340 2234 1390 Conventiones
2252 1369 2331 1391 ante-
2350 1359 2397 1394 S7·
