2555 4266
672 175 705 222 E
743 181 783 222 T·
867 180 906 220 .A
944 179 1060 221 (3'r
1095 180 1133 220 Ar
1212 179 1246 219 Ρ
1277 179 1319 220 [J
1359 180 1391 220 B
1430 180 1521 221 121
1558 180 1597 221 (3
1636 182 1684 225 A.

168 266 280 306 Insuper
311 266 345 299 ad
360 265 446 297 finem
460 264 540 306 quod
555 264 682 306 praefatus
695 265 888 297 Sereniffimus
896 267 1030 304 Princeps
1038 265 1184 308 Dominus

14 313 100 344 1440.
131 307 192 335 Rex
205 310 273 344 Ang
284 309 316 336 iae
338 305 442 338 nullam
462 306 578 342 patiatur
595 303 772 335 Dilationem
794 306 823 335 in
845 305 1042 336 prosecutione
1053 326 1062 341 ,
1078 307 1098 334 li
1115 311 1185 339 opus

2229 192 2278 244 83

0 266 61 298 hm
77 264 120 296 D>⁸
1227 264 1368 303 sionibus,-
1386 264 1484 297 Rebus
1498 289 1508 305 ,
1523 270 1569 298 aut
1584 267 1670 299 Bonis
1682 290 1693 307 ,
1709 268 1738 298 in
1753 267 1861 307 Regno
1877 269 2000 305 Franciae
2012 274 2059 306 vel
2074 275 2139 307 alibi
2153 276 2203 307 sibi
2216 276 2277 315 spe·
2288 276 2360 307 Arm.
2376 274 2423 307 Da

42 2614 60 2637 ⁶
78 2613 118 2647 'Xz

52 2658 118 2694 38²²

40 3114 167 3164 anim

60 3168 148 3201 1440.

0 348 52 372 ien.
71 343 97 373 6.
132 344 217 382 esset,
233 346 273 374 ob
286 342 446 374 Defec‘lum
460 342 589 372 nostrum
608 341 698 373 fienda
715 366 724 380 ,
750 353 802 380 pro
818 346 983 374 executione
997 343 1042 372 vel
1056 341 1186 377 comple-

134 391 233 417 mento
246 382 360 418 alicujus
375 391 473 413 eorum
489 403 502 418 ‚-
518 391 581 419 quae
603 391 652 418 per
665 381 733 411 Nos
755 381 792 411 iic
805 403 814 419 ,
833 391 864 412 ut
886 381 1030 419 praefertur
1045 381 1078 410 &
1093 378 1185 415 supra-

134 420 278 458 scribitur,
297 419 347 449 sibi
362 429 410 457 per
425 430 476 449 nos
492 419 644 458 Promissa,
654 418 805 450 Conventa
819 442 828 457 ,
846 420 890 449 seu
913 418 1095 461 Concordata
1108 415 1187 459 sunt,

134 458 347 489 Renunciamus
367 458 502 489 omnibus
525 459 585 488 t‘am
596 458 668 496 juris
685 459 768 495 quam
793 457 869 487 Facti
884 456 1038 498 Remediis.
1050 477 1059 493 ,
1083 454 1184 492 quibus

134 496 231 529 contra
246 495 392 526 Praemiffa
406 505 453 527 aut
473 496 588 534 aliquod
609 497 777 525 eorumdem
794 494 937 537 possemus
951 494 1018 524 Nos
1031 502 1141 535 iuvare,
1159 501 1189 521 e-

132 533 201 564 tiarn
216 534 234 564 si
251 534 388 564 Defensio
403 534 568 572 fueritjuris
582 533 740 564 Naturalis:
761 532 797 562 Et
810 533 962 570 speclaliter
976 531 1191 574 Renunciamus

134 572 291 609 Privilegio
304 572 406 603 Crucis
420 572 566 610 ass'urnptae
581 571 625 606 vel
637 570 967 610 ass‘umendcemmnique
982 568 1123 613 Beneficio
1132 567 1189 615 Re-

136 609 286 641 stitutionis
298 611 327 641 in
340 613 481 648 integrum
496 632 506 649 ‚
522 610 655 640 omnibus
669 609 777 646 insuper
792 607 898 638 Gratiis
909 619 943 639 ac
956 608 1111 646 privilegiis
1129 615 1189 650 tam

137 648 206 679 Fori
221 659 307 687 quam
329 650 386 680 aliis
402 671 412 688 ,
429 650 462 680 &
484 649 648 679 Gratiarum
666 647 828 684 hujusmodi
851 647 951 677 Literis
964 648 1024 677 tarn
1039 647 1191 688 impetratis

135 688 224 726 quam
237 687 417 726 impetrandis
431 710 441 725 ,
458 686 503 717 seu
521 686 758 724 qualitercumque
779 685 915 715 conceffis
929 686 984 715 live
998 683 1189 727 concedendis

136 727 220 757 etiarn
241 735 321 758 mero
344 727 426 757 motu
442 723 657 755 Concedentis:
678 733 790 753 necnon
809 722 921 754 Statutis
940 724 1000 754 tam
1018 722 1191 760 generalibus

140 765 227 803 quam
242 759 421 802 specialibus,
435 763 468 793 &
485 761 636 800 praesenim
652 761 748 800 Regni
764 761 906 800 Franciae,
922 762 955 792 &
969 772 1066 791 eorum
1082 758 1192 804 Benefi-

140 804 209 841 ciis,
228 798 262 835 ’δε
282 812 348 841 quas
366 801 412 832 vel
427 810 491 838 quae
507 799 650 838 praemiffis
665 799 897 836 obligationibus
913 823 922 838 ,
939 798 1194 842 promissionibus,

139 840 405 880 Prorogationibus,
425 839 470 869 seu
483 837 722 868 Submiffionibus
735 840 866 875 derogari
883 838 927 868 seu
941 838 1115 881 praejudicari
1131 846 1196 879 pos-

139 879 194 911 set:
213 888 325 910 necnon
338 877 565 908 Proteetionibus
577 899 586 914 ,
607 886 640 907 ac
657 876 755 908 Literis
768 876 832 906 salvi
848 876 1021 907 Conductus
1033 899 1042 914 ‚
1058 876 1128 906 datis
1141 880 1196 919 live

141 917 255 954 dandis,
269 915 408 950 conceffis
424 915 479 946 sive
494 914 701 953 concedendis,
720 925 753 945 ac
765 915 927 954 generaliter
941 916 1023 945 omni
1039 914 1176 957 Dilationi
1187 935 1196 950 ‚

141 965 255 988 necnon
268 953 478 994 quibusCunque
490 953 601 992 juribus
622 954 720 991 quibus
736 954 858 991 deceptis
875 954 918 984 vel
932 953 1107 990 decipiendis
1120 961 1196 996 quo-

142 993 300 1025 modolibet
312 992 452 1029 subveniri
466 991 575 1029 p0test:
594 993 730 1029 omnique
745 991 989 1030 Dispensationi&
999 991 1195 1027 Absolut10m‚

142 1030 310 1070 Apostolicfi
323 1031 499 1063 Auctor-itate
513 1030 557 1061 vel
573 1030 626 1060 alia
641 1040 820 1070 quacumque
834 1031 917 1061 faeiae
927 1030 972 1060 seu
986 1029 1196 1072 fiendae,quam

141 1069 314 1110 praetendere
330 1068 472 1107 poss'emus
487 1069 517 1099 in
533 1068 770 1099 Exonerationem
788 1068 913 1099 nostram
933 1067 1060 1099 adversus
1073 1066 1198 1103 Obliga-

141 1110 250 1147 tiones,
268 1107 489 1145 Promiffiones,
507 1106 727 1145 Submisfiones,
739 1107 957 1144 Prorogationes
966 1129 976 1145 ,
990 1107 1036 1137 seu
1045 1105 1198 1144 Jiiramen-

141 1155 170 1178 ta
183 1147 276 1177 nostra
289 1146 468 1184 suprascripta
481 1146 525 1175 vel
539 1145 736 1183 inscripta,seu
750 1145 875 1176 adversus
883 1145 996 1188 aliquod
1013 1142 1197 1188 eorumdem:

139 1195 174 1221 ac
191 1185 397 1224 cujuscumque
412 1185 646 1222 provocationis,
665 1183 882 1221 Appellationis,
900 1183 1134 1226 Supplicationis,
1145 1181 1194 1210 Li·

141 1224 271 1263 bertatis,
289 1222 475 1260 anchefiae,
492 1222 536 1252 seu
552 1221 741 1252 Immunitatis
753 1221 882 1252 Personae
898 1222 952 1251 sive
967 1221 1041 1251 Loci
1057 1243 1074 1264 ,ν
1084 1229 1199 1250 necnon

144 1261 347 1300 cujuscumque
361 1260 578 1291 Consuetudinis
590 1268 636 1290 aut
650 1259 744 1297 Usus,
761 1259 872 1291 Auxilio
881 1261 936 1290 sive
952 1259 1097 1303 Remedio
1106 1281 1115 1296 ,
1124 1257 1199 1287 Prae-

145 1300 227 1332 'miffi
244 1299 463 1340 quomodolibet
479 1298 615 1336 impedire
631 1298 745 1328 volente
758 1298 814 1329 sive
833 1297 946 1328 differre
962 1308 968 1326 2
987 1307 1123 1335 omnique
1141 1295 1201 1325 lm⁴

165 1339 295 1370 lorationi
305 1338 431 1377 Judicis,
448 1347 482 1367 ac
497 1336 669 1367 Reduetioni
683 1336 716 1366 ad
731 1336 888 1367 Arbitrium
904 1337 973 1367 boni
989 1337 1066 1379 Viri,
1085 1344 1200 1366 necnon

163 1379 204 1408 uri
219 1378 326 1408 dicenti
337 1376 413 1414 quod
427 1385 486 1405 non
501 1375 572 1405 valet
587 1375 781 1409 Renunciatio
797 1375 944 1405 Generalis
959 1397 968 1412 ,
987 1377 1035 1404 nili
1078 1374 1199 1416 raecedat

168 1416 295 1455 pecialis:
315 1414 482 1452 Exceptioni
497 1413 553 1443 doli
568 1413 650 1450 mali,
669 1414 702 1444 δε
717 1414 746 1442 in
761 1413 870 1444 fastum
881 1413 1006 1456 ‚Aetioni
1019 1436 1029 1450 ,
1045 1411 1202 1455 Conditio-

146 1456 176 1486 ni
191 1454 324 1490 indebiti,
341 1452 508 1483 Conditioni
523 1451 578 1482 fine
593 1450 675 1482 causa
688 1474 698 1489 ,
715 1453 796 1481 omni
810 1451 966 1488 PriVilegio
980 1451 1136 1488 Temporis
1152 1449 1203 1494 Fej·

145 1494 208 1527 riati
221 1515 231 1531 ,
249 1490 390 1523 Beneficio
412 1489 627 1521 Constitutionis
650 1491 705 1520 tam
726 1489 829 1519 foelicis
849 1490 1050 1520 recordationis
1064 1485 1203 1526 Bonifacii

147 1534 231 1569 Papae
247 1531 352 1560 odam·
365 1552 376 1567 ,
395 1540 427 1559 ne
440 1532 498 1569 quis
513 1536 595 1558 extra
609 1526 692 1567 fitam
706 1531 861 1557 Civitatem
876 1526 914 1563 &
930 1526 1067 1568 Dioecefim
1083 1549 1092 1564 ‚
1108 1525 1156 1566 nist
1174 1529 1203 1555 in

149 1573 229 1601 certis
243 1572 282 1598 Ca
292 1568 350 1597 ibus
364 1567 403 1597 ibi
417 1569 521 1597 notatis
532 1589 542 1604 ,
561 1565 636 1601 &in
646 1565 701 1596 illis
716 1577 768 1596 non
785 1565 861 1595 ultra
874 1570 965 1597 Unam
981 1569 1095 1595 D:etam
1108 1577 1126 1594 a
1134 1563 1205 1634 gai*

149 1607 199 1638 bus
211 1606 272 1646 ejus
296 1618 323 1636 m
334 1601 474 1646 Dioecaefis,
491 1605 679 1644 adJadicium
691 1611 833 1642 evocetur,
853 1606 938 1644 quarn
955 1604 990 1635 de
1008 1604 1125 1635 Duabus
1167 1613 1206 1633 ie-

147 1648 184 1678 tis
200 1645 291 1676 Dictis
306 1645 337 1674 in
355 1643 494 1675 Concilio
510 1643 725 1682 Generali,Juri
748 1643 918 1673 Revocandi
937 1642 1088 1680 Domum,
1106 1652 1139 1672 ac
1155 1651 1207 1679 ge-

149 1684 279 1716 neraliter
293 1684 328 1714 &
343 1683 504 1714 indistinete
515 1684 597 1712 omni
609 1683 654 1712 alii
669 1682 787 1712 Actioni
805 1704 814 1719 ‚
832 1681 1004 1719 Exceptioni
1021 1704 1030 1719 ,
1048 1682 1080 1712 &
1097 1680 1208 1724 Defen-

147 1723 219 1755 sioni
235 1745 245 1761 ‚
267 1731 317 1760 per
337 1731 424 1761 quam
445 1721 588 1752 Executio
618 1720 834 1750 Praemifforum
853 1743 862 1757 ‚
886 1730 934 1757 per
966 1720 1034 1750 Nos
1056 1719 1207 1762 promilso-

150 1771 215 1793 rum
228 1784 238 1799 ,
256 1769 465 1792 conventorum
484 1760 528 1790 seu
545 1758 783 1791 concordatorum
797 1781 807 1797 ,
825 1757 931 1789 differri
954 1758 1038 1796 possit
1055 1767 1102 1789 aut
1119 1767 1208 1797 impe-

149 1799 220 1832 diri·
385 1830 387 1833 ,

148 1833 151 1837 ’
188 1823 230 1869 1ῑέ
245 1836 326 1875 quod
344 1837 422 1868 nullo
436 1836 471 1868 ad
487 1835 691 1868 Defensionem
707 1835 831 1866 nostram
850 1836 880 1866 in
895 1836 948 1867 hac
962 1846 990 1866 re
1002 1837 1042 1866 uti
1053 1837 1210 1873 poterimus

152 1876 270 1908 Auxilio
291 1876 347 1906 sive
367 1874 512 1913 Suffragio
526 1898 536 1914 ,
556 1876 606 1906 nisi
623 1876 722 1908 Literis
738 1876 943 1913 Acquietantiae
965 1875 1009 1905 seu
1026 1874 1212 1918 Exoneratio-

153 1917 198 1946 nis
212 1914 320 1953 praefati
335 1914 459 1945 Domini
473 1917 552 1952 Regis
567 1913 680 1952 Angliae
695 1935 705 1952 ‚
723 1914 773 1944 &c
803 1913 900 1943 Nobis
922 1914 952 1943 in
975 1913 1008 1944 ea
1024 1922 1100 1951 parte
1115 1913 1213 1950 faotis,

151 1953 269 2023 flagno
284 1953 384 1992 sigillo
398 1952 474 1994 ipfius
488 1956 611 1983 Domini-
621 1956 699 1990 Regis
713 1952 834 1990 figillatls
847 1963 856 1989 3
874 1951 1127 1989 Submittimusque
1147 1951 1214 1982 Nos

169 1991 284 2023 nfamiae
304 2000 442 2032 perpetuae
458 2014 468 2029 ,
487 2001 600 2022 necnon
617 1991 740 2030 Jacturae
754 2013 763 2028 ‚
783 1989 935 2020 Amiffioni
949 2012 958 2027 ‚
982 1990 1015 2021 ὅ(
1032 1990 1215 2034 forifacturge

154 2033 251 2062 omnis
265 2029 427 2061 Credentiae
440 2029 486 2060 seu
501 2029 627 2061 Fiduciae
637 2052 647 2067 ,
665 2040 728 2068 quae
742 2028 839 2059 Nobis
856 2027 1090 2072 Promissionibus
1102 2029 1148 2059 seu
1164 2029 1215 2059 Li-

153 2070 218 2107 teris
241 2065 342 2099 nostris
360 2069 420 2099 dari
441 2068 533 2106 posset
545 2090 556 2106 ,
571 2068 719 2106 omnisque
743 2067 941 2110 Reputationis
954 2089 964 2104 ‚
981 2066 1137 2104 Dignitatis
1152 2090 1162 2112 2
1179 2068 1214 2099 &

155 2106 248 2139 statiis
260 2109 306 2138 seu
320 2106 450 2138 Honoris
463 2107 586 2144 terreni,
604 2117 637 2137 ac
652 2106 737 2137 omni
757 2105 917 2144 hujusmodi
933 2105 1087 2136 Credentia
1129 2106 1215 2137 Fidu-

116 2166 119 2168 -
157 2147 221 2184 cia,
237 2145 447 2183 Reputarione,
466 2145 630 2184 Dignstare,
650 2145 746 2182 Statu,
765 2146 799 2176 δε
813 2143 935 2174 Honore
947 2153 1057 2174 terreno
1088 2185 1093 2188 ι
1113 2154 1145 2175 os
1159 2155 1214 2176 nu*

156 2185 257 2215 damus
271 2184 304 2215 &
320 2185 447 2217 exuimus
461 2193 510 2221 per
525 2183 694 2222 Praesentes,
709 2183 728 2214 si
743 2184 891 2220 contingat
906 2182 972 2213 Nos
988 2182 1135 2214 Praemiffa
1150 2192 1217 2213 om-

157 2224 204 2255 nia
216 2224 250 2255 &
267 2222 390 2260 singula,
407 2232 455 2259 per
471 2221 538 2252 Nos
552 2243 562 2260 ,
579 2231 609 2253 ut
623 2223 784 2260 praefertur,
803 2220 961 2259 Promiffii,
980 2220 1150 2260 Conventa,
1167 2221 1215 2252 seu

159 2260 362 2299 Concordata,
381 2271 440 2291 non
456 2261 619 2300 observare,
635 2260 681 2292 seu
696 2260 816 2292 deficere
832 2259 1077 2291 inObservatione
1092 2260 1217 2298 illorum,

157 2306 205 2331 aut
220 2300 337 2337 alicujus
351 2300 532 2330 eorumdem.
831 2337 835 2341 Ι
894 2330 896 2333 ,
919 2338 921 2340 ¹
1200 2340 1203 2343 Α

194 2337 227 2369 In
240 2348 361 2378 quorum
380 2337 480 2368 Fidem
499 2339 532 2369 &
550 2336 768 2369 Testimonium
788 2336 856 2366 huic
876 2335 929 2366 ΡΑ
941 2345 1019 2367 RT1
1041 2337 1219 2374 praefatarum

162 2367 177 2408 Ῐ
187 2386 210 2407 N
221 2386 242 2406 D
252 2386 270 2407 a
280 2385 303 2406 N
315 2385 337 2407 τ
346 2384 369 2407 u
381 2385 404 2406 R
412 2385 432 2405 A
443 2385 466 2406 R
476 2384 499 2406 u
510 2383 536 2405 Μ
551 2398 561 2413 ,
587 2376 632 2406 seu
656 2376 781 2414 praesenti
805 2377 911 2404 Literae
933 2376 1092 2405 Indentatae
1106 2399 1116 2414 ‚
1135 2386 1220 2417 penes

162 2414 315 2454 praefatum
329 2413 543 2451 Sereniffimum
558 2413 722 2452 Principem
737 2418 832 2450 Regem
842 2413 954 2450 Angliae
962 2414 1037 2452 ,&c.
1047 2414 1077 2444 R
1088 2424 1106 2445 E
1116 2422 1142 2444 M
1152 2426 1173 2445 A
1182 2423 1220 2445 N-

163 2463 177 2483 s
190 2462 213 2484 υ
229 2462 254 2484 R
268 2462 299 2483 AE
313 2476 323 2491 ‚
347 2452 417 2483 Nos
442 2451 563 2482 Karalus
592 2455 653 2482 Duc
678 2451 880 2491 Aurelianenfis
905 2452 1060 2482 antedietus
1087 2453 1223 2491 Sigillum

162 2491 292 2523 nostrum
310 2491 487 2530 apposuimus
501 2513 512 2529 ,
537 2491 593 2521 una
619 2500 688 2521 cum
712 2490 883 2530 appositione
902 2490 982 2529 Signi
1000 2490 1088 2521 nostri
1108 2501 1223 2522 manua-

164 2530 208 2561 lis.

173 2638 177 2641 ,
203 2607 224 2627 '¹‘
243 2606 311 2637 Dat.
328 2606 401 2644 apud
417 2605 557 2636 Palatium
574 2599 796 2646 Wstmonasterii
807 2630 816 2645 ‚
836 2598 969 2638 Secundo
985 2605 1029 2638 die
1042 2606 1227 2645 Julii,Anno

168 2644 296 2676 Domini
313 2646 489 2683 Millesirno,
507 2645 817 2683 Qadringenteiiim,
837 2646 1080 2683 Quadragei'imm
1098 2646 1228 2677 &Anno

169 2682 269 2723 Regni
286 2684 396 2722 praefati
411 2683 500 2723 Regis
515 2683 642 2723 Angliae,
659 2685 720 2715 δίε.
740 2684 858 2715 decimo
871 2685 987 2716 octavo.

977 2751 1196 2792 Kanoius

211 2838 265 2870 Sub
283 2829 373 2877 sigillo
387 2861 398 2877 ‚
415 2837 485 2868 Cerei
500 2828 582 2868 rubea*
600 2830 714 2877 expresso
724 2861 734 2878 ‚
756 2830 888 2878 pendente
903 2850 921 2868 a
937 2837 1033 2868 cauda*
1057 2840 1236 2876 Pergameae.

981 2947 991 2958 .

171 2974 224 3014 ‘De
241 2978 521 3026 Appiinfiuam'ento
538 2996 549 3021 ‚=
575 2980 726 3012 Conventa
745 3006 754 3021 ‚
781 2982 817 3017 ῤ’
846 2979 1007 3013 Concordia
1028 2984 1105 3013 in'ter
1126 2983 1235 3028 Regem

471 3030 508 3066 ὠ·
531 3028 648 3061 Ducem
668 3027 927 3072 Aurelianenfim⁸

184 3236 338 3270 Indentatae
346 3262 355 3276 ,
374 3246 551 3276 pervenerint
559 3259 569 3276 ‚
587 3236 723 3268 Salutem.

221 3278 365 3309 Noveritis
380 3276 477 3315 quod,

186 3393 379 3427 geminatione
392 3391 584 3428 Suspiriorum
592 3414 602 3428 ‚
610 3391 692 3420 nobis
705 3391 855 3421 humilime
865 3391 1043 3430 Suggeffisset
1055 3394 1133 3432 quod
1141 3403 1156 3423 a
1165 3402 1240 3424 tem·

187 3437 272 3468 pore,
309 3436 346 3461 uo
360 3432 389 3460 in·
404 3430 482 3461 Bello'
494 3429 531 3459 de
547 3429 704 3468 Agincourt
719 3452 728 3467 ,
745 3430 781 3458 ab
795 3452 805 3466 ,
822 3430 928 3460 inclitae
954 3430 1156 3462 reeordationis
1171 3454 1181 3469 ,
1200 3430 1239 3462 Ι-Ῐ.

191 3469 276 3505 Rege,
324 3469 426 3499 omino
438 3468 471 3499 &
483 3467 565 3499 Patre
580 3466 677 3497 nostro
692 3490 702 3506 ,
720 3466 836 3498 feliciter
851 3470 885 3500 &
900 3469 1052 3498 vietoriose
1066 3469 1240 3507 Triumpha-

189 3511 240 3542 t0,
253 3505 314 3542 jam
327 3506 388 3538 sunt
404 3506 512 3544 Viginti
525 3508 646 3543 quatuor
658 3506 690 3536 &
707 3506 823 3543 amplius
836 3507 916 3537 Anni
929 3530 940 3546 ,
965 3507 1076 3538 tradidit
1092 3510 1159 3539 eum
1175 3508 1240 3539 Do·-

191 3543 284 3574 minus
297 3544 325 3573 in
338 3548 436 3574 manus
448 3544 556 3584 praefati
571 3543 658 3574 Patris
671 3544 776 3582 nostri,

226 3580 300 3610 Idem
314 3584 383 3611 Dux
391 3603 402 3619 ,
414 3583 550 3613 continue
564 3582 727 3613 demoratus
740 3583 773 3614 &
786 3582 913 3614 detentus
922 3606 932 3621 ,
951 3583 1019 3614 licut
1028 3585 1060 3614 &
1071 3584 1106 3615 de
1116 3585 1241 3622 praesenti

189 3619 344 3656 detinetur,
353 3618 487 3656 Captivus
502 3621 531 3650 in
546 3619 652 3659 Regno
666 3620 763 3651 nostro
776 3621 890 3657 Angliae
900 3622 1043 3652 humiliter
1056 3624 1089 3653 ὃς
1103 3624 1241 3654 obedien-

191 3664 234 3689 ter
249 3656 330 3688 subiit
345 3656 378 3687 &
392 3657 550 3689 observavit
567 3658 714 3689 Prisonam
731 3659 764 3690 &
778 3658 949 3690 Custodiam
969 3661 1018 3690 sibi
1032 3661 1189 3698 dispositam
1208 3663 1242 3693 &

190 3696 370 3735 deputatam,
387 3695 475 3724 nichil
485 3706 608 3735 unquam
623 3696 721 3727 Verbo
734 3719 744 3735 ,
763 3696 877 3734 Scripto
893 3720 903 3733 ‚
919 3698 963 3727 vel
979 3698 1066 3728 Facio
1081 3708 1179 3729 contra
1189 3699 1241 3738 ju-

189 3741 348 3766 ramentum
364 3754 374 3771 ,
392 3732 420 3761 in
434 3732 596 3770 hujusmodi
610 3734 751 3772 Captione
774 3735 818 3765 seu
839 3735 1036 3773 Captivatione
1054 3737 1099 3767 sua
1119 3738 1163 3767 vel
1187 3740 1243 3776 ejus

189 3773 341 3803 occasione
360 3781 376 3800 a
397 3769 424 3800 se
446 3770 598 3806 praestitum
612 3794 623 3810 ,
640 3774 684 3803 vel
704 3773 828 3804 adversus
851 3773 1039 3804 Honestatem
1063 3775 1108 3805 seu
1134 3776 1241 3806 Lenem

190 3809 366 3849 captivitatis
376 3816 423 3839 aut
439 3809 611 3846 Armorum,
628 3819 674 3852 aut
688 3811 765 3849 quod
780 3812 890 3850 alicujus
905 3811 1139 3850 Repreheniionis
1158 3800 1243 3845 biota

189 3849 315 3886 dignum
338 3847 396 3878 dici
421 3844 505 3885 poffit
520 3865 530 3884 ,
555 3847 742 3880 machinando
755 3869 765 3888 ,-
789 3851 967 3888 procurando
984 3867 994 3890 ·,
1013 3850 1056 3881 vel
1077 3860 1245 3890 attemptari-

211 3897 232 3918 ο
519 3917 521 3920 ,
579 3913 585 3916 .

230 3910 335 3964 Sicque
358 3923 498 3954 Detentus
511 3922 544 3953 &
558 3920 730 3966 Demoratus
744 3945 754 3961 ‚
770 3925 847 3956 velut
862 3926 961 3957 Infelix
975 3949 985 3965 ‚
1005 3927 1138 3966 Alienus,-
1156 3929 1189 3959 &
1203 3929 1243 3960 E-

194 3962 324 3999 longatus
337 3963 374 3993 ab
389 3963 499 3993 Amicis
511 3962 544 3992 &
560 3959 650 3990 Notis
664 3960 734 4004 su'is,
749 3962 859 3994 &Exul
870 3975 884 3994 a
899 3965 968 3996 Solo
985 3965 1099 4004 Natali,
1117 3967 1242 3998 steriliter

193 4001 228 4032 &
244 4001 417 4032 infructuose
432 3999 564 4038 quidem,
580 3998 700 4040 neesibi
713 3999 758 4042 vel
773 4000 830 4030 aliis
843 4002 914 4032 utilis
928 4003 1095 4042 faesiusfflec
1112 4005 1180 4035 alios
1196 4007 1244 4036 ha-

190 4040 260 4071 bens
273 4039 323 4068 sibi
337 4039 432 4076 utiles,
446 4037 572 4076 transegit
588 4045 694 4073 majora
712 4035 786 4066 Vitae
801 4038 854 4067 suae
869 4048 996 4078 tempora
1009 4064 1019 4078 ,
1037 4042 1183 4073 modicum
1200 4044 1244 4074 vel

190 4076 281 4149 nighi'l
295 4076 548 4145 qisssipcgmmodi
564 4075 610 4109 vel
626 4074 762 4108 Utilitatis
777 4085 812 4107 ex
824 4075 990 4119 Dominiis,
1007 4080 1245 4123 Terrisaeoffesg

224 4136 226 4138 ·
245 4125 296 4146 om-
341 4138 347 4145 .
391 4138 398 4146 .
434 4138 439 4148 ι

182 3125 373 3180 HEriricu‘s,
391 3112 451 3153 Dei
467 3121 574 3160 gratia,-
591 3124 651 3152 Rex
666 3121 778 3160 Angliae
793 3121 831 3157 ὠ·
847 3125 970 3166 Franciae
984 3121 1022 3157 (5,
1038 3123 1170 3154 Dominus
1185 3123 1239 3154 Hi-

257 3163 375 3199 herniae,
390 3161 545 3205 omnibus,
560 3160 596 3190 ad
610 3170 680 3201 quos
695 3161 840 3199 praesentes
855 3160 978 3198 Literae,
997 3167 1070 3190 mter
1085 3164 1239 3194 Nos&ca-

38 3200 155 3265 An.618.
183 3198 322 3232 tissimum
344 3199 591 3243 Consanguineum
606 3198 733 3230 nostrum
749 3199 881 3229 Karolum
898 3202 999 3229 Ducem
1012 3199 1237 3239 Aureliane-asem

41 3242 77 3267 H.
116 3260 123 3267 .

42 3279 136 3305 Franc-

47 3314 132 3342 ι8.Η.
145 3315 174 3341 6.
218 3315 300 3348 Cfim·
315 3325 402 3353 nuper
413 3312 545 3353 praefatui
559 3316 629 3343 Dux‘
644 3336 654 3351 ‚
671 3313 864 3345 Novercantis
886 3314 934 3345 sibi
953 3314 1088 3345 Fortunae
1103 3315 1240 3354 multipli-

74 3373 82 3380 ·
100 3350 127 3380 8·
185 3357 250 3384 cem
272 3353 444 3392 praetendens
465 3351 680 3383 amaritudinem
692 3374 703 3390 ‚
723 3362 790 3382 cum
816 3353 952 3383 Lacrimis
966 3355 998 3383 &
1014 3355 1179 3385 crebrorum
1194 3356 1239 3385 in-

1226 302 1379 341 stantibus,
1397 306 1596 347 percipiendo,
2317 318 2404 354 1440}-

1281 341 1368 378 Quo,
1387 345 1457 373 licut
1470 344 1561 373 afferit
1577 367 1587 382 ‚
1602 343 1711 375 fastum
1728 343 1769 375 est
1794 346 1873 383 quod
1901 347 1934 377 ad
1963 358 2116 384 extremum
2137 352 2277 393 depaupe-
2291 359 2353 385 Heu.
2370 357 2400 382 6.

1225 385 1297 408 ratus
1313 380 1347 410 &
1362 381 1437 410 velut
1450 381 1632 413 adnichilatus
1647 384 1696 421 sit,
1711 384 1747 413 ita
1761 392 1791 413 ut
1804 384 1851 413 vix
1864 385 1919 421 jam
1933 387 2019 417 valeat
2033 392 2163 430 attingere
2179 393 2274 421 modi-

1226 425 1291 445 cam
1307 417 1352 446 vel
1367 419 1500 454 exiguam
1516 419 1631 451 Partem
1645 421 1716 451 illius
1731 421 1862 451 Summae
1874 444 1884 458 ,
1902 432 1953 459 pro
1973 424 2183 465 Redemptione
2204 429 2275 460 Pex-

1227 453 1303 496 sonae
1315 454 1370 485 suae
1386 456 1431 486 vel
1447 456 1470 485 F
1471 458 1578 487 inancia
1592 459 1715 489 dandam
1728 482 1738 497 ,
1756 469 1843 498 quam
1855 460 1885 490 in
1903 462 2062 498 primordiis
2076 466 2128 496 suae
2141 466 2276 506 Captiva-

1229 493 1315 522 tionis
1328 494 1461 530 potuiffet
1474 494 1619 526 exsolvisse
1628 518 1638 533 ,

1264 530 1365 574 Nobis
1382 532 1492 562 idcirco
1506 553 1516 571 ,
1535 543 1603 564 cum
1627 536 1710 564 omni
1731 540 1782 573 qua
1797 536 1888 573 potuit
1900 536 2054 568 humilitate
2069 561 2079 577 ,
2094 541 2281 580 Supplicando

1227 577 1356 606 quatinus
1366 589 1376 607 ‚

1267 606 1416 638 Praemillis
1430 605 1543 640 Pietatis
1557 609 1768 641 &Clementiae
1776 610 1880 649 Regiae
1895 612 2020 650 respectu
2035 616 2283 660 consideratisme,

1231 654 1331 683 praeter
1353 646 1537 678 Demeritum
1559 647 1727 687 suum,ssipse
1744 659 1813 680 cum
1834 651 1943 689 reliquis
1962 651 2036 682 Vitae
2059 652 2114 684 suae
2127 655 2235 695 diebus,
2251 661 2280 689 in

1231 683 1322 714 nostri
1338 686 1438 722 pariter
1454 687 1488 717 &
1505 686 1545 716 sui
1562 686 1768 726 Dispendium,
1785 688 1867 719 vadat
1881 690 1911 718 in
1927 688 2121 722 Perditionem
2136 693 2168 723 &
2185 693 2282 726 Exter-

1233 723 1354 752 minium
1369 723 1417 753 sibi
1431 733 1599 762 perpetuum
1614 727 1647 757 &
1663 725 1757 763 finale,

1269 759 1462 799 Dignaremur
1478 785 1487 800 ‚
1506 763 1692 795 mediantibus
1706 765 1840 801 congruis
1853 765 1887 796 &
1902 767 2110 798 rationabilibus
2124 768 2287 806 Obligatio-

1233 799 1316 829 nibus
1330 809 1345 829 a
1360 799 1385 832 se
1401 799 1520 839 fiendis,
1541 803 1716 833 Liberationi
1737 802 1791 834 suae
1812 803 1956 835 intendere
1969 825 1979 843 2
2005 807 2039 838 ὃς
2061 806 2153 836 finum
2177 807 2286 839 Gratiae

1236 837 1340 868 nostrae
1355 838 1405 868 sibi
1420 841 1598 877 quamtocius
1609 843 1733 880 aperire,

1276 875 1362 914 Nos,

1271 913 1416 945 Praemisia
1431 915 1477 953 pia
1493 916 1655 956 maturaque
1672 916 1881 951 Deliberatione
1896 920 2038 960 librantes,
2049 923 2287 963 &,praeterhaec,·

1235 961 1331 983 mente
1351 961 1477 984 tenentes
1499 955 1557 985 hoc
1577 956 1655 993 quod
1676 957 1711 986 ab
1727 958 1842 988 oraculo
1858 960 1938 989 vocis
1953 959 2068 999 praefati
2082 964 2183 1000 Ducis,
2201 963 2287 993 etiam

1234 1000 1301 1020 cum
1314 991 1499 1031 Jurejurando
1512 1015 1522 1030 ‚
1539 993 1611 1033 saepe
1623 994 1810 1025 protestatum
1832 997 1991 1028 audivimus
2005 1021 2014 1037 ,
2031 1000 2103 1036 quoi
2115 1024 2124 1037 ,
2141 1011 2210 1030 cum
2235 1010 2288 1038 pro

1238 1030 1344 1060 vitanda
1357 1029 1492 1062 lacrimali
1506 1031 1661 1063 Christiani
1674 1032 1822 1073 Sanguinis
1834 1034 1968 1066 effiiiione
1983 1059 1993 1074 ,
2011 1039 2045 1068 ὃς
2059 1039 2116 1068 aliis
2138 1040 2291 1069 innumeris

1236 1066 1375 1098 Bellorum
1397 1069 1430 1099 &
1444 1069 1615 1101 Guerrarum
1631 1070 1799 1103 Incomodis
1818 1073 1958 1111 (quorum
1981 1077 2193 1106 amaritudinem
2208 1078 2240 1107 &
2254 1078 2292 1107 ri-'

1234 1113 1334 1143 gorem
1348 1129 1358 1144 ,
1376 1107 1433 1137 tam
1446 1109 1475 1138 in
1490 1108 1516 1139 se
1530 1133 1540 1147 ,
1560 1110 1644 1147 quam
1662 1111 1693 1140 in
1714 1111 1771 1140 aliis
1785 1130 1795 1149 ‚
1811 1111 1870 1141 satis
1893 1114 2093 1150 comprobivit
2112 1115 2143 1145 ὅ(
2165 1124 2292 1153 expertus

1235 1142 1295 1180 est)
1316 1145 1380 1174 tum
1394 1147 1478 1176 etiarn
1499 1157 1551 1185 pro
1567 1147 1764 1186 consequendo
1782 1149 1949 1181 dulcissimae
1968 1152 2049 1182 Pacis
2068 1153 2147 1183 Bono
2163 1176 2172 1192 ‚
2190 1155 2269 1192 cnjus
2286 1175 2298 1193 ,

1237 1180 1306 1212 sicut
1323 1182 1631 1221 asserit,ardentiffim0
1646 1186 1744 1224 flagrat
1762 1187 1897 1219 desiderio
1915 1190 1948 1219 ὅ(
1966 1190 2156 1222 inflammatur
2173 1191 2296 1230 affectu,

1237 1228 1390 1258 exponeret
1405 1220 1431 1252 se
1446 1223 1669 1266 quibuscumque
1692 1226 1853 1257 Laboribus
1866 1228 1900 1259 &
1913 1227 2079 1266 Sumptibus
2098 1229 2144 1259 libi
2159 1230 2296 1267 possibilie·

1237 1258 1463 1302 buz-quodque
1477 1262 1546 1291 nihil
1562 1264 1592 1292 in
1607 1264 1686 1294 rebus
1701 1265 1831 1295 humanis
1845 1267 1999 1304 excogitari
2015 1266 2123 1306 posset,
2139 1270 2217 1307 cujus
2229 1269 2296 1299 Pro-

1237 1296 1413 1341 secutionem
1434 1299 1496 1343 tarn
1509 1299 1597 1330 libens
1610 1302 1766 1333 intenderet
1779 1304 1813 1334 &
1827 1303 1853 1334 se
1870 1312 1963 1335 totum
1978 1307 2226 1345 accommodaret,
2244 1309 2298 1338 sic-

1239 1343 1281 1365 uti
1305 1335 1387 1366 Pacis
1412 1336 1510 1367 Finalis
1538 1337 1572 1368 &
1597 1339 1742 1378 Perpetuae
1777 1342 1943 1373 inclitorum
1970 1344 2098 1377 Francioe
2126 1346 2160 1376 &
2188 1346 2298 1377 Anuliae

1240 1373 1413 1448 {egfriorutm
1429 1397 1439 1413 ,
1457 1376 1528 1406 adeo
1547 1377 1626 1415 quod
1641 1402 1651 1416 ,
1666 1378 1794 1416 Optione
1813 1381 1861 1411 sibi
1881 1381 1945 1413 data
1959 1405 1969 1420 ,
1994 1393 2057 1414 earn
2080 1385 2201 1422 propriae
2225 1371 2299 1416 ll'itae

1266 1422 1303 1442 rae
1317 1422 1376 1442 erre
1394 1436 1404 1450 ,

1282 1449 1396 1489 Varios,
1416 1451 1481 1489 post
1497 1453 1712 1492 Suggestionem
1728 1456 1885 1495 hujusmodi
1901 1459 2001 1490 Nobis
2014 1459 2137 1499 faciam,
2154 1461 2304 1492 habuimus

1242 1498 1311 1519 cum
1322 1490 1410 1533 eodem
1426 1494 1519 1529 Duce,
1537 1493 1596 1522 tam
1612 1492 1692 1531 super
1711 1495 1889 1526 Liberatione
1903 1497 1949 1527 sua
1965 1498 2210 1537 praedista,quam
2225 1499 2304 1538 super

1245 1527 1353 1572 Mediis
1368 1530 1469 1567 quibus
1483 1532 1621 1568 perveniri
1637 1531 1727 1570 posset
1741 1534 1775 1563 ad
1790 1534 1926 1574 eandem,
1944 1536 2093 1568 Tradiatus
2107 1539 2141 1569 δε
2156 1537 2304 1569 Commu-

1246 1574 1418 1606 nicationes‚

1271 1603 1501 1650 *Et-quanquam
1514 1617 1546 1639 ea
1564 1630 1574 1644 ,
1591 1618 1655 1647 quae
1672 1632 1682 1647 ,
1699 1611 1728 1640 in
1743 1609 1904 1648 hujusmodi
1919 1612 2100 1644 Tractatibus
2113 1615 2146 1646 &
2162 1614 2305 1646 Commu-

1246 1644 1453 1683 nicationibus,
1471 1645 1507 1675 ab
1521 1646 1576 1686 ipso
1591 1649 1667 1677 Duce
1682 1658 1735 1687 pro
1749 1650 1894 1688 praemiffis
1911 1650 2088 1682 Liberatione
2103 1653 2163 1690 sua,
2181 1655 2215 1685 &
2232 1653 2309 1684 Praea

1248 1682 1370 1712 ambulis
1390 1692 1437 1713 aut
1458 1683 1687 1727 Circumstantiis
1711 1687 1850 1726 ejusdem,
1870 1692 1884 1705 ⁴
1904 1688 2004 1719 Nobis
2023 1690 2116 1721 oblata
2132 1691 2210 1722 fuere
2223 1714 2232 1729 ,
2250 1693 2309 1722 tam

1246 1721 1339 1758 quoad
1358 1720 1547 1753 Pecuniarum
1565 1724 1808 1764 Summas,quam
1824 1727 1917 1765 quoad
1933 1727 2101 1760 Securitates
2119 1728 2154 1760 de
2162 1729 2311 1761 Solutione

1248 1760 1413 1803 earumdem
1427 1783 1439 1798 ,
1462 1760 1563 1792 Nobis
1579 1764 1609 1792 in
1628 1762 1772 1795 Termino
1789 1765 1835 1796 vel
1852 1765 1997 1796 Terminis
2015 1766 2051 1797 de
2066 1768 2166 1807 quibus
2185 1778 2309 1799 concor-

1248 1797 1307 1828 dari
1326 1798 1416 1842 posset
1429 1798 1537 1838 fienda,
1555 1801 1640 1840 quam
1658 1803 1751 1841 quoad
1770 1802 1906 1834 Reditum
1923 1806 1956 1836 &
1977 1805 2196 1837 Res'titutionem
2212 1807 2312 1837 Perso-

1250 1846 1296 1866 nae
1314 1836 1368 1880 suae
1385 1847 1414 1867 in
1432 1847 1532 1868 manus
1554 1839 1660 1870 nostras
1680 1842 1709 1871 in
1731 1851 1864 1873 eventum
1880 1853 1939 1873 non
1959 1843 2113 1875 Solutionis
2130 1845 2312 1884 hujusmodi,

1250 1876 1284 1907 &
1299 1875 1355 1905 aliis
1369 1876 1405 1906 ab
1420 1877 1472 1914 iplo
1490 1880 1565 1906 Duce
1580 1877 1679 1909 fiendis
1693 1880 1725 1910 ὃ(
1740 1881 1956 1919 perimplendis,

1287 1913 1375 1944 Exilia
1397 1915 1480 1945 nobis
1501 1917 1605 1947 merito
1629 1916 1685 1948 visa
1704 1918 1816 1950 fuerunt
1831 1942 1841 1958 ,
1858 1919 1965 1956 fragilia
1986 1930 2122 1959 quoque,
2145 1922 2179 1953 ὃς
2197 1921 2312 1953 modica

1252 1951 1458 1996 existimatione
1470 1953 1573 1998 digna,
1581 1955 1734 1998 praesertirn
1749 1957 1846 1988 habito
1861 1958 1986 1996 respectu
1998 1959 2033 1990 ad
2049 1959 2311 1998 Praeeminentiam‚

1253 1990 1444 2068 >Philitae—m
1459 1992 1606 2031 Sanguinis
1618 2016 1628 2033 ,
1646 1993 1758 2026 Statum
1770 2019 1780 2035 ‚
1803 1997 1837 2027 δε
1852 1997 1915 2027 alias
1930 1996 2163 2030 Circumstantias
2177 1998 2311 2030 Personae

1252 2036 1277 2067 ip
1290 2040 1330 2058 tus
1375 2040 1443 2068 ucis,

1290 2067 1358 2098 Nos
1372 2077 1467 2099 tamen
1482 2092 1492 2107 ,
1511 2072 1610 2108 praeter
1625 2072 1721 2103 omnia
1738 2071 1885 2104 Praemissa
1899 2097 1909 2113 ,
1928 2084 1961 2105 ac
1975 2075 2047 2113 una,
2065 2084 2133 2106 curn
2147 2077 2203 2113 eis,
2222 2075 2313 2106 confi-

1254 2106 1381 2138 derantes
1400 2108 1480 2145 'quod
1494 2109 1524 2139 in
1538 2109 1673 2148 Principe
1695 2121 1754 2141 non
1779 2112 1872 2143 minus
1894 2113 2048 2150 gloriosum
2072 2114 2105 2144 iit
2124 2115 2158 2146 δε
2181 2114 2318 2145 laudabile

1257 2145 1382 2176 Hostem
1397 2146 1538 2184 Vincere,
1556 2149 1641 2186 quam
1655 2150 1725 2180 scire
1739 2150 1819 2181 vieti
1837 2151 1978 2191 misereri,

1294 2183 1383 2229 Cujus
1404 2184 1570 2229 (videlicet)
1592 2186 1730 2225 Principis
1745 2189 1906 2220 Auctoritas
1925 2191 1959 2221 &
1981 2190 2106 2221 Potestas
2122 2193 2158 2222 ita
2172 2191 2316 2230 potissime

1257 2222 1370 2292 aDecori
1388 2223 1421 2255 &
1440 2223 1550 2255 Glonae
1569 2224 1620 2256 sibi
1639 2225 1726 2265 fiunt,
1744 2227 1765 2257 si
1780 2228 1819 2258 eis
1837 2236 1927 2259 utatur
1941 2229 1975 2260 ad
1995 2229 2120 2260 Salutem
2136 2231 2169 2261 &
2185 2230 2319 2262 Gratiam

1283 2271 1394 2300 iorum,
1495 2291 1498 2296 .
1538 2291 1543 2295 ,
1707 2292 1711 2294 ,
1787 2298 1792 2304 ,

1293 2298 1430 2332 Precibus
1442 2303 1477 2334 ὃς
1490 2298 1629 2334 Instantiis
1636 2302 1753 2343 pi‘aefati
1767 2307 1852 2335 Ducis
1864 2305 1898 2336 &
1913 2305 2025 2336 Consan
2065 2307 2118 2337 inei
2133 2307 2240 2344 nostri,
2256 2316 2318 2338 ma-

1259 2339 1337 2370 xime
1355 2339 1401 2378 spe
1418 2339 1500 2371 Pacis
1519 2351 1566 2379 per
1586 2343 1645 2380 ejus
1665 2343 1880 2374 Solicitudinem
1901 2345 1934 2374 &
1951 2343 2035 2375 Indui
2052 2348 2120 2376 riam
2145 2345 2319 2383 consequena

1259 2377 1322 2417 dae,
1339 2378 1479 2409 Animum
1500 2379 1631 2418 Regium
1653 2381 1784 2411 duximus
1804 2382 2000 2413 inclinandum
2017 2404 2027 2421 ,
2050 2385 2083 2416 &
2107 2384 2322 2422 Appun&uavi·

1261 2426 1341 2454 ωας,
1359 2427 1393 2448 ac
1409 2417 1659 2457 Appunctuamus,
1677 2419 1943 2459 Concordavimus,
1960 2422 1994 2453 &
2014 2421 2229 2454 concordamus
2251 2431 2322 2454 cum

1262 2455 1365 2490 eodem
1381 2457 1410 2486 in
1421 2466 1486 2487 eum
1500 2458 1547 2495 qui
1561 2457 1679 2495 sequitur
1694 2458 1833 2496 modum,

1300 2493 1347 2525 ΙΝ
1376 2504 1394 2525 1²
1404 2503 1427 2525 R
1437 2504 1450 2525 1
1460 2503 1487 2526 M
1496 2504 1508 2524 1
1518 2506 1531 2525 s
1557 2497 1636 2526 enim
1654 2497 1890 2538 Appunctuatum
1903 2520 1913 2536 ‚
1933 2497 2124 2531 Conventum
2138 2523 2147 2538 ‚
2173 2501 2206 2531 &
2236 2498 2322 2530 Con-‘

1265 2532 1412 2563 cordatum
1429 2533 1470 2563 est
1486 2535 1558 2564 inter
1574 2537 1649 2573 Nos,
1668 2537 1702 2566 ὃς
1712 2536 1862 2573 praejatum
1879 2540 1998 2576 Ducem,
2017 2539 2114 2578 quod,
2127 2540 2321 2570 incontinenti

1264 2572 1297 2602 &
1315 2581 1371 2608 prae
1386 2572 1532 2610 manibus,
1556 2572 1646 2604 solvet
1659 2574 1743 2604 nobis
1755 2574 1906 2605 Summam
1919 2575 2119 2615 Quadraginta*
2136 2577 2245 2607 Milium
2259 2578 2320 2606 No-

1265 2609 1357 2639 bilium
1377 2610 1462 2640 bonae
1483 2611 1516 2641 &
1537 2610 1629 2650 legalis
1650 2610 1783 2644 Monetae
1804 2612 1901 2653 Regni
1923 2614 2010 2645 nostri
2023 2616 2156 2653 Angliae,
2174 2616 2218 2647 seu
2236 2615 2320 2646 lxxx.

1267 2648 1352 2716 llllilia
1367 2650 1507 2679 Scutoriim
1522 2673 1529 2688 ,
1547 2660 1670 2688 quorum
1691 2650 1763 2682 Duo
1779 2651 1888 2691 semper
1903 2653 2012 2685 valeant
2033 2664 2123 2686 unum
2138 2654 2239 2685 Nobile
2255 2657 2322 2685 An-

1295 2690 1409 2717 icanum.

1266 2699 1284 2725 g
1309 2725 1381 2757 [TE
1392 2735 1438 2764 M,
1454 2726 1534 2765 quod
1558 2727 1630 2758 insta
1654 2727 1709 2758 Sex
1727 2728 1861 2768 Menses,
1885 2730 1922 2760 ab
1935 2730 1985 2761 illo
2002 2730 2061 2762 Die
2077 2741 2135 2770 quo
2153 2733 2279 2771 primurn
2296 2741 2326 2764 e*-

1269 2765 1408 2808 gredietur
1428 2765 1567 2803 Regnum
1588 2766 1701 2803 Angliae
1716 2769 1850 2805 proximo
1867 2768 2009 2807 sequentes
2027 2770 2060 2801 &
2078 2772 2206 2809 futuros,
2230 2772 2327 2803 Solvet

1271 2808 1316 2835 1eu
1329 2804 1400 2835 solvi
1415 2804 1499 2835 faciet
1514 2804 1612 2841 Nobis
1627 2805 1774 2836 Summam
1791 2810 1940 2845 Sexaginta
1952 2808 2065 2838 Milium
2080 2809 2218 2839 Nobilium
2241 2811 2327 2841 bonae

1274 2844 1307 2873 &
1321 2843 1411 2882 legalis
1424 2842 1557 2873 Monetae
1569 2842 1666 2883 Regni
1682 2845 1768 2875 nostri
1786 2845 1970 2884 Angliae,seu
1987 2850 2100 2876 Centum
2118 2851 2224 2885 Viginti
2240 2849 2325 2879 Mllia

1273 2887 1429 2920 Scotorum,
1447 2891 1570 2919 quorum
1585 2881 1655 2913 Duo
1667 2882 1775 2921 semper
1787 2884 1895 2914 valeant
1907 2894 1997 2915 unum
2011 2885 2110 2915 Nobile
2126 2886 2324 2925 Anglicanum:

1284 2948 1286 2950 ,
1310 2920 1347 2951 Et
1363 2919 1441 2958 quod
1460 2920 1529 2949 idem
1536 2923 1731 2958 Dux,praeter
1750 2922 1856 2953 Literas
1869 2922 1926 2953 suas
1941 2925 2064 2963 proprias
2082 2924 2326 2964 Obligatorias‚de

1273 2959 1392 2990 Summa
1406 2958 1540 2996 praedicta
1560 2959 1725 2996 (videlicet)
1744 2964 1894 2998 Sexaginta
1908 2961 2018 2991 Milium
2032 2963 2251 3002 Nobiliun1‚live
2260 2968 2327 2994 cen·

1271 3005 1329 3028 tum
1357 2999 1465 3035 Viginti
1488 2997 1600 3027 Milium
1624 3001 1764 3028 Scotorum
1781 3022 1792 3038 ‚
1818 2999 1918 3030 Nobis
1935 3008 1966 3030 ut
1983 3002 2126 3038 praefertur
2144 3003 2327 3039 exsolvenda,

1271 3046 1324 3077 pro
1342 3036 1473 3075 ampliori
1487 3035 1641 3067 Securitate
1657 3036 1751 3080 nostra
1762 3059 1772 3075 ,
1797 3037 1891 3106 guoad
1911 3037 2088 3070 Solutionem
2106 3041 2227 3078 ejusdem
2245 3042 2329 3082 Sum-

1275 3085 1332 3106 mae
1348 3074 1448 3105 Nobis
1466 3075 1539 3104 bene
1557 3075 1590 3104 &
1607 3074 1724 3106 fideliter
1741 3075 1796 3106 fien
1817 3085 1881 3114 am,
1900 3076 1976 3107 dabit
1994 3078 2092 3109 Nobis
2108 3080 2140 3109 &
2159 3078 2261 3116 tradet,
2279 3082 2324 3108 leu

1275 3113 1333 3144 dari
1349 3114 1382 3145 &
1406 3112 1475 3144 tradi
1493 3112 1593 3143 Nobis
1615 3112 1700 3145 faciet
1713 3136 1723 3152 ‚
1747 3115 1816 3146 citra
1834 3113 1991 3147 Receffum
2006 3116 2072 3149 dieis·
2093 3121 2178 3147 Ducis
2191 3127 2206 3147 a
2220 3116 2327 3154 Regno

1279 3152 1409 3191 Augilis,
1427 3151 1535 3182 Literas
1548 3150 1695 3191 patentes,

2343 1685 2359 1701 ·
2375 1685 2414 1711 xi

2345 1722 2409 1760 783>

1313 3215 1448 3259 Dalphini
1465 3222 1596 3259 Viennae',
1611 3220 1666 3259 pro
1678 3218 1805 3260 Triginta
1820 3222 1902 3253 Mille
1914 3227 2018 3263 statis,

1317 3262 1402 3290 Ducis
1418 3262 1590 3297 Britannice,
1608 3269 1660 3297 pro
1673 3263 1781 3297 Viginti
1796 3261 1877 3291 Mille
1892 3266 1995 3300 Scutis,

1316 3300 1400 3329 Duris
1415 3296 1574 3335 Alcmona,
1593 3307 1645 3337 pro
1659 3294 1766 3336 Viginti
1782 3299 1864 3329 simle
1882 3304 1986 3339 Scutis,

1313 3340 1423 3366 Comitis
1437 3339 1465 3365 V
1465 3336 1562 3373 in'don,
1580 3346 1633 3373 pro
1644 3340 1741 3367 Decem
1755 3337 1836 3367 Mille
1847 3342 1948 3376 scutit,

1316 3378 1425 3405 Comitis
1441 3374 1594 3411 Marthae,
1611 3384 1664 3412 pio
1676 3378 1774 3405 Decem
1789 3376 1869 3406 Mile
1885 3380 1986 3412 Sciatis,
2142 3405 2145 3407 t

1284 3409 1295 3451 ’Ἰ
1313 3411 1511 3452 Archiepiftopi
1533 3413 1664 3452 Remenfis
1687 3414 1855 3445 Cancellarii
1881 3415 2007 3445 Francia:
2021 3435 2030 3451 ,
2054 3422 2107 3451 pro
2131 3415 2231 3445 Decem
2248 3415 2328 3446 Mille

1278 3452 1364 3482 scum
1528 3483 1532 3487 ,
1570 3478 1572 3481 ,

1312 3474 1507 3528 Arc’hiepifcopi
1519 3489 1717 3528 Narbonenfis‚
1735 3500 1787 3527 pro
1800 3491 1853 3519 Sex
1868 3489 1947 3519 Mille
1959 3491 2060 3527 Scutir,

1316 3532 1426 3558 Comitis
1439 3528 1470 3558 de
1482 3530 1634 3558 Harecourt
1649 3529 1687 3564 ὠ·
1700 3527 1876 3557 Tancarvib'a
1893 3551 1900 3564 ,
1918 3536 1970 3564 pro
1983 3529 2036 3557 Sex
2051 3527 2132 3559 Mille
2149 3532 2251 3569 Scutir,

1315 3570 1426 3605 Domini
1439 3567 1471 3602 de
1486 3565 1605 3605 madly,
1620 3576 1672 3605 pro
1720 3573 1818 3595 uatuor
1834 3565 1916 3608 Milli·
1929 3568 2034 3604 Scutis,

1310 3608 1423 3636 Domini
1435 3605 1467 3634 de
1482 3602 1608 3643 Loheac,
1623 3615 1677 3643 pro
1699 3612 1716 3627 ⁰
1727 3612 1825 3634 uatuor
1842 3602 1922 3632 Mille
1937 3607 2023 3634 scutis
2033 3623 2044 3643 ,·

1315 3662 1443 3700 Divisas‚
1460 3661 1619 3698 diffinitas,
1638 3662 1671 3691 &
1686 3661 1815 3703 separatas
1829 3681 1839 3703 2
1858 3660 1948 3697 quoad
1964 3660 2097 3692 Summas
2112 3662 2140 3698 in
2156 3662 2257 3693 eisdem
2276 3656 2327 3693 Li-

1277 3702 1342 3733 te'ris
1361 3699 1559 3738 specificandas
1574 3721 1583 3736 ‚
1609 3696 1808 3740 concipiendas
1826 3706 1859 3740 ,in
1880 3697 1974 3728 forma
1995 3700 2067 3730 inter
2088 3702 2146 3729 Nos
2167 3701 2200 3730 δε
2221 3702 2332 3732 eundem

1278 3743 1379 3770 Ducem
1395 3737 1596 3774 concordata,
1609 3735 1758 3773 sigillandas
1771 3734 1876 3772 sigillis
1891 3746 1993 3767 eorum
2008 3738 2120 3776 publice
2135 3739 2248 3769 notis&
2257 3749 2329 3771 con-

1277 3779 1366 3846 suellss
1374 3824 1392 3846 i:
1406 3823 1431 3845 M
1440 3837 1450 3852 ,
1467 3813 1544 3851 quod
1556 3820 1654 3849 prmter
1661 3812 1694 3842 &
1704 3811 1772 3842 ultra
1781 3808 1914 3843 Summas
1926 3815 1955 3844 in
1970 3814 2192 3851 praecedentibus
2201 3815 2333 3849 Articulis

1279 3852 1456 3892 specificans,
1468 3853 1500 3888 pr
1505 3850 1596 3880 efatus
1603 3851 1671 3879 Dux
1679 3848 1885 3893 Aurelianensis
1892 3874 1901 3890 ,
1910 3852 1979 3882 infra
1987 3852 2135 3889 praedicstos
2141 3852 2194 3882 Sex
2204 3852 2318 3886 Menses
2324 3872 2337 3895 ,

1280 3893 1310 3922 in
1328 3892 1456 3929 proximo
1474 3888 1603 3955 Articlili'lg>
1620 3887 1814 3957 {uperscripttg
1824 3892 1993 3958 trilemgratos
2007 3912 2017 3927 ‚
2043 3891 2280 3961 compurandoss(
2290 3897 2334 3925 vi-

1279 3929 1564 3999 (ἓξὲξῐξυὲηᾶηοᾟῖιῖῐιη
1584 3934 1842 4008 Αῐὲῗίἕῗωέοἳνεέ
1856 3937 2018 3996 “seulg'o‘llil'lio
2034 3937 2333 4009 aglssrtmffoelfisegiffiig

1282 4012 1360 4037 marn
1384 4004 1490 4040 Viginti
1514 4000 1624 4032 Milium
1646 4001 1784 4046 Nobilium
1806 4005 1890 4033 bonae
1912 4004 1944 4034 δε
1967 4003 2062 4040 legalis
2084 4003 2216 4037 Mone2ae
2231 4007 2329 4048 Regni

1284 4042 1372 4074 nostri
1396 4041 1509 4076 Angliae
1523 4062 1532 4078 ,
1549 4040 1594 4071 seu
1610 4040 1805 4080 ,Quadraginta
1828 4041 1911 4070 Milia
1936 4044 2075 4073 scutorum
2087 4064 2100 4082 ,
2116 4053 2238 4082 quorum
2257 4046 2329 4077 Duo

1282 4083 1392 4121 semper
1407 4079 1514 4112 valant
1527 4088 1617 4111 unum
1631 4080 1731 4112 Nobile
1745 4079 1936 4118 Anglumnn'me

1730 4117 1790 4149 122
2193 4114 2318 4161 Iram,
