2555 4266
39 1920 115 1952 Ann.
128 1919 172 1953 D.

58 1961 146 1999 1478.

39 2003 93 2027 An.
116 2001 157 2028 18.

36 2059 124 2103 lianc.
132 2086 139 2103 i
146 2077 161 2104 8
167 2100 173 2106 .

34 2117 66 2143 Ξ.
73 2124 102 2151 4.
111 2125 148 2144 m.

39 2595 57 2613 ⁸
69 2595 139 2624 XII.

40 2655 118 2702 Arin.
130 2670 171 2701 D.

61 2711 149 2749 1478.

40 2752 92 2777 An.
114 2749 158 2776 18.

41 2808 98 2852 Pet.
112 2809 154 2854 i8.

42 2867 170 2900 E.4.p.2.

44 2910 82 2930 m.
104 2911 148 2931 ιι.

742 183 853 229 ET
940 183 1199 227 ACTA
1282 179 1761 228 PUBLICA.

40 278 118 311 Ann.
129 277 172 309 D.
189 284 236 309 tur
250 275 403 316 praemissa,
421 274 591 314 obligamus
608 273 689 313 quod
703 275 778 306 idem
793 276 916 312 Princeps
929 272 1017 313 noster
1028 272 1126 302 omnia
1141 272 1174 302 &
1191 269 1246 299 fin-

60 325 115 358 ¹47

41 361 108 385 mv.

186 349 193 356 ⁸
207 317 250 347 ula
265 314 410 347 Praemisfii
422 314 587 346 Ratificabit
603 315 636 344 &
651 313 843 344 Confirmabit
853 337 862 350 ‚
881 322 969 349 eaque
982 311 1087 340 realiter
1100 311 1133 340 &
1156 310 1184 338 in
1204 306 1247 337 ef-

185 326 262 386 {eiu
281 353 471 391 observabit,
490 353 652 392 Exequetur
673 354 707 384 ὃς
725 352 819 382 Faciet
834 360 898 389 quae
910 348 1125 392 Praemissorurn
1143 347 1246 392 'IA'enor

186 392 286 432 exigit,
303 391 416 430 suasque
432 391 559 424 Parentes
572 392 676 422 Literas
689 389 852 428 superinde,
866 389 962 418 debite
977 388 1010 417 ὃ(
1031 396 1060 416 m
1082 385 1248 428 fQsm²‚³}¹·

185 430 293 463 tenticfi
308 431 468 469 confectas,
490 430 596 461 Manus
609 430 663 460 suae
678 429 889 464 Subscriptione
904 425 956 455 Ma
977 433 1073 469 noque
1086 433 1143 460 ejus
1163 422 1248 466 Sigil-

185 470 216 500 lo
230 469 366 506 munitas,
385 471 456 500 cum
471 469 551 506 super
565 470 624 499 hoc
637 469 718 498 fuerit
733 466 893 504 requisitus,
906 463 958 493 Illu
985 462 1093 506 risfimo
1104 460 1198 504 ¹Fratri
1213 460 1248 490 δε

188 507 409 546 Consanguineo
423 508 473 538 suo
489 508 614 539 Franciae
629 506 768 537 Ludovico
781 502 926 534 antedicto
947 499 1123 531 Deliberabit
1142 498 1248 529 delibe-

187 547 277 576 rarive
289 546 382 577 faciet.

223 583 257 614 In
289 594 416 623 quorum
438 585 570 615 omnium
593 584 627 614 &
647 581 823 618 finguiorum
845 576 1063 608 Praerniffomm
1086 575 1188 606 Fidem
1212 575 1247 606 &

186 621 406 654 Testimonium
423 624 469 654 has
481 623 586 654 nostras
599 621 728 651 Patentes
742 617 848 649 Literas
861 615 996 647 Manibus
1019 616 1138 653 propriis
1160 614 1248 654 signa-

185 663 281 693 vimus
297 663 331 694 &
344 662 439 701 Sigilla
450 661 545 693 nostra
557 659 744 698 apposuimus.

224 737 336 770 Datum
349 738 423 776 apud
438 737 596 778 HesHinirem
606 733 735 774 Septimi
747 733 806 763 Die
820 731 930 762 Menfis
943 730 1061 768 Aprilis,
1076 730 1166 761 Anno
1180 730 1248 762 Do-

188 778 261 808 mini
277 777 433 809 Millefimo
443 799 454 815 ,
471 773 776 814 Qadringentesimo,
794 770 1006 810 Septuagefimo
1019 770 1136 800 οᾶενο.

225 854 294 884 Nos
307 854 390 892 igitur
403 851 580 888 Edwardur,
599 853 659 880 Rex
674 849 786 887 Angliae
800 847 838 884 &
858 850 980 877 Franciae
1000 854 1176 884 memoratus,
1193 856 1248 877 vo-

188 892 277 922 lentes
292 901 323 922 ut
338 901 386 928 ea,
405 901 469 928 quae
484 899 532 927 per
546 890 635 919 diftos
649 889 760 919 nostros
776 888 914 918 Oratores
931 895 1000 916 curn
1022 886 1139 924 praefato
1164 885 1248 915 Con-

188 931 338 968 sanguineo
351 929 451 959 nostro
467 933 536 965 Rege
549 928 704 967 Ludovico,
722 927 758 958 de
770 928 804 958 ὃς
821 927 899 963 super
913 925 1119 963 Prorogatione
1129 924 1247 954 Termi-

186 967 360 1036 gopraefatiitss
377 967 488 1036 69εὲιέῑῆ
503 978 536 997 ue
554 966 631 1005 supra
651 967 816 996 memoratis
833 963 1020 1003 quibuslibet⁷
1039 963 1249 1000 Appunciuata‚

237 1015 309 1036 ncor
330 1015 372 1036 ata
383 1030 393 1043 ,

189 1044 354 1083 sortiantur,
380 1054 410 1075 ea
426 1046 524 1075 omnia
542 1045 575 1075 &
591 1044 717 1080 singula,
740 1052 824 1079 prout
844 1041 967 1080 superius
982 1041 1011 1070 in
1028 1050 1129 1071 eorum
1148 1039 1249 1070 Literis

186 1082 250 1112 sunt
267 1082 409 1121 expressa,
427 1083 562 1113 Nomine
580 1082 680 1113 nostro
699 1082 772 1112 faeta
790 1090 875 1120 atque
892 1079 983 1118 gesta,
1000 1079 1038 1109 de
1055 1077 1132 1109 certa
1149 1078 1249 1108 Scien-

187 1119 229 1151 titi
247 1121 358 1160 nostrii,
382 1121 460 1152 nullo
475 1122 548 1160 Juris
564 1121 609 1152 seu
627 1121 706 1151 Facti
721 1130 817 1150 errore
834 1119 929 1155 ducti,
956 1127 1040 1156 atque
1057 1126 1194 1154 ornnem,
1220 1118 1249 1147 in

185 1169 324 1197 quantum
343 1162 372 1190 in
392 1161 492 1191 Nobis
507 1160 565 1198 est,
585 1159 742 1190 DefeCium
761 1158 934 1197 supplentes,
951 1164 1089 1194 gratanter
1108 1156 1251 1194 Accepta—

190 1207 267 1236 mus,
284 1198 485 1237 Rarfficamm,
505 1199 725 1237 Approbarnus,
743 1198 776 1228 &
796 1196 1027 1231 Confirmamus3

228 1236 445 1276 promittentes,
465 1238 544 1268 bons
561 1237 629 1267 Fide
644 1237 676 1267 δε
691 1236 792 1266 Verbo
807 1235 920 1272 Regio,
942 1233 1021 1271 quod
1042 1243 1073 1263 ea
1097 1233 1197 1262 omnia
1214 1232 1249 1263 ἅτ

190 1274 310 1313 singula,
329 1285 464 1314 quantum
478 1276 513 1306 ad
528 1276 598 1306 Nos
608 1276 724 1312 attinet,
741 1273 846 1304 realiter
861 1273 894 1303 &
916 1281 984 1303 cum
1010 1270 1118 1301 effectu
1141 1271 1250 1301 Obser-

188 1314 338 1383 israbirpus,
352 1314 535 1353 Exequemur
559 1316 592 1346 &
608 1314 756 1344 Faciemus
775 1313 852 1351 juxta
873 1313 906 1343 &
925 1310 1082 1342 secundum
1096 1311 1249 1341 Tenorem

202 1362 268 1389 upra
279 1363 319 1383 cri
342 1362 414 1383 tum.

229 1390 262 1420 In
292 1364 415 1429 quibrum
439 1392 570 1421 omnium
593 1392 627 1422 &
650 1389 823 1429 singulorum
845 1387 1060 1419 praemistorum
1087 1386 1186 1429 Fidem
1219 1387 1251 1416 ὃς

191 1428 404 1460 Testimonium
420 1430 468 1460 has
484 1429 590 1460 nostras
608 1429 737 1460 Patentes
752 1428 858 1458 Literas
876 1426 983 1457 Manus
1000 1425 1103 1455 nostrae
1128 1426 1253 1462 Sulcrip—

190 1469 271 1498 tione
285 1468 472 1508 signavimus,
488 1469 522 1500 &
536 1468 627 1506 Sigilli
641 1467 729 1497 nostri
745 1465 914 1504 appenfione
929 1465 1049 1496 fecimus
1063 1464 1178 1494 muniri.

505 1006 620 1036 onclusa
647 1005 708 1036 sunt
721 1028 730 1043 ,
756 1012 886 1042 optatum
910 1004 944 1032 δε
963 1002 1077 1032 felicem
1098 1000 1248 1031 Effectum

231 1543 300 1575 Dat.
317 1543 392 1580 apud
409 1543 678 1585 Westmonasterium‚
693 1543 770 1574 sexto
781 1543 826 1573 die
836 1542 926 1582 Junii,
946 1541 1032 1572 Anno
1048 1540 1171 1571 Domini
1182 1539 1256 1570 Mil—

189 1581 635 1653 iffimffgcffiassffffissoehmo'
653 1581 864 1621 Septuagesimo
886 1582 1010 1619 octavo,
1027 1581 1060 1611 &
1083 1579 1178 1619 Regni
1200 1589 1255 1610 no-

884 1699 938 1727 Per
948 1695 1031 1735 ipficm
1046 1698 1149 1733 Regem.

351 1828 410 1859 Pro
434 1827 605 1859 Annuitate
625 1826 776 1867 francie,
800 1821 836 1856 de
858 1824 1087 1870 Acquietantia.

198 1908 314 1965 REX
328 1908 497 1949 Universis‚
514 1910 658 1947 praesentes
674 1910 779 1941 Literas
793 1907 975 1947 inspe&uris,
992 1908 1125 1949 Salutem.

298 1949 394 1980 Sciatis
420 1949 489 1980 Nos
505 1948 634 1989 Recepisse
652 1951 685 1980 &
702 1948 797 1979 Habui
818 1959 831 1977 e
843 1971 854 1988 ,
879 1945 939 1978 Die
958 1946 1159 1977 Confectionis
1177 1946 1256 1976 Prae-

195 1983 333 2025 sentium,
352 1998 402 2027 per
421 1988 527 2019 Manus
544 1988 685 2027 Johannis
705 1991 777 2017 Crau
791 1987 841 2016 ord
856 1987 936 2017 unius
956 1985 1137 2016 Valettorurn
1157 1984 1257 2015 Coro—

196 2032 241 2052 nae
268 2026 392 2065 nostrae,
420 2027 455 2057 ab
479 2027 665 2058 Illustrissimo
691 2027 725 2058 &
746 2026 945 2056 Potentissimo
963 2024 1095 2062 Principe
1112 2024 1257 2053 Lodowico

194 2064 315 2093 Franciae
335 2064 488 2097 Confratre
504 2067 537 2096 &
557 2064 781 2103 Consanguineo
800 2063 898 2094 nostro
916 2063 1076 2101 carissimo,
1094 2063 1257 2103 Qindecim

195 2101 291 2131 Millia
310 2106 473 2134 coronarum
491 2107 569 2134 Auri
585 2129 594 2143 ‚
618 2105 647 2134 in
665 2104 778 2141 plenam
798 2102 978 2133 Solutionem
997 2105 1102 2139 Viginti
1121 2099 1160 2136 (ῤ’
1178 2106 1258 2141 quin-

193 2150 243 2181 que
269 2140 391 2173 Millium
414 2147 578 2173 coronarum
594 2146 671 2173 Auri
687 2143 722 2173 ad
742 2140 857 2172 Festum
875 2141 991 2172 Paschae
1011 2141 1112 2171 ultimo
1132 2141 1258 2179 praeteri-

194 2187 256 2208 tum
269 2180 338 2210 solvi
349 2181 524 2219 debitarum,
544 2183 574 2212 in
589 2181 704 2212 Partem
730 2180 884 2211 solutionis
903 2180 1115 2220 §Quinquaginta
1135 2177 1257 2208 Millium

193 2218 358 2248 Coronarum
380 2223 458 2250 Auri
479 2221 622 2251 annuatim
642 2220 743 2251 Nobis
763 2218 975 2256 solvendarum,
993 2227 1078 2258 prout
1102 2220 1131 2248 in
1156 2217 1258 2249 Literis

189 2255 339 2293 superinde
356 2259 496 2289 confe&is
510 2259 618 2297 plenius
633 2260 811 2289 continetur·

228 2293 278 2325 De
296 2296 397 2334 quibus
413 2298 530 2335 quidem
545 2298 707 2338 ⁴Quindecim
724 2282 848 2326 Millilus
863 2298 1027 2325 Coronarum
1043 2297 1120 2324 Auri
1132 2294 1256 2325 fatemur

191 2329 292 2364 Nobis
307 2334 423 2366 fideliter
439 2337 495 2367 effe
506 2335 657 2375 Solutum,
672 2337 706 2367 &
721 2335 846 2366 eundem
859 2333 1113 2372 consanguineum
1126 2332 1257 2364 nostrum

191 2370 339 2408 superinde
355 2373 418 2404 sore
435 2375 584 2414 Quietum.

228 2409 262 2440 In
281 2413 374 2449 cujus,
391 2413 453 2445 ὅτε.

229 2448 320 2480 Teste
332 2449 414 2491 Rege
430 2451 504 2490 apud
519 2450 792 2491 W’llmonasterium,
810 2449 928 2482 decimo
943 2457 1043 2488 quarto
1058 2448 1117 2479 Die
1125 2447 1213 2487 Junii.

367 2584 396 2613 *
423 2587 472 2621 De
495 2585 711 2620 Pardonatione
729 2596 785 2632 pro
809 2585 945 2632 Episcopo
969 2583 1095 2618 Rathon.

200 2667 318 2727 REX
340 2672 475 2703 omnibus
497 2671 606 2705 Ballivis
627 2672 661 2704 &
685 2670 826 2702 Fidelibus
843 2669 913 2708 suis,
928 2669 963 2701 ad
988 2680 1081 2709 quos,
1096 2670 1159 2701 &c.
1183 2668 1261 2700 Salu-

274 2714 342 2740 tern.

233 2746 330 2778 Sciatis
346 2748 445 2788 quod,

235 2784 316 2816 Cum
338 2797 426 2825 nuper
445 2787 546 2819 Nobis
566 2786 769 2818 denunciatum
793 2787 877 2817 fuerit
898 2785 979 2825 quod
993 2784 1167 2816 Venerabilis
1179 2783 1262 2815 Pater

195 2823 327 2854 Robertus
347 2827 487 2865 Epist-opus
507 2825 695 2865 Bathonienfis
712 2825 750 2861 ὠ·
773 2824 912 2865 lVellenfis
935 2824 1090 2862 nonnulla,
1106 2824 1207 2854 Nobis
1228 2824 1260 2854 δὲ

195 2861 283 2906 ξτεωί
300 2863 398 2894 nostro
420 2864 614 2902 praejudiciaria
629 2888 640 2904 ,
663 2864 726 2900 post
745 2865 778 2895 &
798 2874 897 2894 contra
909 2862 1111 2902 Juramentum
1133 2862 1263 2893 Fidelita-

190 2907 229 2969 Ps
246 2901 320 2941 suae,
333 2902 507 2941 jamdudum
524 2902 624 2932 Nobis
641 2903 676 2932 ab
692 2912 728 2932 eo
741 2902 913 2940 praestiturn,
933 2901 1042 2932 fecisset
1056 2901 1090 2931 &
1105 2901 1262 2939 perpetras-

204 2948 231 2969 et

229 2960 425 3010 Postmodum
440 2979 511 3009 idem
524 2978 681 3018 Epifiopur,
693 2987 793 3008 coram
811 2977 912 3007 Nobis
927 2977 960 3007 &
974 2977 1031 3007 aliis
1045 2977 1187 3007 nonnullis
1197 2977 1262 3014 Spi-

192 3015 335 3048 ritualibus
350 3019 383 3048 &
398 3017 620 3055 Temporalibus
636 3017 772 3047 Dominis
786 3015 884 3054 Regni
901 3015 991 3046 nostri
1016 3015 1145 3054 Angliae,
1162 3015 1262 3046 Nobis

194 3054 394 3095 assistentibus,
414 3056 616 3087 Innocentiam
631 3056 665 3086 &
682 3055 856 3085 Fidelitatem
868 3054 944 3084 suam
957 3055 987 3084 in
1003 3063 1034 3084 ea
1048 3063 1141 3091 parte,
1161 3054 1263 3083 nichil-

196 3101 254 3136 (ψεῖ
264 3094 361 3126 fecisse
373 3104 421 3126 aut
434 3094 604 3132 perpetrasse
617 3104 717 3125 contra
725 3093 923 3130 juramentum
939 3092 1018 3135 suum
1030 3092 1179 3123 Fidelitatis
1192 3102 1262 3129 prae-

193 3130 285 3201 ἓξὲξ.
294 3155 319 3202 ,st
328 3134 407 3165 claris
428 3133 649 3164 probationibus
667 3134 701 3165 &
721 3131 878 3163 Evidentiis
897 3131 1065 3162 sufficienter
1086 3130 1209 3162 ostendit
1228 3132 1260 3162 ὃ(

241 3179 268 3200 ni
281 3182 296 3202 e
321 3175 379 3204 avit

234 3208 325 3240 Unde
339 3196 440 3242 No'bis
455 3211 600 3242 humiliter
613 3209 778 3249 supplicavit
793 3216 824 3239 ut
839 3207 918 3245 sibi,
936 3219 968 3239 ac
985 3208 1073 3239 statui
1097 3208 1146 3239 suo
1157 3230 1167 3246 ‚
1186 3208 1262 3246 Opi-

197 3248 334 3287 nionique
353 3251 386 3281 &
407 3250 504 3280 Famae
526 3249 581 3279 suae
605 3250 704 3287 (quarn
727 3247 876 3278 occasione
893 3246 1109 3278 Praemissbrum
1124 3257 1183 3277 non
1200 3257 1262 3276 me-

197 3285 327 3356 (Ῑὶίἰοεςξῑςὲ
347 3288 440 3318 laesam
462 3287 520 3318 esse
541 3287 663 3325 assernit)
687 3287 830 3325 oportune
850 3286 1017 3323 providere,
1036 3285 1072 3316 de
1086 3285 1261 3325 Benignitate

264 3336 290 3356 ia
326 3337 331 3355 i
353 3336 484 3357 naremur

230 3334 302 3393 ΕΙὲΙοε
321 3335 421 3403 igitur,
448 3348 608 3403 huj’usmodi
627 3364 831 3402 Supplicationi
848 3362 903 3394 suae
921 3369 1075 3393 annuentes
1089 3371 1122 3392 ac
1140 3360 1261 3401 Integri-

198 3401 246 3431 tati
262 3401 352 3432 Status
370 3404 467 3434 Famae
484 3404 517 3433 &
537 3403 690 3442 Opinionis
707 3403 762 3433 suae
781 3410 918 3440 quantum
937 3403 966 3431 in
984 3401 1084 3431 Nobis
1100 3399 1141 3430 cst
1161 3402 1259 3437 provi-

197 3439 265 3482 dere
290 3441 431 3477 cupientes
445 3464 455 3480 ,
480 3441 599 3471 Tenore
625 3441 809 3485 Praesentium
832 3440 1016 3484 Declaramus
1033 3442 1065 3470 ὃ(
1086 3439 1260 3483 Attci’tarnur

199 3478 449 3555 ἰὲξῖωῃέἅῗὲἓῖῗ
460 3479 966 3557 iiiiiiffs‘gzfflffffinisssfiff
975 3477 1261 3555 fflffssivi‘ii‘ziiiissiiffi

199 3554 300 3585 Nobis
317 3562 348 3585 ut
365 3557 543 3592 praemittitur
558 3556 716 3593 praestitum
732 3581 742 3594 .‚
766 3556 862 3587 secisse
881 3565 928 3587 aut
946 3554 1131 3593 perpetrasse,
1154 3555 1261 3592 ipsum-

197 3603 254 3633 que
279 3602 333 3632 pro
357 3593 404 3623 tali
428 3593 461 3623 &
480 3602 512 3624 ut
531 3594 617 3625 talem
633 3595 786 3626 Habemus
802 3617 812 3633 ,
837 3594 1018 3633 Reputamus
1031 3618 1042 3632 ,
1068 3595 1102 3626 &
1121 3593 1262 3631 Accepta-

197 3638 262 3663 mus

194 3704 212 3741 s
234 3655 312 3709 Qiiae
333 3668 433 3699 omnia
456 3669 538 3700 vobis
555 3671 693 3701 omnibus
716 3671 750 3701 δε
770 3669 881 3708 singulis
898 3670 1096 3701 Notificarnus
1114 3680 1164 3708 per
1182 3669 1261 3701 Prae-

206 3719 293 3740 entes·

236 3747 272 3777 Et
287 3733 422 3782 iilterius,
445 3744 482 3785 de
502 3745 624 3776 uberiori
642 3745 743 3776 Grati&
761 3744 859 3776 nostrii.
875 3768 884 3782 ‚
908 3746 1035 3776 volentes
1055 3746 1203 3777 Securitati
1225 3747 1258 3777 sc

198 3787 301 3825 Qiieti
315 3785 381 3814 dicii
397 3784 515 3821 Episcopi
527 3785 670 3822 oportune
688 3784 855 3819 providere,
872 3783 909 3813 de
925 3784 1026 3815 Gratis.
1043 3785 1139 3816 nostra
1151 3785 1259 3823 speciali

196 3834 230 3855 ac
249 3833 283 3854 ex
303 3823 381 3854 certa
396 3821 516 3863 Scientifi
534 3821 567 3851 &
586 3831 667 3850 mero
687 3821 775 3851 Motu
794 3822 909 3858 nostris,
934 3821 1171 3862 Pardonavimus,
1200 3824 1258 3853 Re-

196 3863 338 3900 misimus,
355 3862 388 3893 δε
408 3859 606 3890 Relaxavimus
618 3858 738 3898 praefato
756 3859 873 3889 Roberto
891 3860 1015 3899 Epifiopo
1029 3861 1207 3901 Bathonienfi
1220 3860 1258 3896 (ᾤ’

197 3900 323 3942 Wllenfi
336 3923 346 3939 ,
370 3899 416 3930 seu
442 3907 627 3937 quocumque
652 3897 707 3926 alio
722 3897 860 3927 Nomine
875 3908 921 3928 aut
940 3898 1097 3929 Additione
1118 3900 1260 3930 Nominis

196 3938 356 3977 censeatur,
379 3938 548 3969 omnimoda
566 3936 825 3974 Transgressiones,
851 3935 1067 3976 Mespriiiones,
1093 3937 1259 3976 Contemp-

197 3985 256 4014 tus,
273 3976 518 4015 Conspirationes,
538 3974 822 4011 Confoederationes,
839 3974 1049 4014 Impetitiones,
1073 3975 1258 4006 Insurreffio-

198 4024 265 4052 neS,
282 4013 523 4051 anelamema,
542 4024 574 4044 ac
594 4014 678 4045 etiam
696 4012 866 4042 omnimoda
885 4013 1086 4052 Proditiones,
1110 4014 1256 4052 Felonias‚

197 4052 318 4091 Riotas,
342 4053 467 4091 Rouras,
493 4051 705 4084 Conventicula
722 4051 833 4087 illicita,
858 4062 890 4082 ac
909 4052 971 4081 alias
989 4052 1120 4083 Offensas
1138 4054 1172 4084 &
1190 4052 1258 4082 Ma-

194 4091 295 4124 lefacta
314 4101 504 4132 quaecumque
512 4115 523 4132 ‚
539 4101 588 4133 per
602 4089 773 4130 praedictum
785 4088 930 4121 Robertum
943 4090 1097 4131 Episcopum
1109 4098 1174 4122 ante
1184 4097 1257 4130 prae-

2301 191 2354 241 85

1289 266 1397 310 sentem
1412 267 1502 299 Diem
1516 270 1760 309 qualitercumque
1772 271 1844 302 fa8m
1857 271 1913 303 five
1928 281 2098 312 perpetrata,
2117 283 2150 304 ac
2164 273 2279 304 seciam
2293 274 2347 306 Pa-
2368 271 2441 304 Ann.
2455 272 2498 305 D.

1290 314 1330 348 crs
1343 305 1465 345 nostrae,
1484 318 1549 351 qua:
1565 308 1599 338 ad
1614 309 1683 339 Nos
1695 310 1787 340 versus
1804 310 1893 347 ipsum
1914 314 2032 348 pertinet
2053 323 2105 350 pro
2128 312 2276 342 Praemissis
2301 313 2346 343 seu
2393 314 2479 350 1478.

1289 343 1385 380 aliquo
1409 343 1642 385 Praemlssorum,
1666 357 1699 378 ac
1718 350 1801 378 etiam
1820 348 1993 388 Utlagarias,
2013 351 2030 380 si
2050 360 2114 388 quae
2130 351 2158 379 in
2181 350 2270 394 ipsum
2293 353 2347 380 Ro·
2365 351 2429 379 Edv.
2448 361 2478 386 4.

1290 381 1393 409 bertum
1411 383 1563 450 EpisiopFifm
1577 385 1628 415 hiis
1644 386 1837 416 occasionibus
1853 387 1898 416 seu
1920 397 2013 418 earum
2035 388 2126 427 aliqui}⁴
2146 389 2247 419 fuerint
2272 389 2345 419 Pro-

1290 419 1438 466 mulgatae,
1457 423 1489 450 &
1527 431 1630 452 umam
1643 423 1748 454 Pacem
1761 424 1887 454 nostram
1904 426 1928 454 ei
1942 426 2006 455 inde
2024 426 2234 464 Concedimus,
2253 427 2288 456 ira
2304 435 2344 457 ta-

1292 467 1359 501 men
1373 458 1453 495 quod
1468 458 1520 488 stet
1532 462 1613 502 Regio
1627 465 1656 490 in
1670 465 1751 491 Curia
1770 462 1864 492 nostra
1877 463 1895 492 si
1910 463 1972 500 quis
1988 465 2078 495 versus
2098 475 2164 496 eum
2189 466 2267 503 loqui
2290 474 2346 496 vo-

1291 496 1371 565 lueIrit
1388 494 1424 540 de
1442 495 1595 566 Pragtmsns
1608 499 1654 528 vel
1669 500 1762 538 aliquo
1778 499 1999 530 Praemissorum.

1344 545 1361 564 n
1377 544 1476 573 cnjus,
1528 544 1553 564 c.

1327 572 1417 604 Teste
1433 573 1517 613 Rege
1527 573 1600 612 apud
1616 573 1886 615 Westmonasterium,
1902 577 2037 608 vicefitno
2052 576 2109 607 Die
2121 578 2209 617 Junii.

1972 658 2027 686 Per
2041 656 2124 697 ipsicm
2138 662 2240 698 Regem.

1291 777 1452 823 Commzffio
1473 780 1697 812 Maximiliani
1710 781 1746 816 ό·
1771 782 1886 813 Mariae
1902 778 1992 825 fhper
2011 783 2182 827 Intercurfit
2207 786 2345 832 Burgus,-

1516 827 1568 861 diae
1583 832 1620 867 &
1638 825 1879 862 Gravamiuibus
1896 831 2120 863 Mercatorum.

1368 913 1560 944 Aximilr’anus
1581 913 1615 944 &
1637 916 1737 943 Maria
1752 936 1762 952 ,
1789 912 1847 944 Dei
1869 913 1955 953 gratia
1969 936 1979 952 ‚
2005 913 2146 953 Austriae,
2169 919 2347 958 Burgundio»,
2372 923 2500 957 AnstDg

1290 990 1428 1021 Gheldriae
1453 991 1552 1021 Duces
1567 1013 1576 1029 ‚
1599 990 1758 1036 Elandriae,
1784 991 1929 1030 Arthefii,
1953 993 1985 1022 &
2006 994 2189 1031 Burgundiae,
2216 994 2327 1026 Palanni
2340 1019 2350 1035 ,
2371 963 2486 1028 A1n4.7188.

1290 1032 1466 1069 Hannoniae,
1485 1029 1660 1066 Hollandiae,
1679 1029 1850 1068 Zellana'iae,
1868 1031 2016 1066 Namurci,
2034 1030 2068 1059 &
2087 1030 2271 1071 Zutphaniae‚
2287 1033 2350 1064 Co.
2373 1043 2399 1065 Ε,
2416 1049 2446 1073 4,

1292 1106 1453 1137 Machliniae
1472 1107 1614 1145 Domini,
1631 1107 1783 1145 omnibus,
1807 1106 1842 1136 ad
1862 1117 1932 1145 quos
1952 1107 2099 1144 praesentes
2117 1107 2235 1139 Litterae
2252 1120 2354 1148 perve—
2372 1080 2485 1151 {Ziqu-

1390 952 1577 990 Lotharingiae
1592 975 1602 990 ‚
1625 952 1788 982 Brabantiae
1806 975 1816 991 ,
1843 952 2006 989 Limburgiae
2022 975 2032 990 ,
2057 954 2263 991 Luxembtergiae
2280 980 2288 994 ,
2314 961 2346 989 &

1292 1070 1392 1105 mites,
1411 1072 1486 1098 Sacri
1504 1071 1611 1112 Imperii
1630 1068 1830 1106 Marchiories,
1856 1078 1970 1098 necnon
1986 1067 2094 1107 Frifiae,
2116 1069 2292 1110 Salinarum,
2318 1074 2350 1104 &

1290 1147 1400 1183 nerint,
1417 1146 1551 1176 Salutem.

1331 1183 1412 1214 Cum
1425 1207 1435 1221 ,
1459 1183 1645 1222 superioribus
1663 1182 1753 1213 Annis
1768 1206 1779 1220 .,
1802 1184 1873 1214 inter
1889 1207 1899 1222 ,
1922 1183 2090 1214 Excellentis
2107 1186 2141 1216 &
2165 1185 2354 1219 Recollendae

1292 1224 1442 1253 memoriae
1455 1245 1465 1261 ,
1492 1222 1657 1253 Dominum
1674 1221 1809 1252 Karolum
1827 1225 1928 1252 Ducem
1943 1222 2108 1261 Burgundiae
2121 1245 2131 1261 ,
2156 1224 2295 1255 Socerum
2321 1228 2355 1258 ὃς

1292 1260 1405 1291 Patrem
1432 1261 1564 1291 nostrum
1589 1261 1762 1291 carissimum
1779 1283 1788 1299 ,
1815 1271 1902 1298 nuper
1929 1260 2110 1291 Defunctum
2125 1286 2134 1299 ,
2159 1273 2213 1300 pro
2238 1263 2355 1296 Ducam

1293 1298 1465 1338 Brabantiae,
1482 1299 1676 1330 Comitatibus
1695 1299 1849 1336 Flandriae,
1868 1299 2029 1337 Hanoniae,
2047 1299 2231 1339 Hollandiae,
2250 1301 2357 1333 Zelan-

1293 1338 1366 1375 diae,
1381 1338 1456 1368 Villa
1473 1339 1507 1369 ὃς
1521 1339 1683 1369 Territorio
1700 1337 1885 1375 Machliniae‚
1904 1338 1936 1368 &
1954 1339 2011 1368 aliis
2028 1337 2122 1368 Patriis
2139 1341 2172 1371 &
2192 1339 2340 1371 Dominiis

1294 1376 1375 1407 Parte
1392 1385 1426 1406 ex
1445 1387 1515 1413 una,
1533 1387 1566 1407 ac
1581 1375 1791 1406 Serenisfimnm
1808 1376 1972 1413 Principem
1991 1376 2156 1408 Dominum
2174 1365 2358 1419 Edwardum}

1293 1415 1392 1445 eadem
1409 1414 1496 1453 gratiii
1506 1436 1516 1452 ,
1533 1418 1629 1452 Regem
1644 1414 1756 1452 Angliae
1767 1436 1776 1451 ,
1792 1418 1936 1444 Dominum
1950 1415 2090 1445 Hibernia>
2126 1416 2187 1452 (ὂψ.
2208 1427 2262 1455 pro
2274 1417 2359 1455 Reg-

1295 1463 1335 1484 no
1353 1454 1402 1484 suo
1422 1453 1549 1492 Angliae,
1577 1453 1722 1483 Dominio
1740 1452 1891 1483 Hiberniae
1907 1476 1916 1490 ,
1940 1463 2055 1484 necnon
2074 1439 2147 1485 V>ffla
2165 1456 2200 1486 δε
2221 1456 2360 1487 Marchiis

1295 1491 1429 1529 Calefiae,
1446 1491 1530 1522 Parte
1547 1501 1580 1522 ex
1597 1491 1700 1529 alteri,
1726 1501 1778 1527 pro
1797 1491 1959 1521 Communi
1977 1492 2060 1522 Bono
2081 1494 2114 1524 &
2130 1494 2264 1525 Utilitate
2282 1495 2356 1533 ipso-

1294 1541 1361 1561 rum
1379 1530 1475 1570 Regni
1494 1531 1527 1560 &
1544 1529 1692 1567 Ducatsis‚
1715 1529 1988 1567 communitatum,
2014 1530 2242 1570 Dominiorum,
2270 1533 2356 1564 Villa-

1295 1579 1380 1607 rum,
1409 1568 1561 1599 Locorum
1580 1568 1599 1586 ²*
1619 1569 1822 1606 praedictorum
1839 1590 1848 1606 ,
1874 1568 2008 1598 hincinde
2025 1569 2136 1600 habitus
2150 1594 2159 1608 ,
2186 1571 2295 1610 fastus,
2321 1573 2355 1603 &

1294 1608 1445 1639 conclusus
1462 1608 1544 1638 fuerit
1561 1616 1653 1637 certus
1670 1605 1781 1637 Modus
1795 1605 1988 1644 Intercursfis,
2004 1607 2061 1637 sive
2075 1608 2358 1641 Communicationis

1297 1646 1486 1716 Merscgrtiae,
1503 1647 1537 1678 δε
1549 1646 1712 1677 Piscationis
1726 1644 1805 1683 super
1820 1644 1920 1684 Mare,
1937 1655 1992 1684 pro
2012 1647 2093 1676 certis
2116 1647 2206 1677 Annis
2225 1649 2357 1680 nondum

1295 1694 1356 1716 tran
1369 1696 1383 1716 a
1415 1695 1435 1716 is

1335 1709 1472 1764 Cumque
1497 1725 1582 1754 etiam
1606 1723 1643 1753 de
1667 1723 1700 1754 ὃς
1722 1723 1800 1761 super
1829 1723 1922 1753 multis
1947 1723 2084 1761 variisque
2111 1723 2309 1762 Qerimoniis
2327 1726 2362 1757 &

1298 1762 1519 1793 Gravaminibus
1542 1763 1731 1793 Subditorum
1750 1761 1877 1801 praediffi
1899 1765 1986 1791 Soceri
2009 1759 2048 1797 ό·
2073 1764 2208 1793 Genitoris
2226 1763 2308 1803 nostri
2325 1764 2359 1794 δε

1292 1800 1409 1841 prefati
1434 1801 1589 1841 Serenifflmi
1608 1804 1719 1830 Domini
1737 1803 1815 1838 Regis
1830 1823 1840 1839 ,
1867 1802 1926 1830 tarn
1945 1801 1981 1830 ab
1997 1800 2056 1838 ipso
2075 1800 2234 1832 Intercursu
2253 1803 2362 1840 depen-

1297 1840 1453 1878 dentibus,
1479 1843 1567 1878 quem
1594 1839 1771 1870 Mercatores
1793 1838 1914 1875 Stapulae
1942 1838 1968 1868 V
1971 1838 2024 1869 illae
2053 1838 2170 1869 Calesiae
2189 1838 2222 1871 ὃς
2241 1840 2310 1871 alios
2326 1840 2362 1871 ad

1298 1879 1386 1917 ipsam
1411 1879 1554 1918 Stapulam
1574 1888 1627 1915 pro
1649 1878 1731 1908 Lanis
1752 1877 1881 1907 emendis
1898 1876 2087 1907 Confluentes
2103 1879 2362 1918 concernentibus,

1297 1927 1414 1948 necnon
1435 1919 1463 1947 in
1483 1917 1572 1948 Facio
1590 1916 1776 1947 Monetarum
1796 1918 1829 1947 δε
1847 1925 1943 1946 earum
1960 1915 2196 1954 Exaltationibus‚
2213 1918 2242 1947 in
2264 1917 2363 1948 Patriis

1300 1956 1399 1987 nostris
1413 1956 1519 1988 adrunc
1538 1955 1662 1987 Cursum
1680 1955 1864 1992 habentium,
1890 1955 2007 1992 ipsisque
2026 1954 2155 1985 Monetis
2173 1956 2208 1986 ad
2228 1954 2363 1994 AEquali-

1300 2003 1386 2026 tatem
1404 1994 1607 2032 Reducendis,
1628 2004 1661 2024 ac
1678 1995 1707 2023 in
1726 1993 1856 2031 aequabili
1872 1994 1906 2024 &
1926 1994 2163 2030 proportionabili
2181 1992 2365 2025 AEstirnatio-

1301 2044 1338 2064 ne
1355 2035 1388 2065 &
1407 2033 1511 2064 Valore
1528 2034 1683 2073 ponendis,
1701 2033 1798 2063 multae
1817 2033 1849 2062 δι’.
1866 2033 1949 2062 variae
1968 2030 2272 2069 Communicationes‚
2288 2032 2364 2063 Pro-

1302 2073 1463 2104 locutiones
1478 2096 1488 2111 ,
1514 2073 1548 2103 &
1568 2071 1664 2102 Dietae
1679 2094 1688 2109 ,
1713 2072 1783 2102 inter
1804 2069 1915 2101 nostros
1934 2071 1967 2100 &
1983 2070 2064 2108 ipsius
2084 2069 2257 2101 Serenissimi
2276 2071 2365 2111 Regis

1301 2112 1455 2150 Oratores,
1471 2110 1709 2148 Commiffarios,
1728 2111 1762 2141 &
1781 2109 1955 2148 Deputatos,
1972 2109 2001 2138 in
2022 2107 2135 2139 diversis
2156 2109 2261 2147 Locis,
2283 2109 2364 2140 habi-

1301 2159 1338 2220 εξ
1364 2152 1397 2219 &fc
1419 2159 1521 2196 tentae,
1537 2150 1624 2180 nullae
1645 2157 1743 2181 tamen
1757 2148 1836 2187 super
1848 2147 1902 2178 hiis
1918 2146 2125 2178 Conclusiones
2143 2147 2177 2178 ad
2193 2148 2308 2188 plenum
2325 2148 2367 2179 fa-

1301 2199 1316 2220 c
1332 2199 1356 2220 ae
1385 2198 1475 2220 uerint

1341 2214 1547 2267 Volentesc’iue,
1565 2236 1618 2265 pro
1641 2226 1725 2256 Bono
1745 2226 1779 2256 &
1802 2223 1977 2255 Commodo
1997 2224 2197 2255 Mercatorum
2213 2225 2247 2256 &
2261 2224 2368 2264 Subdil⁴

1300 2275 1401 2297 torum
1424 2267 1520 2305 Regni
1544 2266 1576 2297 δε
1599 2265 1813 2295 Dominiorum
1829 2263 2035 2302 praediCtorum
2049 2262 2200 2301 hincinde,
2216 2263 2366 2301 praefatum

1301 2305 1492 2336 Intercursum
1505 2307 1687 2341 intertenere,
1705 2312 1820 2332 necnon
1835 2302 1949 2333 ex'tendi
1963 2303 1995 2332 &
2010 2302 2152 2340 ampliari,
2167 2311 2200 2332 ac
2223 2301 2367 2338 praediffls

1303 2344 1502 2383 Qierimoniis
1532 2344 1566 2374 &
1599 2341 1822 2373 Gravaminibus
1843 2340 2006 2378 caeterisque
2029 2339 2181 2371 Praemissis
2205 2340 2308 2371 Finem
2330 2341 2366 2372 &c

1305 2382 1531 2414 Conclusionem
1547 2382 1677 2419 imponi,

1340 2421 1389 2452 De
1410 2421 1552 2452 Fidelitate
1570 2421 1672 2459 igitur,
1693 2417 1979 2456 circumspectione,
2004 2417 2038 2449 &
2056 2416 2212 2455 Industrizi,
2231 2416 2368 2449 Dilecto-

1303 2470 1368 2491 rum
1383 2460 1416 2491 ὅ(
1437 2459 1577 2490 Fidelium
1596 2456 1832 2488 Consiliariorum
1854 2455 2039 2495 nostrorum,
2055 2455 2107 2487 Ma
2129 2455 2279 2494 istrorum,
2296 2454 2368 2486 Tho-

1302 2510 1353 2529 mae
1377 2499 1409 2528 de
1431 2498 1522 2528 Plana
1544 2497 1753 2528 Gubernatoris
1777 2494 1883 2525 nostrae
1906 2493 2090 2526 Cancellariae
2138 2494 2281 2533 urgundiae
2296 2518 2306 2533 ,
2331 2495 2366 2526 &

1302 2537 1380 2577 Justi
1395 2537 1527 2575 Balaam,
1546 2535 1687 2573 utriusque
1698 2534 1772 2572 Juris
1787 2533 1958 2564 Doctorum
1970 2543 2002 2564 ac
2017 2533 2226 2572 Requestarum
2247 2531 2368 2565 Domus

1303 2576 1409 2607 nostrae
1428 2576 1655 2613 Magistrorurn,
1673 2573 1782 2611 plenius
1798 2571 1989 2610 confidentes,

1341 2615 1466 2646 Eosdem
1496 2613 1661 2653 Magistros,
1678 2611 1807 2642 Thomam
1833 2611 1865 2641 de
1888 2609 1980 2640 Plana
2002 2611 2036 2641 δε
2061 2609 2176 2650 Justum
2199 2609 2366 2650 Baldinum,

1303 2654 1451 2691 Facimus,
1471 2653 1667 2689 Ordinamus,
1686 2650 1883 2687 Deputamus,
1900 2651 1933 2680 &
1951 2648 2162 2679 Constituimus
2184 2648 2296 2679 nostros
2317 2659 2368 2679 ve-

1304 2703 1350 2723 ros
1367 2694 1401 2724 &
1415 2692 1587 2723 indubitatos
1602 2688 1839 2727 commissarios,
1856 2687 2054 2718 Procuratores
2063 2711 2072 2725 ,
2085 2688 2119 2719 ὃς
2132 2687 2295 2728 Deputatos
2308 2687 2368 2725 spe-

1305 2732 1386 2763 ciales
1400 2740 1449 2770 per
1461 2730 1628 2765 praesentes,

1344 2770 1510 2808 Damusque
1538 2770 1571 2800 &
1606 2765 1805 2798 Concedimus
1825 2765 1929 2795 eisdem
1951 2763 2129 2795 Potestatem
2150 2764 2312 2800 generalem
2335 2765 2368 2796 &

1307 2808 1480 2840 Mandatum
1495 2807 1629 2845 speciale,
1647 2815 1717 2836 cum
1730 2804 1852 2844 Egregie
1870 2803 1985 2841 Legum
2000 2803 2134 2833 Doctore
2151 2802 2296 2839 Magistro
2312 2802 2370 2841 Jo-

1305 2847 1398 2878 hanne
1417 2848 1520 2885 Cooke,
1539 2845 1710 2876 Consiliario
1732 2844 1765 2874 &
1791 2842 1914 2873 Oratore
1936 2843 2043 2879 praefati
2061 2841 2231 2871 Serenissimi
2252 2844 2366 2871 Domini

1305 2889 1382 2925 Regis
1406 2887 1434 2916 in
1461 2887 1513 2916 hac
1540 2892 1618 2921 parte
1638 2882 1788 2921 specialiter
1806 2880 1855 2911 De
1878 2889 1955 2910 utato
1968 2903 1978 2917 ‚
2003 2879 2039 2909 de
2057 2881 2090 2910 &
2108 2879 2187 2917 super
2206 2879 2367 2916 hujusmodi

1303 2924 1463 2956 Intercursu
1479 2934 1512 2954 ac
1533 2921 1808 2953 Communicatione
1867 2920 1999 2949 ercantiae
2017 2927 2132 2948 necnon
2147 2917 2306 2948 Piscatione
2324 2918 2370 2949 su-

1304 2974 1354 3002 per
1375 2963 1478 3000 Mare,
1503 2962 1639 3000 ipsiusque
1656 2957 1829 2990 Intercursfis
1845 2958 1903 2988 {ive
1920 2956 2203 2987 communicationis
2220 2956 2369 2987 Extenfio-

1304 3013 1341 3033 ne
1365 3004 1398 3033 &
1426 3002 1619 3038 Ampliatione
1632 3022 1641 3036 ,
1668 2999 1701 3029 &
1723 2998 1805 3027 novis
1823 2995 1963 3033 Capitulis
1981 2996 2037 3025 five
2056 2995 2189 3025 Articulis
2207 2994 2284 3033 super
2302 2994 2370 3031 ipsis

1303 3041 1498 3077 concipiendis
1513 3041 1545 3070 &
1564 3037 1669 3069 eisdem
1684 3035 1831 3073 addendis;
1851 3044 1965 3065 necnon
1988 3033 2186 3070 Qerimoniis
2203 3033 2235 3064 &
2255 3032 2369 3063 Grava-

1306 3080 1431 3110 minibus
1449 3077 1634 3108 Subditorum
1653 3075 1819 3105 nostrorum
1834 3073 1867 3104 &
1884 3072 2075 3103 subditorum
2095 3071 2217 3110 ejusdem
2244 3070 2369 3101 serenis-

1305 3119 1366 3148 simi
1386 3118 1491 3154 Regis,
1520 3116 1576 3145 sive
1591 3114 1627 3144 ab
1645 3114 1704 3151 ipso
1725 3112 1881 3144 Intercursu
1901 3111 2141 3149 dependentibus,
2167 3118 2213 3139 aut
2228 3110 2285 3139 aliis
2304 3111 2367 3147 qui-

1305 3157 1471 3193 buscunque
1489 3167 1499 3191 ς
1526 3162 1641 3183 necnon
1666 3152 1745 3190 super
1769 3151 1857 3182 Facio
1877 3150 2064 3180 Monetamm
2082 3148 2281 3186 praediitarum
2294 3170 2304 3186 ,
2331 3149 2366 3178 ὃς

1305 3205 1400 3226 earum
1428 3192 1649 3224 Exaltationibus
1674 3189 1876 3221 Reformandis
1890 3211 1899 3228 ,
1926 3190 1959 3219 &
1978 3188 2011 3218 ad
2029 3187 2137 3230 Statum
2154 3186 2283 3229 debitum
2306 3185 2368 3220 Rei

1304 3233 1439 3265 ducendis
1448 3256 1457 3271 ,
1475 3230 1647 3268 Tractandi,
1660 3227 1891 3266 Comunicandi,
1905 3225 2110 3257 Concordandi
2123 3233 2223 3262 pariter
2235 3225 2268 3255 &
2282 3224 2366 3255 Con-

1324 3272 1437 3302 ludendi
2202 3274 2204 3279 ·

1305 3283 1322 3303 c
1344 3295 1504 3348 Unam⁷que
1514 3308 1558 3338 seu
1576 3307 1666 3345 plures
1679 3306 1812 3336 Litteram
1827 3313 1873 3335 aut
1892 3303 2027 3339 Litteras,
2046 3310 2095 3338 per
2109 3298 2232 3345 modum
2248 3299 2369 3339 Capitu-

1304 3349 1397 3379 lorum
1415 3349 1458 3380 seu
1474 3348 1685 3383 Articulorum,
1702 3354 1749 3374 aut
1761 3345 1836 3374 aliter
1850 3352 1933 3381 prout
1947 3342 2036 3372 visum
2051 3340 2152 3377 fuerit,
2165 3339 2280 3379 desuper
2296 3350 2368 3371 con-

1303 3388 1433 3426 ficiendi,
1453 3384 1628 3426 Expediendi
1648 3385 1680 3415 ὅ(
1695 3382 1854 3423 Sigillandi,
1913 3419 1917 3423 Ι
1962 3418 1966 3422 .
2249 3417 2253 3422 Ι

1343 3427 1437 3457 Aliam
1460 3426 1505 3457 seu
1527 3433 1633 3454 novam
1659 3422 1793 3458 Dia-am,
1812 3429 1864 3459 pro
1885 3417 2020 3462 aliquibus
2039 3416 2131 3446 forsan
2149 3415 2367 3448 Praemissorurn

1304 3465 1501 3501 neceffiriam,
1519 3460 1665 3494 Statuendi
1679 3462 1711 3491 ὅ(
1725 3456 1911 3501 Praefigendi,
2056 3493 2060 3498 1
2122 3493 2127 3499 .
2234 3494 2240 3500 .

1342 3503 1510 3541 Caeteraque
1524 3500 1675 3536 Faciendi,
1693 3496 1883 3531 Exco-cendi,
1903 3496 1937 3523 &
1952 3491 2129 3530 Expediendi
2144 3502 2209 3531 quae
2231 3503 2262 3524 in
2285 3493 2364 3524 Prae-

1304 3542 1390 3573 miffis
1405 3541 1556 3572 necessaria
1569 3540 1673 3569 fuerint
1688 3538 1732 3567 seu
1749 3532 1963 3577 quomodolibet
1975 3540 2153 3568 opportuna;

1344 3581 1563 3617 Promittentes,
1582 3579 1609 3607 in
1623 3576 1724 3606 Verbis
1738 3574 1900 3613 Principum
1911 3592 1921 3607 ,
1939 3569 2006 3599 Nos
2021 3569 2238 3613 Rata,·Grata,
2256 3570 2290 3600 &
2304 3569 2365 3599 Fir—

1306 3630 1352 3650 ma
1375 3619 1512 3658 perpetuo
1536 3617 1680 3645 habituros
1700 3613 1795 3641 omnia
1814 3612 1846 3639 ὃς
1868 3608 1971 3647 lingula
1989 3631 1999 3646 ,
2025 3618 2074 3646 per
2095 3608 2188 3652 dicstos
2211 3607 2366 3652 Magistros

1303 3658 1431 3688 rhomam
1444 3656 1476 3684 de
1493 3654 1584 3684 Plana
1595 3654 1628 3682 &
1645 3651 1755 3692 Justum
1770 3647 1934 3685 Baldinum,
1954 3644 2171 3677 Commiffirros
2187 3645 2314 3684 nostros,
2333 3656 2365 3676 ln

1305 3697 1397 3727 forma
1410 3692 1566 3732 praemissa,
1586 3689 1675 3725 Acta,
1694 3688 1797 3723 Gesta,
1815 3687 1859 3716 seu
1877 3685 2019 3716 Conclusa
2033 3686 2137 3715 fuerint
2155 3686 2182 3714 in
2197 3685 2250 3713 hac
2267 3693 2364 3722 parte,

1305 3734 1466 3771 nostrasque
1480 3731 1596 3760 Litteras
1615 3725 1818 3756 Ratificatorias
1836 3726 1868 3756 δε
1891 3722 2128 3756 Confirmatorias
2148 3724 2178 3752 in
2197 3722 2291 3753 forma
2311 3721 2364 3753 de-

1304 3774 1361 3804 bita
1376 3775 1408 3804 &
1423 3769 1562 3801 autentica
1578 3766 1698 3795 daturos.
2051 3801 2056 3806 .
2125 3800 2130 3805 ·

1343 3811 1375 3841 In
1399 3812 1475 3848 cujus
1496 3808 1551 3837 Rei
1573 3803 1787 3834 Testimonium
1802 3802 1849 3832 has
1863 3801 1984 3832 Litteras
2000 3800 2058 3831 fieri
2075 3799 2196 3843 fecimus
2212 3797 2362 3839 paenas,

1303 3851 1337 3880 &
1352 3850 1453 3882 Sieillo
1470 3845 1567 3875 nostro
1579 3865 1588 3879 ,
1606 3851 1665 3879 quo
1680 3843 1708 3870 in
1727 3841 1827 3871 talibus
1842 3842 1966 3878 utimur,
1984 3847 2166 3869 communiri.

1341 3881 1449 3918 Datum
1473 3886 1505 3916 δε
1531 3882 1637 3912 Αᾶυῐη
1658 3881 1686 3909 in
1708 3879 1806 3918 Castris
1835 3878 1929 3919 nostris
1950 3877 2024 3915 apud
2050 3878 2163 3905 Pontem
2185 3875 2365 3916 Wndinm,

1303 3926 1393 3956 Anno
1408 3922 1531 3955 Domini
1549 3918 1718 3955 Millesimo,
1735 3917 2022 3956 Qadringentefimo
2032 3937 2042 3953 ,
2060 3913 2269 3953 Septuagesimo
2280 3914 2363 3945 oeta·

1303 3975 1363 4006 vo,
1382 3961 1489 3996 Mensis
1500 3958 1570 3999 Julii
1587 3957 1644 3987 Die
1657 3955 1765 3996 quartfi.

1898 4003 1951 4031 Per
1967 4003 2094 4030 Dominus
2109 4002 2205 4030 Duces.

1522 4080 1576 4113 Sub
1592 4080 1669 4113 rubeo
1682 4079 1772 4121 sigillo
1785 4079 1916 4120 pendente
1930 4088 1949 4108 a
1966 4077 2061 4108 cauda
2076 4078 2256 4116 Pergamenae.

1810 4117 1836 4148 L
1857 4125 1872 4156 3
2294 4113 2366 4150 vaf

2379 1569 2396 1589 Ι*
2415 1570 2484 1602 XH-
