2555 4266
774 181 884 226 ET
968 186 1225 229 ACTA
1308 178 1776 241 PUBLICA.

13 269 88 304 Ann.
99 271 139 302 D.
157 271 234 302 modi
257 269 434 301 Invafionem
459 267 509 298 sibi
527 277 573 300 aut
597 269 712 309 Duciffae
739 274 894 301 Britanniae
909 271 1011 302 fatilam
1027 282 1127 303 contra
1143 283 1211 303 eun—

14 330 17 332 -
33 320 120 350 1490.
153 311 220 341 dem
238 308 377 339 Gallorum
392 310 540 346 Principem
555 308 590 340 Se
605 308 730 339 Hostem
750 310 896 340 manifeste
921 310 1130 349 Declaraverit,
1145 310 1209 341 Bel-

15 355 75 378 Heri.
97 359 122 384 7.
152 349 212 379 lum
237 356 334 378 contra
358 347 481 376 eundem
507 345 663 377 Indicendo
684 350 717 379 ὃς
741 349 848 377 realiter
873 348 1013 386 Agendo,
1031 349 1064 379 &
1089 349 1206 379 alterum

5 1737 22 1752 ²
38 1735 105 1764 xix.

3 1782 68 1809 4¹5·

154 387 272 423 Regum
295 395 355 414 non
378 384 538 414 Invafivum
564 396 616 422 pro
643 386 802 424 hujusmodi
829 385 975 417 invasione
1003 385 1036 415 ad
1063 387 1209 416 consimile

154 424 263 456 Bellum
285 432 383 453 contra
403 423 511 453 dictum
533 423 674 453 Gallorum
695 427 843 463 Principem
855 422 1061 461 peragendum,
1081 424 1210 462 requisie-

154 465 206 500 rit,
223 463 257 492 &
271 462 433 492 immediate
451 461 515 499 post
537 472 626 493 unum
647 462 784 500 Annum,
805 461 961 504 hujusmodi
981 459 1209 504 Requisitionem

152 502 288 539 proximo
310 499 487 538 sequentem,
506 499 584 530 idem
607 504 667 530 Rex
688 500 726 530 fic
745 500 888 537 requirens
912 508 940 528 in
963 508 1071 536 propria
1088 499 1208 531 Persona

153 548 221 570 cum
234 537 279 568 sua
293 537 423 569 Potentia
437 548 490 577 qua
504 540 572 568 inibi
588 538 686 568 Castra
704 539 799 568 metari
814 539 846 567 ὅ(
862 536 1007 574 Campum
1020 547 1068 576 per
1084 538 1110 567 se
1132 537 1210 568 stisti-

153 587 236 614 nere,
253 577 353 614 suaque
361 577 446 616 Jura,
465 576 520 607 Dei
535 576 639 613 gratia,
657 586 706 613 per
721 576 747 606 se
764 584 927 611 recuperare
950 575 1056 613 valeat,
1072 575 1211 613 Regnum

152 615 280 647 Frauciae
301 616 350 646 suo
374 616 492 653 proprio
514 614 586 645 AEre
606 616 639 645 ὅ(
661 614 795 650 Expensis
822 614 872 642 suis
897 613 1018 651 ingredi,
1043 623 1076 644 ac
1098 614 1210 645 Bellum

152 653 314 685 Invasivum
332 663 430 684 contra
446 653 555 683 dic'tum
571 651 711 681 Gallorum
724 653 872 689 Principem
895 652 1001 682 realiter
1024 661 1104 691 agere
1126 654 1210 692 velit,

153 702 223 723 tunc
238 693 327 722 dietus
341 696 401 722 Rex
416 692 452 722 fic
466 691 640 728 Requifitus,
657 690 748 720 statim
771 690 835 727 post
859 690 942 727 ipsam
964 689 1189 727 Requilitionem
1201 714 1210 729 ,

153 730 340 761 SeGallorum
353 733 482 768 Principis
498 729 622 760 Hostem
639 728 701 758 fore
718 728 879 759 Declarabit
896 729 928 758 &
953 728 1162 767 liianifestabst,
1178 740 1210 761 ac

154 768 264 801 Bellum
293 779 392 800 contra
411 767 534 798 eundern
551 765 689 796 Gallorum
709 769 856 805 Principem
892 767 994 797 seclusa
1017 768 1115 806 mora,
1134 769 1210 798 lndi-

153 818 218 847 cet,
233 808 375 838 Guerram
391 816 440 843 per
452 805 572 835 Terram
588 805 620 834 &
640 804 722 834 Mare
734 807 767 836 δε
780 807 830 835 suis
846 790 979 842 E’xpensis
997 807 1101 837 realiter
1125 817 1211 844 agen-

153 846 193 876 do
213 849 246 878 &
266 845 458 884 prosequendo
472 866 482 881 ,
510 841 706 881 Regnoi-nque
734 844 859 874 Franciae
882 845 911 873 in
931 846 1041 881 propria
1063 844 1185 876 Persona
1200 869 1209 883 ,

155 892 225 915 cum
243 885 287 915 sua
303 883 449 918 Potentia,
466 882 515 918 qui
531 882 600 912 inibi
616 881 714 912 Castra
730 883 825 912 metari
841 883 874 912 &
891 881 1038 920 Campum
1052 894 1101 921 per
1117 885 1142 914 se
1156 884 1213 914 sus-

155 925 243 954 tinere
256 945 266 960 ,
291 922 391 957 suaque
411 920 477 957 Jura
489 942 498 957 ,
517 918 573 950 Dei
598 921 702 958 gratia,
720 931 769 958 per
794 921 821 951 se
841 919 1021 958 Recuperare
1036 922 1140 961 valeat,
1158 923 1213 952 im-

152 961 274 992 mediate
298 958 362 997 post
382 968 470 988 unum
493 958 628 996 Annum,
645 959 751 990 dietam
774 958 1000 996 Requifitionem
1026 962 1156 997 proximo
1172 961 1213 990 se-

153 1008 307 1037 quentem,
325 998 373 1027 suo
389 998 506 1035 proprio
522 996 595 1027 AEre
607 998 639 1027 &
655 997 788 1035 Expensis
812 997 923 1037 Ingredi
944 1007 1082 1036 teneatur,
1102 998 1210 1029 Bellum

153 1037 315 1068 Invasivum
341 1045 437 1066 contra
464 1035 574 1065 dietum
596 1035 738 1065 Gallorum
758 1038 905 1073 Principem
926 1046 1055 1074 peraeque
1075 1037 1185 1076 agendo
1202 1061 1212 1074 ,

152 1074 317 1105 dummodo
341 1073 454 1111 praefata
476 1073 655 1104 Sereniffima
671 1077 827 1104 Britanniae
849 1074 978 1113 Duciffiz,
998 1075 1016 1104 fi
1039 1085 1087 1113 per
1100 1076 1211 1110 didm—tn

153 1117 315 1143 Francorum
332 1115 423 1142 Primi
439 1124 480 1141 em
495 1111 590 1142 Invasa
603 1112 701 1150 fuerit,
717 1123 835 1143 omnem
850 1114 882 1143 &
896 1115 1094 1144 omnimodam
1118 1113 1214 1143 Guer-

155 1161 214 1182 ram
224 1174 233 1189 ‚
253 1153 311 1182 tam
325 1161 373 1188 per
388 1121 472 1181 Μςτε
486 1151 570 1189 quam
586 1160 634 1188 per
648 1152 767 1182 Terram
778 1174 788 1190 ,
807 1160 904 1181 contra
924 1151 1046 1181 eundern
1069 1151 1212 1181 Gallorum

155 1193 304 1229 Principem
318 1191 351 1220 &c
368 1190 429 1220 suos
444 1199 496 1227 pro
510 1191 614 1220 viribus
627 1190 723 1220 fecerit
737 1191 769 1221 &
787 1190 891 1219 realiter
906 1189 1103 1227 prosequatur,

192 1228 229 1259 Et
245 1229 324 1266 quod
338 1237 434 1260 neuter
451 1228 596 1258 dierorum
611 1228 729 1265 Regum
743 1239 758 1258 a
772 1228 869 1265 Bello,
887 1238 935 1266 per
952 1238 1001 1258 eos
1014 1229 1050 1258 iic
1072 1227 1192 1266 Incepto
1203 1249 1213 1265 ‚

155 1267 215 1298 fine
239 1268 368 1305 expresso
387 1267 495 1298 alterius
518 1266 682 1305 Consensu,
704 1268 774 1296 inter
798 1266 882 1296 Duos
907 1267 1026 1305 Annos,
1052 1276 1150 1308 eorum
1175 1267 1212 1296 fic

154 1305 312 1344 Ingreffum
329 1307 356 1335 in
372 1306 395 1335 F
397 1306 520 1336 ranciam
537 1306 669 1343 proximo
685 1304 845 1343 sequentes,
863 1306 964 1342 quovis
980 1306 1064 1342 pacto
1085 1304 1213 1341 deiistet,

153 1339 203 1375 nisi
221 1345 300 1382 quud
318 1345 429 1374 interim
449 1344 507 1374 tam
524 1353 576 1381 pro
589 1342 671 1373 Parte
689 1347 767 1381 Regis
788 1342 959 1381 Anglorum,
978 1343 1108 1374 Ducatus
1130 1342 1214 1372 Nor-

154 1385 275 1413 manniae
293 1385 327 1414 &
344 1383 559 1419 Aequitanniae,
579 1383 665 1419 quam
679 1384 712 1413 ἃ
727 1392 779 1420 pro
801 1382 883 1412 Parte
905 1384 981 1419 Regis
1003 1381 1139 1420 Castellae,
1156 1384 1214 1410 Le—

150 1426 253 1459 gionis,
272 1425 447 1459 Aragonum,
465 1420 575 1458 Sicilie,
595 1418 654 1454 ἀντ.
675 1420 835 1451 Comitatus
848 1419 1007 1450 Rocilionis
1023 1421 1055 1450 &
1071 1420 1212 1450 Saritaniae

151 1462 187 1491 ab
207 1461 265 1498 ipso
289 1461 438 1490 communi
460 1468 560 1488 eorum
581 1458 675 1489 Hoste
689 1458 829 1488 Gallorum
845 1461 965 1496 Prin.ipe
980 1459 1214 1495 Recuperentur,

153 1500 186 1529 ὃ(
201 1499 234 1528 ad
253 1499 355 1528 Manus
367 1499 400 1529 ὃς
417 1497 588 1528 Potestatern
602 1497 746 1534 cujussibet
763 1507 862 1526 eorum
880 1496 1083 1534 Reducantur,
1101 1500 1130 1527 in
1154 1506 1213 1534 quo

152 1547 223 1566 vero
240 1536 313 1566 Casu
327 1538 436 1572 utrique
452 1536 574 1572 ipsorum
592 1535 706 1573 Regum
717 1558 727 1573 ,
747 1536 802 1565 sine
814 1535 922 1565 alterius
937 1534 1081 1565 Consensu
1092 1557 1101 1572 ,
1114 1535 1150 1564 ab
1162 1536 1215 1564 hu-

149 1575 273 1613 jusmodi
290 1575 368 1604 Bello
384 1575 472 1604 libere
488 1574 628 1604 Deiistere
644 1575 724 1603 liceat
735 1595 745 1610 ,
764 1573 990 1611 quibuscumque
1003 1573 1214 1603 Conventioni-

155 1614 205 1643 bus
222 1613 266 1643 seu
287 1612 472 1643 Padiionibus
495 1613 567 1643 inter
589 1622 637 1642 eos
657 1612 730 1642 initis
755 1613 788 1643 &
805 1611 932 1650 indictis,
950 1612 1091 1650 prioribus
1112 1612 1214 1642 Literis

152 1651 311 1689 contentis,
330 1652 358 1681 in
376 1652 470 1689 aliquo
488 1650 744 1681 nonobstantibus.

193 1689 238 1720 ΙΤ
248 1700 265 1720 E
278 1698 322 1726 M,
343 1690 412 1720 cum
428 1689 556 1727 praefatus
573 1688 684 1718 Carolus
697 1687 837 1718 Gallorum
854 1691 975 1726 Princeps
989 1688 1067 1719 nullo
1078 1688 1152 1727 Juris
1166 1698 1214 1719 or-

155 1728 221 1760 dine
244 1729 289 1759 sed
312 1728 367 1758 sola
391 1729 409 1745 ²*
433 1729 490 1765 ej'us
508 1727 639 1758 Potentia
654 1737 755 1757 omnes
769 1728 818 1757 sibi
834 1727 952 1757 Vicinos
966 1726 1110 1764 Principes
1127 1729 1214 1757 maxi-

155 1769 209 1798 mis
224 1767 333 1805 Injuriis
345 1766 488 1804 affecerit,
505 1767 640 1804 plurimos
657 1766 889 1804 exheredaverir,
907 1775 990 1804 atque
1012 1765 1214 1796 Illustrissimo-

153 1815 218 1836 rum
236 1805 401 1842 Principum
422 1809 619 1842 Romanorum,
637 1804 777 1844 Castellae,
796 1806 937 1842 Legionis,
955 1808 1130 1842 Aragonum,
1150 1807 1214 1833 Sici-

153 1844 216 1882 Iiae,
237 1843 296 1879 &a
316 1845 349 1874 &
365 1843 521 1880 Anglorum
535 1847 650 1880 Regum,
669 1852 782 1872 necnon
799 1842 984 1872 Serenissimae
1000 1843 1134 1880 Principis
1148 1845 1213 1872 Bri-

151 1885 256 1913 tanniae
271 1881 403 1921 Duciffae,
422 1891 649 1918 caeterorumque
662 1880 829 1919 Principum
843 1881 977 1911 nonnulla
997 1881 1064 1919 Jura
1086 1882 1213 1919 nequiter

149 1930 216 1951 ante
229 1921 282 1951 hac
295 1921 478 1958 usurpaverit,
497 1920 568 1950 inter
583 1919 781 1950 Illustrislimos
800 1919 944 1957 Principes
962 1923 1056 1957 Regem
1077 1918 1115 1955 ὠ
1135 1923 1213 1956 Regi-

149 1971 214 1989 nam
231 1958 371 1999 Castellae,
388 1961 526 1996 Legionis,
544 1961 722 1996 Aragonum,
737 1956 848 1994 Siciliae,
866 1957 927 1992 &a
946 1959 1106 1997 Angliaeque
1116 1961 1212 1995 Regem

147 1997 305 2028 antedictos
319 1996 524 2034 Conventum,
544 1996 779 2033 Concordatum,
797 1996 830 2026 ὃ(
845 1995 1023 2028 Conclusum
1050 1997 1091 2026 est
1113 1997 1192 2034 quod
1203 2020 1213 2034 ,

149 2036 315 2067 immediate
338 2036 401 2073 post
423 2036 497 2066 Tres
522 2035 640 2072 Annos,
658 2035 722 2073 post
746 2035 851 2065 Datam
875 2034 1061 2065 Praesentium
1077 2036 1210 2073 proximo

149 2076 259 2106 futuros
270 2097 279 2112 ,
299 2074 343 2104 vel
360 2075 440 2105 citius
454 2074 473 2103 si
489 2075 527 2104 eis
543 2074 573 2104 id
589 2075 655 2104 utile
674 2083 758 2111 atque
777 2072 960 2103 conducibile
979 2074 1120 2111 videatur,
1139 2082 1213 2104 uter-

147 2123 208 2151 que
230 2113 411 2148 praefatorum
434 2112 573 2152 Castellae,
600 2115 742 2150 Legionis,
768 2116 948 2150 Aragonum,
964 2112 1059 2142 Siciliae
1072 2135 1081 2149 ,
1098 2111 1159 2146 &n
1178 2113 1212 2143 &

148 2151 262 2189 Angliae
276 2155 375 2188 Regum
388 2161 486 2181 contra
498 2152 608 2181 dietum
625 2150 750 2180 Carolum
765 2149 908 2180 Gallorum
931 2153 1079 2189 Principem
1102 2150 1210 2182 Bellum

149 2191 265 2226 publice
279 2190 403 2227 indicet,
423 2190 506 2228 seque
520 2190 600 2227 ipsius
616 2189 743 2219 Hostem
759 2188 907 2220 manifeste
929 2188 1109 2226 Declarabit,
1127 2199 1154 2220 at
1177 2199 1211 2220 ue

148 2228 286 2267 Regnum
305 2229 328 2258 F
331 2230 432 2258 ranciae
447 2229 474 2258 in
491 2228 610 2259 Persona
625 2230 736 2266 proptia
750 2227 855 2265 suisque
869 2229 988 2267 propriis
1008 2228 1140 2265 Expensis
1179 2239 1211 2258 n-

148 2267 228 2303 gredi
243 2276 384 2304 teneatur,
404 2276 478 2297 tanta
493 2277 561 2297 cum
579 2266 709 2297 Potentia
722 2277 776 2304 qua
792 2276 841 2304 per
858 2267 884 2296 se
906 2267 975 2296 inibi
997 2267 1095 2297 Castra
1113 2268 1211 2296 metari

147 2305 182 2336 &
202 2305 349 2343 Campum
374 2315 423 2343 per
446 2305 482 2335 Se
504 2305 652 2343 sustinere,
670 2306 784 2335 suorum
803 2304 988 2335 inimicorum
1006 2305 1118 2343 injurias
1135 2304 1211 2335 Viri-

149 2344 203 2373 bus
217 2345 333 2381 propriis
349 2344 522 2382 propulsare,
539 2345 572 2374 δε
589 2344 634 2374 sua
644 2343 711 2381 Jura
733 2343 824 2373 Manu
844 2343 928 2381 forti,
948 2343 1005 2373 Dei
1030 2344 1134 2382 gratia,
1152 2343 1212 2374 Re-

148 2391 282 2419 cuperare
295 2383 400 2420 valeat,
414 2382 521 2412 Bellum
538 2392 638 2412 contra
654 2382 776 2413 eundem
788 2380 929 2411 Gallorum
943 2384 1089 2421 Principem
1104 2383 1211 2413 realiter

148 2421 259 2459 agendo
269 2443 278 2458 ,
294 2421 327 2451 &
341 2430 448 2458 quanto
461 2421 622 2451 commode
637 2422 739 2459 poterit
762 2421 904 2451 continuo
926 2421 1149 2461 progrediendo,
1168 2423 1211 2459 ip-

146 2458 210 2488 sum
233 2469 333 2489 eorum
360 2459 561 2489 Communem
585 2458 711 2489 Hostem
735 2469 784 2496 per
805 2459 925 2489 Terram
946 2460 978 2489 &
1005 2459 1089 2489 Mare
1105 2460 1211 2490 bellicis

147 2496 246 2527 Armis
259 2507 311 2534 pro
325 2498 380 2529 eius
398 2497 512 2528 Viribus
529 2497 678 2536 infestans,
697 2499 729 2528 ὃς
748 2497 827 2535 quod
842 2506 939 2527 neuter
950 2497 1076 2535 ipsorum
1094 2498 1211 2538 Regum

145 2536 183 2565 ab
208 2535 365 2573 hujusmodi
389 2535 466 2565 Bello
479 2559 489 2574 ,
513 2536 550 2566 sic
572 2546 620 2573 per
642 2546 691 2566 eos
710 2535 848 2573 incepto,
878 2536 933 2565 sine
955 2536 1082 2574 expresso
1103 2537 1212 2568 alterius

149 2573 311 2611 Consensu,
333 2574 402 2604 infra
416 2574 498 2605 Duos
515 2574 613 2604 Annos
628 2584 727 2605 eorum
745 2575 782 2604 sic
799 2573 958 2613 Ingressum
978 2575 1125 2605 Franciam
1145 2586 1213 2614 pro-

148 2613 228 2642 ximo
242 2613 402 2650 sequentes,
419 2614 521 2650 quovis
535 2613 620 2651 paclo
637 2613 744 2642 desistet
761 2613 810 2642 nili
827 2613 908 2650 qubd
924 2615 1054 2650 interim,
1072 2616 1130 2644 tam
1158 2624 1211 2652 pro

148 2649 232 2681 Parte
252 2654 329 2688 Regis
353 2650 506 2688 Anglorum
519 2674 528 2689 ,
562 2651 691 2681 Ducatus
713 2650 907 2681 Normanniie
929 2652 962 2682 &
986 2652 1182 2689 Aequitanniae
1201 2676 1211 2691 ,

147 2690 236 2726 quam
253 2689 285 2720 &
296 2712 304 2726 ‚
323 2699 377 2727 pro
392 2689 472 2720 Parte
486 2693 565 2727 Regis
579 2689 701 2730 Castellae
712 2714 721 2727 ,
738 2692 882 2728 Legionis,
902 2694 1080 2728 Aragonum,
1098 2691 1212 2730 Siciliae,

145 2726 206 2761 &a
224 2727 386 2758 Comitatus
401 2727 562 2758 Rocilionis
577 2730 609 2759 &
630 2729 787 2766 Saritaniae,
805 2729 841 2758 ab
863 2728 923 2766 ipso
944 2730 1095 2759 communi
1116 2729 1210 2760 Hoste

144 2774 244 2795 eorum
257 2765 398 2796 Gallorum
412 2769 532 2805 Principe
552 2767 788 2804 Recuperentur,
806 2767 838 2797 &
855 2767 890 2797 ad
907 2766 1011 2797 Manus
1033 2769 1065 2798 &
1083 2767 1210 2798 Potesta-

145 2812 185 2833 tes
204 2804 263 2834 suas
285 2803 489 2843 Reducantur,
506 2807 534 2835 in
559 2816 618 2843 quo
640 2807 711 2835 vero
733 2805 808 2836 Casu
823 2806 933 2842 utrique
948 2805 1073 2842 ipsorum
1092 2806 1207 2846 Regum

146 2841 204 2871 sine
215 2842 325 2872 alterius
339 2842 483 2873 Consensu
499 2844 534 2873 ab
548 2843 706 2881 hujusmodi
727 2844 805 2874 Bello
831 2844 920 2874 libere
947 2844 1090 2875 Desistere
1112 2845 1209 2884 liceat,

144 2880 369 2919 quibuscumque
383 2880 631 2912 Conventionibus
646 2882 690 2912 seu
709 2881 906 2920 pactionibus,
916 2883 985 2913 inter
998 2883 1112 2913 eosdem
1127 2883 1210 2914 Prin-

144 2921 222 2955 cipes
237 2920 392 2956 confeetis,
412 2920 445 2951 &
458 2920 488 2950 in
502 2919 583 2950 distis
595 2920 733 2958 prioribus
749 2920 848 2951 Literis
860 2931 907 2951 aut
923 2921 988 2951 alibi
1003 2924 1162 2961 contentis,
1179 2924 1208 2954 in

143 2958 238 2992 aliquo
254 2967 312 2987 non
329 2958 521 2996 obstantibus,

180 2994 236 3034 Et,
255 2996 273 3026 fi
288 2998 433 3036 contingat
449 2996 538 3035 (quod
555 2994 634 3027 Deus
652 2998 768 3035 avertat)
786 2997 866 3035 quod
890 2997 957 3029 alter
976 2998 1118 3030 dielorum
1140 3003 1208 3030 An-

139 3032 262 3071 gloriam,
280 3034 419 3103 Cfflellae,
434 3038 575 3073 Legionis,
593 3040 771 3075 Aragonum,
786 3036 899 3075 Siciliae,
917 3036 978 3070 &a
995 3040 1110 3075 Regum,
1126 3041 1206 3069 omni

143 3072 227 3110 dolo,
245 3072 304 3103 frau
325 3084 357 3111 e,
377 3074 410 3104 &
434 3073 551 3104 fidiione
568 3074 700 3112 semotis,
719 3083 752 3104 ex
779 3075 869 3113 aliqua
891 3075 980 3105 Causa
1001 3086 1085 3114 vera,
1101 3077 1208 3114 legitti-

143 3120 208 3148 ma,
225 3112 259 3142 ὃ(
283 3112 448 3150 necessaria,
474 3122 504 3142 ut
524 3115 591 3150 puta
614 3112 795 3150 Infirmitate‚
822 3114 988 3150 praepeditus
1010 3115 1107 3153 fuerit,
1131 3115 1203 3146 adeo

141 3149 223 3186 quod
239 3151 268 3179 in
287 3150 381 3188 aliquo
393 3151 534 3181 Termino
552 3151 606 3181 sive
624 3160 738 3189 propter
763 3161 864 3181 eorum
887 3151 1044 3189 Ingress'um
1068 3155 1096 3182 in
1120 3154 1206 3183 Fran-

140 3189 217 3218 ciam
228 3211 237 3225 ‚
254 3189 416 3220 immediate
431 3189 495 3226 post
513 3189 619 3220 Unum
634 3190 752 3220 Annum
766 3189 830 3226 post
842 3189 911 3220 dieti
933 3190 1075 3221 Gallorum
1103 3194 1205 3222 Princi-

135 3229 179 3264 pis
192 3225 391 3266 Invafionern,
411 3229 443 3258 &
463 3227 624 3266 superinde,
644 3238 672 3258 ut
695 3229 873 3266 praemittitui·
894 3229 1138 3267 Requisitionem,
1156 3241 1203 3263 aut

141 3265 305 3295 immediate
320 3266 384 3302 post
397 3266 470 3295 Tres
485 3266 600 3304 Annos,
619 3275 648 3297 ut
669 3267 865 3305 praemittitur,
884 3267 1015 3305 statutos,
1034 3269 1062 3298 in
1082 3268 1201 3300 Persona

139 3303 254 3339 propria
269 3302 405 3342 Regnum
421 3304 562 3341 Franciae,
581 3315 648 3336 cum
661 3305 706 3335 sua
722 3304 868 3343 Potentia,
886 3306 943 3336 ullo
959 3306 1066 3344 modo,
1085 3316 1115 3338 ut
1129 3318 1202 3345 prae-

140 3339 246 3376 fertur,
271 3341 375 3379 ingredi
398 3351 533 3380 nequeat,
557 3352 643 3380 tunc,
669 3343 688 3373 si
706 3343 771 3374 alter
792 3343 915 3382 ipsorum
938 3344 1053 3384 Regum
1069 3368 1079 3383 ,
1105 3347 1132 3375 in
1152 3347 1201 3377 illo

141 3377 302 3417 Termino,
320 3381 348 3409 in
361 3380 479 3411 Persona
492 3384 618 3420 propria,
637 3381 726 3419 ipsum
743 3381 873 3413 Franciae'
891 3383 1022 3422 Regnum
1033 3408 1042 3421 ,
1060 3392 1143 3421 prout
1158 3385 1201 3415 su-

140 3416 297 3460 pradictum
313 3418 368 3456 est,
387 3429 455 3449 cum
467 3419 512 3450 sua
530 3419 676 3457 Potentia,
693 3420 799 3459 ingredi
814 3421 901 3459 velit,
917 3423 982 3451 alius
999 3422 1038 3452 sic
1054 3422 1116 3452 Rex
1139 3422 1199 3452 Im-

141 3454 249 3498 peditus
269 3455 446 3495 Potentiam,
464 3457 575 3495 qualem
595 3459 689 3489 secum
712 3459 848 3490 habuisset
870 3460 888 3489 si
905 3460 1041 3497 Regnum
1056 3460 1200 3500 Franciae,

141 3502 169 3522 in
188 3492 307 3524 Persona
321 3497 447 3534 propria,
458 3505 490 3527 ut
504 3497 680 3535 praedicitur,
699 3496 836 3536 Ingreffiis
848 3498 940 3529 fuiss‘et
951 3523 960 3536 ,
976 3509 1044 3530 cum
1062 3509 1120 3529 uno
1135 3500 1197 3530 ido—

117 3543 120 3547 *
139 3541 197 3560 neo
212 3530 384 3570 capitaneo,
403 3536 429 3564 in
445 3535 546 3565 eodem
560 3535 703 3566 Termino
727 3537 755 3565 in
778 3536 921 3567 Franciam
947 3538 1131 3568 transmittere
1156 3548 1198 3569 te·

137 3578 252 3614 neatur,
269 3569 306 3599 sic
321 3571 400 3607 quod
417 3582 464 3608 per
476 3574 616 3611 utriusque
630 3573 717 3612 Regis
731 3574 894 3606 Potentiam
911 3575 1019 3606 Bellum
1035 3575 1194 3607 Iuvafivum

137 3607 289 3645 mRegno
303 3608 428 3639 Franciae
442 3619 535 3648 agatur
547 3613 580 3643 ὃς
591 3613 789 3651 continuetur,
807 3613 887 3644 simili
901 3614 990 3644 modo
1007 3615 1040 3644 &
1063 3617 1195 3652 peraequ’e

135 3656 170 3676 ac
195 3646 223 3679 fi.
238 3654 346 3685 uterque
368 3647 540 3687 Anglorum,
562 3651 594 3679 δε
616 3649 757 3689 Castellae,
779 3653 920 3689 Legionis,
936 3655 1111 3690 Aragonum,
1129 3656 1195 3683 Sici-

135 3683 196 3722 liae,
214 3682 274 3718 &a
290 3687 350 3714 Rex
363 3686 390 3714 in
406 3685 527 3716 Persona
544 3689 655 3725 propria
670 3687 779 3719 dietum
794 3688 903 3720 Bellum
916 3689 1075 3721 Invalivum
1085 3714 1094 3729 ,
1108 3701 1194 3730 prout

138 3722 218 3759 supra
236 3723 359 3753 inseritur
370 3746 379 3761 ,
393 3723 503 3762 egisset.

171 3760 261 3791 ITEM
272 3786 281 3798 ‚
301 3763 371 3791 inter
387 3761 478 3792 dictos
494 3761 708 3794 Potentiffimos
721 3763 868 3802 Principes
885 3767 981 3802 Regem
1003 3764 1041 3801 ὠ
1062 3769 1191 3805 Reginam

136 3799 258 3839 Castellae
271 3822 282 3837 ,
307 3802 453 3837 Legionis,
478 3802 639 3838 Aragonum
656 3824 666 3839 ,
691 3802 800 3840 Siciliae,
828 3802 888 3838 ὠς.
914 3803 1076 3846 Angliaeque
1095 3809 1191 3843 Regem

137 3834 341 3879 Conventum,
360 3838 595 3875 Concordatum,
613 3841 646 3871 &
659 3838 833 3871 Conclusum
848 3840 889 3872 est
909 3843 1006 3881 quod,
1026 3846 1044 3874 li
1067 3853 1099 3873 ex
1124 3855 1191 3882 qua-

135 3883 178 3903 vis
198 3874 286 3906 Causa
304 3876 416 3907 dietum
442 3877 612 3907 Terminum
634 3877 832 3917 Triennalem,
851 3889 904 3916 pro
921 3890 1022 3911 eorum
1047 3882 1189 3912 Descensu

135 3912 169 3942 &
186 3911 330 3952 Ingreffu,
349 3924 379 3946 ut
394 3916 578 3952 praemittitur,
599 3916 627 3944 in
641 3915 787 3946 Franciam
801 3917 953 3955 statutum,
970 3923 1191 3959 prorogaverint,

137 3951 171 3981 &
192 3951 276 3980 aliurn
299 3953 473 3983 Terminum
493 3953 537 3983 seu
563 3953 630 3982 alios
647 3953 803 3985 Terminos
828 3965 880 3993 pro
903 3956 1062 3988 hu'usmodi
1087 3969 1188 3989 eorum

137 3988 282 4019 Descensu
294 3991 328 4020 &
342 3986 464 4031 ingressu
479 3993 507 4022 in
522 3991 669 4021 Franciam
684 3991 854 4030 statuerunt,
868 3996 917 4031 qu*
959 4005 1076 4034 uterque
1089 4007 1189 4027 eorum

139 4025 256 4064 Regum
268 4035 338 4058 tunc
353 4039 478 4061 teneatur
494 4032 521 4059 in
536 4030 585 4059 illo
606 4029 751 4061 Termino
771 4031 817 4061 seu
839 4032 998 4072 Terminis‚
1016 4035 1054 4065 sic
1074 4045 1123 4072 per
1143 4045 1191 4065 eos

139 4064 243 4133 statgto
265 4074 314 4133 at'ilt
333 4066 438 4135 stratultlij
450 4093 460 4107 ,
486 4068 596 4100 Bellum
618 4067 777 4101 Invasivum
799 4079 899 4102 contra
917 4071 1028 4103 dietum
1052 4073 1192 4103 Gallorum

215 4114 264 4133 om.
310 4127 315 4131 .
370 4128 375 4134 .
433 4129 440 4135 .

2253 223 2300 261 19

1246 275 1393 317 Principem
1409 287 1508 322 agere,
1526 280 1559 311 &
1579 282 1606 310 in
1625 281 1746 314 Persona
1765 285 1891 324 proptia,
1909 286 1954 318 vel
1972 298 2020 326 per
2036 288 2169 322 idoneum
2184 293 2211 322 in
2225 293 2297 326 Casu

1245 313 1389 356 praemiffo
1415 315 1599 353 Capitaneum
1614 342 1624 358 ,
1649 330 1715 351 cum
1737 324 1781 353 sua
1805 324 1934 355 Potentia
1954 327 2077 359 Franciae
2094 329 2232 368 Regnum
2250 332 2297 362 In-

1246 349 1326 393 gredi
1338 373 1346 387 ,
1371 361 1559 386 communem
1578 367 1677 389 eorum
1695 359 1819 392 Hostem
1838 363 1967 394 invadere
1981 389 1990 402 ,
2016 367 2048 397 &
2075 368 2161 405 ipsurn
2187 368 2295 400 Bellum

1247 395 1412 431 continuare
1430 392 1530 436 eodem
1550 396 1654 434 modo,
1672 407 1705 428 ac
1725 399 1745 428 si
1764 401 1792 429 in
1811 399 1889 430 didio
1905 401 2046 434 Termino
2061 405 2207 436 Triennali
2223 417 2298 438 utera

1248 435 1304 463 que
1324 426 1447 466 ipsorum
1466 430 1573 461 dietum
1592 432 1729 472 Regnum
1745 460 1754 473 ,
1777 447 1806 468 ut
1825 441 1998 477 praemittitur
2014 465 2024 480 ,
2049 443 2184 475 invasisset
2196 468 2206 482 ,
2235 446 2300 477 licet

1247 463 1407 508 hujusmodi
1432 467 1637 513 Termini-aut
1667 473 1874 506 Terminorum
1900 477 2067 517 Prorogatio
2093 482 2137 512 seu
2167 482 2300 515 Praefixio

1249 501 1348 532 Literis
1367 513 1465 534 eorum
1484 507 1598 537 miffivis
1615 533 1624 545 ,
1646 511 1749 549 absque

1245 540 1391 578 superinde
1409 543 1473 580 post
1491 543 1543 574 hac
1562 545 1701 578 habeatur.

1252 623 1256 625 λ
1287 582 1410 617 ITEM,
1431 582 1502 612 inter
1521 582 1612 613 dictos
1628 582 1880 619 Excellentissimos
1901 590 2042 630 Principes
2057 597 2150 633 Regem
2168 595 2205 631 (ἐν
2222 601 2302 636 Regi-

1248 627 1312 646 nam
1334 617 1474 657 castella,
1496 623 1636 659 Legionis,
1654 627 1829 663 Aragonum,
1847 628 1958 667 Siciliae,
1983 631 2041 665 ὄψι.
2067 634 2225 675 Angliaeque
2245 641 2300 667 Re-

1245 666 1305 692 gem
1322 655 1556 703 Concordatu'm,
1572 659 1757 704 C0n=.·entum
1769 685 1777 700 ,
1789 664 1821 693 &
1836 663 2010 698 Conclusum
2025 669 2065 698 est
2082 673 2160 708 quod
2197 684 2302 711 quous-

1249 703 1305 731 que
1323 694 1431 725 Bellum
1449 697 1556 729 realiter
1573 707 1645 729 inter
1655 701 1710 729 Eos
1728 701 1759 730 ὃ(
1778 700 1916 731 Gallorum
1928 707 2087 745 Principem,
2105 719 2135 739 ut
2156 696 2303 747 p'raemitti-

1247 739 1307 776 tur,
1326 743 1432 772 agatur,
1450 737 1482 767 δε
1499 746 1562 766 ante
1578 737 1720 768 dictorum
1736 739 1841 768 Trium
1856 741 2005 772 Annorum
2017 745 2112 776 Finem
2139 748 2302 781 dumtamen

1249 774 1305 807 iple
1320 772 1461 802 Gallorum
1482 777 1605 813 Princeps
1623 777 1734 806 interim
1754 786 1885 807 neutrum
1903 789 2002 810 eorum
2021 772 2144 816 invaserit
2192 790 2302 826 utrique

1248 818 1346 852 eorum
1367 810 1483 850 Regum
1502 814 1558 843 sine
1577 814 1684 845 alterius
1701 824 1801 846 eorum
1822 814 1968 848 Consensu
1992 819 2071 852 liceat
2090 809 2216 862 Tretigas
2234 837 2300 857 cum

1249 850 1307 884 ipio
1323 849 1464 892 Gallorum
1487 853 1504 870 ⁸*
1528 854 1649 891 Principe
1666 863 1861 893 componere,
1887 857 1922 886 ita
1941 865 2034 887 tamen
2054 861 2130 896 quod
2155 863 2183 891 in
2208 863 2300 902 hujus-

1249 885 1328 916 modi
1347 886 1467 928 Treugis
1487 899 1603 928 uterque
1622 901 1721 922 eorum
1740 903 1783 923 eas
1804 892 1840 922 fic
1860 893 2048 932 Componens
2069 897 2186 930 alterum
2209 905 2303 932 nomi·

1248 934 1296 955 net
1312 925 1345 955 &
1362 928 1598 968 comprehendat,
1618 930 1637 960 si
1656 931 1684 960 in
1704 932 1740 960 eis
1758 932 1960 968 comprehendi
1979 934 2063 972 velit,
2081 935 2119 966 sic
2139 939 2219 974 quod
2263 941 2304 978 ip-

1248 962 1280 992 sis
1296 963 1377 1006 Treu
1399 966 1420 995 is
1438 966 1616 1006 durantibus,
1639 968 1676 998 de
1692 969 1750 1006 ipso
1773 968 1850 1000 Bello
1869 969 2014 1010 Invafivo,
2036 974 2065 1002 in
2087 974 2155 1005 Fine
2173 964 2305 1010 Ter⁷rnini

1248 1000 1352 1047 Trium
1401 1014 1542 1044 unorum,
1560 1015 1609 1043 per
1624 1017 1689 1045 eos,
1707 1016 1737 1037 ut
1754 1008 1912 1046 praefertur,
1928 1009 2100 1050 indicendo,
2119 1013 2231 1045 liberius
2245 1025 2307 1048 mu-

1249 1047 1301 1069 tuo
1320 1042 1436 1073 trailare
1454 1044 1488 1074 δε
1503 1054 1555 1082 pro
1580 1045 1684 1075 eodem
1710 1047 1843 1076 maturius
1867 1047 2014 1086 providere
2039 1050 2167 1090 valeant,
2195 1054 2308 1091 quibus·-

1250 1087 1376 1121 cumque
1395 1080 1663 1121 Conventionibus,
1681 1086 1822 1114 contentis
1839 1086 1868 1115 in
1885 1087 2025 1123 praediclis
2045 1088 2162 1128 Literis,
2181 1101 2227 1122 aut
2245 1092 2309 1123 alias

1251 1124 1324 1145 inter
1342 1127 1390 1147 eos
1408 1129 1438 1150 ut
1456 1121 1617 1157 praedicitur
1634 1122 1786 1159 confectis,
1804 1132 1862 1153 non
1881 1124 2074 1164 obstantibus,

1273 1153 1323 1201 ‚Et
1342 1157 1438 1196 quod,
1461 1159 1524 1196 post
1543 1160 1636 1190 dictos
1652 1161 1724 1191 Tres
1740 1160 1858 1200 Annos,
1881 1162 1984 1193 Datam
2003 1163 2185 1197 Praesentium
2203 1167 2308 1200 imme-

1250 1191 1323 1222 dlate
1345 1194 1493 1238 'sequentes
1509 1220 1519 1235 ,
1546 1207 1592 1228 aut
1611 1197 1760 1237 postquam
1781 1209 1897 1237 uterque
1914 1211 2014 1231 eorum
2035 1202 2149 1240 Regum
2170 1206 2308 1243 Regnum

1250 1230 1384 1277 Franci-22·
1396 1233 1440 1264 sua
1460 1244 1527 1265 cum
1547 1236 1694 1274 Potentia,
1712 1246 1742 1267 ut
1759 1239 1924 1277 praefertur,
1947 1238 2082 1279 Ingressus
2100 1243 2200 1282 fuerit,
2225 1255 2307 1283 atque

1250 1268 1359 1313 Bellum
1377 1281 1405 1301 in
1426 1273 1527 1303 eodem
1543 1273 1705 1305 Invafivum
1723 1276 1828 1306 realiter
1847 1280 1957 1316 egerit,
1981 1288 2078 1309 neuter
2098 1282 2218 1318 ipsorum
2237 1294 2307 1314 cum

1250 1308 1329 1338 dieto
1355 1310 1450 1340 Carolo
1475 1315 1543 1348 Rege
1566 1322 1612 1342 aut
1637 1314 1731 1351 aliquo
1758 1314 1913 1346 Haeredum
1933 1316 2169 1349 Succefforumve
2193 1321 2307 1352 suorum

1250 1346 1393 1389 Treugas,
1413 1349 1573 1388 Amicitias,
1593 1350 1874 1391 Confoederationes,
1892 1364 1938 1385 aut
1953 1355 2053 1393 aliquas
2068 1356 2129 1387 eliis
2147 1357 2308 1398 Intelligen-

1250 1385 1381 1430 tiassine'
1396 1388 1522 1424 expresso
1537 1389 1646 1420 alterius
1666 1390 1809 1422 Consensti
1836 1393 1915 1423 inibit
1942 1403 1988 1423 aut
2013 1395 2095 1426 saciet
2109 1419 2119 1434 ,
2141 1398 2240 1428 inirive
2261 1399 2309 1429 seu

1250 1422 1310 1452 fieri
1330 1424 1412 1455 faciet
1428 1436 1473 1457 aut
1491 1428 1655 1465 acceptabit.

1288 1460 1377 1491 ITEM
1414 1465 1485 1494 inter
1502 1465 1572 1502 ipsos
1591 1465 1802 1497 Potentiffimos
1822 1468 1967 1507 Principes
1981 1471 2134 1509 Anglorum
2151 1476 2246 1512 Regem
2275 1484 2308 1504 ac

1251 1501 1348 1536 Regem
1368 1485 1407 1535 ὦ·
1426 1506 1554 1540 Reginam
1576 1504 1696 1544 Castellae
1712 1528 1721 1543 ,
1744 1508 1882 1543 Legionis,
1909 1513 2085 1547 Aragonum,
2110 1511 2220 1551 Sicilae,
2245 1499 2306 1548 &a

1252 1536 1470 1581 Concordatum
1485 1565 1494 1579 ,
1521 1540 1730 1581 Conventum,
1753 1545 1785 1574 &
1804 1545 1980 1576 Conclusum
1999 1548 2039 1577 est
2057 1550 2153 1587 quod,
2178 1551 2196 1580 fi
2244 1552 2308 1589 post

1251 1576 1411 1615 hujusmodi
1429 1579 1606 1612 Invasionem
1621 1582 1649 1611 in
1669 1580 1804 1620 Regnum
1824 1583 1949 1615 Franciae
1963 1607 1973 1623 ,
1998 1595 2046 1623 per
2064 1575 2215 1626 utrumque}
2232 1591 2308 1628 ipso·

1252 1624 1316 1644 rum
1331 1641 1339 1655 ,
1367 1625 1398 1648 ut
1420 1619 1600 1657 praemittitur
1616 1645 1626 1657 ,
1651 1619 1752 1649 factam
1766 1644 1775 1657 ,
1799 1621 1867 1650 alter
1891 1632 1990 1652 eorum
2011 1624 2123 1663 Regum
2142 1627 2230 1665 aliqua
2250 1628 2308 1658 Ca-

1252 1653 1304 1683 stra
1318 1677 1328 1693 ,
1351 1654 1437 1687 Villas
1453 1681 1462 1696 ,
1486 1657 1666 1688 Munitiones
1680 1682 1690 1696 ,
1718 1658 1872 1695 Fortalitia,
1900 1661 1944 1690 vel
1964 1660 2058 1700 Opida
2075 1663 2109 1692 ad
2124 1674 2223 1695 eorum
2242 1667 2308 1697 alte-

1252 1702 1315 1722 rum
1335 1693 1370 1737 de
1385 1694 1456 1733 Jure
1472 1695 1622 1734 spectantia
1637 1696 1845 1736 Recuperavit,
1858 1697 2001 1737 Evicerit,
2015 1709 2062 1730 aut
2081 1711 2201 1740 quoquo
2218 1705 2308 1735 modo

1252 1730 1438 1772 Acquilierit,
1457 1735 1502 1764 ille
1520 1734 1558 1765 sic
1576 1745 1608 1765 ea
1627 1734 1805 1773 Adquirens,
1822 1746 1872 1774 per
1889 1737 2006 1768 alterum
2026 1748 2146 1779 eorum,
2170 1741 2203 1771 ad
2222 1752 2310 1779 quem

1251 1769 1367 1813 dejure
1389 1782 1420 1802 ea
1438 1772 1559 1810 speClare
1575 1773 1748 1811 noscuntur,
1775 1774 1829 1812 ipsa
1845 1774 1987 1806 restituere
2006 1775 2166 1815 Requifitus
2177 1802 2187 1818 ,
2216 1780 2309 1811 statim

1251 1811 1438 1841 incontinenti
1458 1812 1491 1842 ὅ(
1511 1811 1566 1842 fine
1583 1812 1747 1842 difficultate
1764 1822 1809 1843 aut
1827 1812 1958 1844 dilatione
1976 1825 2154 1855 quacumque
2171 1827 2202 1848 a
2215 1819 2309 1850 eidem

1251 1846 1420 1885 Requirenti
1439 1849 1590 1885 Reddere,
1606 1850 1748 1888 Tradere,
1767 1853 1800 1882 &
1817 1850 1979 1883 Deliberare
1997 1853 2119 1885 debebit.

1287 1885 1360 1917 ΙΤΕ
1371 1896 1416 1925 M,
1434 1888 1503 1918 curn
1524 1890 1552 1918 in
1570 1888 1653 1919 dictis
1671 1888 1772 1926 Literis
1789 1890 1822 1920 &
1838 1889 1974 1927 Capitulis
1991 1892 2026 1921 de
2044 1893 2165 1929 praefatae
2183 1893 2308 1926 Serenis-

1250 1923 1327 1954 simae
1344 1925 1481 1964 Principis
1500 1929 1641 1957 Katerinae
1655 1926 1731 1956 Filiae
1749 1926 1870 1968 Qartae
1884 1928 2184 1962 Excellentiffimorum
2199 1931 2309 1964 Princi-

1251 1972 1320 2000 pum
1336 1966 1413 2001 Regis
1427 1965 1465 2000 ὅ]
1481 1968 1588 2002 Regina
1602 1964 1743 2004 Castellae,
1760 1969 1901 2005 Legionis,
1919 1972 2079 2005 Aragonum
2114 1970 2227 2010 Sicilia,
2245 1971 2306 2006 &aa

1251 2003 1280 2030 in
1301 2001 1433 2041 Angliam
1449 2003 1665 2041 Tradutstione,
1683 2004 1859 2034 Matrimonii
1884 2007 2044 2037 celebrandi
2071 1992 2164 2039 Causa.
2183 2019 2250 2040 cum
2264 2010 2309 2041 di-

1251 2039 1301 2069 eto
1320 2040 1507 2072 Illustriffirno
1526 2041 1659 2080 Principe
1675 2041 1802 2072 Arthuro
1816 2046 1894 2081 Regis
1907 2044 2019 2082 Angliae
2035 2048 2227 2086 Primogenito,
2245 2049 2310 2079 nul-

1250 2078 1291 2108 lus
1316 2088 1407 2110 certus
1429 2080 1587 2111 Terminus
1611 2082 1726 2118 praecise
1750 2081 1789 2110 est
1813 2081 2033 2119 specificatus&
2053 2084 2167 2117 statutus
2181 2108 2191 2124 ,
2215 2096 2310 2125 neque

1250 2126 1310 2154 quo
1326 2127 1407 2149 certo
1422 2119 1571 2156 Tempore
1589 2119 1684 2149 Prima
1703 2118 1842 2150 Medietas
1859 2121 1944 2151 Dotis
1960 2121 2004 2152 seu
2026 2121 2198 2154 Donationis
2222 2134 2310 2163 prop-

1248 2163 1289 2184 ter
1309 2156 1467 2193 hujusmodi
1486 2156 1610 2195 Nuptias
1625 2168 1674 2196 per
1692 2157 1763 2194 ipsos
1781 2158 1905 2198 Castellae
1920 2182 1929 2197 ,
1954 2163 2078 2198 Legionis
2093 2184 2102 2200 ,
2129 2165 2307 2202 Aragommi,

1247 2193 1344 2223 Siciliae
1358 2218 1368 2232 ,
1394 2194 1454 2231 ἅτ.
1479 2198 1614 2235 Principes
1633 2196 1682 2234 ipsi
1700 2195 1764 2234 Regi
1785 2197 1898 2234 Angliae
1917 2198 2096 2235 persolvenda
2114 2203 2306 2233 numerabitur

1249 2233 1282 2262 &
1298 2233 1407 2263 dabitur
1424 2259 1433 2271 ,
1461 2235 1494 2265 &
1512 2244 1547 2264 an
1566 2235 1674 2274 Quarta
1694 2234 1758 2264 Pars
1775 2236 1897 2272 ejusdem
1916 2236 2002 2267 Dotis
2019 2238 2048 2267 in
2068 2238 2189 2270 Pecunia
2206 2249 2308 2271 uume-

1249 2279 1304 2301 rata
1321 2280 1368 2301 aut
1386 2273 1414 2302 in
1430 2271 1592 2311 Jocalibus,
1619 2272 1817 2310 Vestimentis,
1840 2274 2038 2314 Ornamentis,
2062 2285 2107 2307 aut
2124 2277 2306 2315 supellectili-

1248 2309 1318 2347 bus,
1346 2310 1470 2340 Domini
1491 2310 1626 2342 Custodia
1646 2311 1750 2342 Privati
1769 2311 1859 2351 sigilli
1880 2313 1990 2352 Angliae
2008 2313 2133 2345 relationi
2152 2316 2185 2347 &
2203 2316 2307 2347 certifi-

1248 2349 1358 2379 catorio
1383 2350 1511 2379 referatur
1539 2352 1573 2382 ὃς
1592 2351 1675 2380 stetur
1692 2373 1700 2387 ,
1725 2359 1810 2388 prout
1829 2351 1859 2380 in
1878 2353 1980 2382 eisdem
1999 2352 2100 2383 Literis
2119 2356 2152 2385 ὅ(
2170 2354 2308 2393 Capitulis

1248 2387 1355 2424 plenius
1373 2389 1550 2426 continetur,

1287 2424 1363 2455 Inter
1380 2426 1471 2456 dictos
1484 2425 1695 2458 Potentiffimos
1708 2425 1866 2465 Principes,
1880 2430 1975 2465 Regem
1988 2429 2099 2466 Angbae
2113 2442 2146 2460 ac
2161 2433 2256 2468 Regem
2267 2430 2307 2467 &-

1249 2465 1377 2501 Reginam
1392 2464 1531 2503 Castellae,
1553 2468 1692 2502 Legionis,
1710 2468 1886 2503 Aragonum,
1901 2466 2011 2505 Siciliae,
2028 2468 2088 2502 ὅγε.
2108 2468 2308 2510 Conventum,

1250 2501 1468 2533 Concordatum
1484 2528 1493 2540 ,
1516 2505 1550 2535 &
1568 2502 1743 2533 Conclusum
1759 2504 1800 2533 est
1819 2504 1898 2542 quod
1915 2527 1924 2542 ,
1951 2507 2164 2544 quamprimum
2180 2508 2224 2538 ille
2242 2507 2310 2540 Illu-

1250 2540 1393 2571 striffimus
1405 2541 1536 2579 Princeps
1545 2541 1690 2571 Arthurus
1705 2540 1816 2579 Angliae
1831 2545 1908 2580 Regis
1921 2545 2112 2582 Primogem'tus
2126 2547 2209 2577 fuerit
2224 2556 2308 2578 com-

1248 2579 1323 2617 plete
1350 2581 1563 2617 quatuordecim
1591 2581 1741 2610 Annorum
1756 2604 1766 2617 ,
1790 2582 1823 2612 &
1850 2582 1961 2619 praefata
1980 2583 2157 2615 Serenissima
2174 2584 2309 2624 Princeps

1249 2619 1387 2647 Katers'na
1404 2618 1528 2657 ipsorum
1546 2622 1622 2656 Regis
1638 2618 1675 2653 &⁴
1694 2621 1800 2656 Reginae
1817 2618 1938 2659 Castellae
1948 2643 1957 2657 ,
1972 2623 2112 2660 Legionis,
2129 2627 2307 2663 Aragonum,

1248 2656 1363 2693 Siciliae,
1386 2655 1446 2691 ἀνι.
1473 2657 1544 2687 Filia
1560 2658 1676 2698 ⁴>Quarta
1694 2657 1775 2687 fuerit
1791 2658 1935 2695 complete
1954 2658 2119 2690 Duodecim
2138 2662 2309 2701 Annorum,

1247 2695 1299 2733 ipsa
1327 2695 1461 2735 Princeps
1484 2699 1603 2725 Domina
1627 2698 1788 2733 Katerina,
1811 2695 1945 2733 Expenlis
1970 2697 2084 2728 suorum
2112 2700 2259 2731 Parentum
2278 2711 2307 2732 in

1249 2733 1382 2770 Angliam
1403 2735 1557 2771 (videlicet)
1576 2736 1604 2764 in
1623 2733 1711 2764 Portu
1731 2733 1908 2772 Londoniae,
1934 2734 2080 2767 Bristolliae
2092 2761 2102 2776 ,
2125 2739 2307 2779 Suthampto-

1248 2773 1319 2810 niae,
1343 2781 1389 2803 aut
1409 2772 1475 2803 alibi
1493 2773 1564 2804 infra
1584 2772 1660 2803 idem
1680 2772 1820 2811 Regnum
1840 2774 1888 2804 ubi
1903 2776 2086 2806 commodius
2101 2778 2238 2815 applicare
2253 2788 2306 2816 po-

1247 2812 1309 2841 terit
1327 2811 1524 2850 Traducatur,

1286 2849 1323 2879 Et
1341 2850 1421 2888 quod
1440 2850 1509 2880 dieti
1525 2848 1696 2880 Serenissirni
1715 2849 1859 2888 Principes
1878 2853 1938 2880 Rex
1963 2849 2002 2886 ὠ·
2031 2855 2132 2890 Regina
2156 2853 2278 2893 Castellae
2295 2877 2307 2894 ,

1247 2891 1392 2926 Legionis,
1418 2892 1595 2926 Aragonum,
1620 2888 1731 2926 Siciliae,
1747 2888 1806 2923 &a
1826 2899 1965 2919 eorumve
1980 2889 2117 2921 Haeredes
2134 2892 2166 2921 &
2186 2898 2305 2923 >ueces—

1246 2927 1335 2964 sores,
1354 2928 1425 2957 infra
1444 2928 1577 2965 Quatuor
1598 2926 1668 2956 Dies
1686 2936 1750 2956 ante
1769 2927 1813 2956 vel
1832 2926 1896 2965 post
1913 2927 2183 2960 Solemnizationem
2202 2930 2307 2961 Matri-

1245 2967 1338 2995 monii
1349 2988 1358 3003 ,
1373 2968 1444 2995 inter
1463 2966 1591 3004 praefatos
1608 2968 1650 2994 Ar
1658 2964 1766 2994 thurum
1786 2966 1818 2995 &
1836 2968 2000 2995 Katerinam
2019 2966 2164 3006 Principes
2181 2969 2304 2999 celebra-

1244 3005 1264 3033 ti
1289 3004 1486 3034 celebrandive
1499 3027 1509 3041 ,
1535 3007 1646 3033 Centum
1673 3002 1757 3032 Milia
1775 3007 1911 3033 Scutorum
1932 3005 2094 3046 (unoquoque
2112 3017 2199 3036 eorum
2219 3008 2303 3047 Qa-

1245 3049 1307 3072 tuor
1325 3042 1424 3072 Solidos
1443 3042 1480 3076 &²
1499 3045 1573 3072 Duos
1588 3044 1721 3071 Denarios
1739 3042 1930 3079 Sterlingorum
1947 3045 2068 3072 Moneta
2076 3045 2188 3083 Angliae
2206 3050 2303 3076 valen-

1243 3083 1287 3116 te)
1308 3083 1414 3111 realiter
1433 3081 1549 3110 Solvent
1568 3080 1685 3110 Solvive
1703 3080 1804 3110 facient
1821 3104 1831 3118 ,
1857 3082 1889 3111 &
1907 3080 2119 3121 Qinquaginta
2137 3084 2222 3114 Milia
2251 3085 2301 3114 hu-

1235 3118 1355 3158 jusmodi
1371 3124 1508 3150 Scutorum
1527 3118 1595 3148 infra
1614 3126 1702 3147 unum
1722 3119 1756 3149 δε
1777 3120 1900 3155 primum
1920 3122 2038 3150 Annum
2057 3121 2162 3152 dietam
2187 3123 2299 3153 Solem-

1242 3159 1416 3188 nizationem
1437 3158 1570 3195 proximo
1589 3156 1751 3193 sequentem
1769 3156 1946 3196 persolvent,
1964 3159 1997 3189 &
2013 3159 2062 3188 alia
2081 3158 2209 3200 Qinque
2229 3161 2299 3191 Mil-

1239 3195 1279 3224 lia
1295 3199 1431 3226 Scutorum
1449 3196 1519 3225 infra
1537 3194 1689 3225 secundum
1708 3195 1824 3225 Annum
1842 3195 1926 3232 ipsam
1947 3196 2217 3229 Solemnizationem
2234 3210 2301 3236 pro·

1239 3235 1320 3264 ximo
1346 3235 1506 3273 sequentem
1526 3256 1535 3271 ,
1556 3232 1675 3276 praefato
1694 3232 1807 3271 Angliae
1823 3237 1888 3270 Regi
1903 3235 1994 3272 ejusve
2013 3234 2160 3273 Deputatis
2179 3237 2298 3268 Solvent

1239 3282 1286 3303 aut
1304 3273 1382 3304 Solvi
1400 3273 1502 3303 facient
1520 3274 1548 3302 in
1568 3271 1691 3302 Pecunia
1711 3271 1870 3302 Numerata
1884 3294 1893 3309 ,
1918 3282 1964 3304 aut
1984 3272 2061 3303 vasis
2086 3274 2130 3306 seu
2148 3275 2297 3313 Jocalibus

1239 3312 1327 3341 aureis
1344 3313 1377 3342 δε
1395 3312 1548 3350 argenteis,
1566 3311 1603 3341 sic
1624 3308 1702 3347 quod
1719 3320 1771 3340 una
1790 3311 1894 3348 quaevis
1912 3320 2012 3341 eorum
2034 3311 2129 3343 Uncia
2149 3315 2297 3352 recipiatur

1240 3349 1396 3380 secundum
1415 3351 1472 3388 ejus
1488 3359 1587 3379 verum
1608 3348 1742 3378 valorem
1760 3358 1843 3386 prout
1863 3350 1890 3378 in
1911 3349 2009 3388 Anglia
2025 3357 2154 3389 ternpore
2169 3352 2294 3384 Solutio-

1238 3389 1280 3417 nis
1299 3389 1419 3426 ejusdem
1436 3388 1593 3426 hujusmodi
1613 3385 1710 3416 Uncia
1725 3387 1797 3416 valet
1816 3388 1849 3418 &
1868 3385 2082 3418 aestimationem
2103 3389 2246 3429 habuerit,

1276 3427 1373 3464 Quam
1392 3428 1507 3464 quidem
1526 3425 1704 3456 solutionem
1724 3424 1866 3454 dic‘iorum
1886 3428 2065 3454 Ducentorum
2091 3427 2202 3458 Mlium
2227 3433 2292 3460 Scu-

1236 3472 1323 3494 torum
1340 3465 1472 3496 Nomine
1493 3464 1578 3494 Dotis
1597 3463 1641 3493 seu
1662 3462 1834 3493 Donationis
1852 3473 1902 3500 pro
1926 3473 1966 3493 ter
1984 3463 2122 3502 Nuptias,
2139 3469 2206 3505 Regi
2221 3472 2290 3498 An-

1228 3503 1310 3541 gllae,
1328 3513 1357 3534 ut
1376 3504 1572 3540 praemittitur,
1592 3501 1730 3538 fiendam,
1749 3501 1796 3538 ipsi
1816 3504 1874 3530 Rex
1949 3503 2048 3540 Regina
2066 3504 2202 3544 Castellae,
2231 3509 2287 3536 Le-

1229 3545 1338 3579 gionis,
1362 3545 1522 3579 Aragonum
1537 3563 1546 3578 ,
1571 3539 1666 3569 Sicilia
1683 3561 1692 3576 ,
1719 3538 1779 3574 &a
1804 3538 1977 3570 Promittunt
2003 3539 2094 3571 facere
2117 3544 2150 3574 &
2169 3543 2284 3575 fideliter

1233 3580 1419 3618 perimplere,
1437 3579 1510 3610 &ad
1526 3577 1715 3608 inviolabilem
1725 3576 1844 3620 ejusdem
1853 3576 2008 3608 Solutionis
2022 3579 2223 3612 observantiam
2232 3582 2286 3621 Se,

1231 3618 1293 3648 suos
1311 3618 1446 3648 Haeredes
1461 3640 1470 3655 ,
1497 3616 1675 3646 Successores
1691 3637 1700 3652 ,
1719 3615 1852 3657 Subditos
1864 3637 1874 3652 ,
1895 3615 1928 3646 &
1945 3626 2045 3646 eorum
2063 3618 2142 3650 Bona
2165 3620 2284 3651 firmiter

1230 3656 1366 3695 Obligant
1384 3656 1417 3686 &
1439 3655 1623 3696 Astringunt,
1641 3653 1690 3695 sub
1708 3653 1810 3682 eildem
1826 3653 1941 3696 ,m0dss’
1962 3653 2076 3695 formis,
2098 3658 2131 3687 &
2151 3661 2285 3696 tempori-

1231 3695 1282 3724 bus
1297 3717 1307 3732 ,
1331 3702 1415 3732 prout
1442 3695 1469 3723 in
1494 3693 1545 3722 hiis
1571 3692 1668 3721 Literis
1686 3690 1726 3721 est
1745 3691 1865 3734 super-ius
1883 3691 2020 3729 signanter
2037 3694 2224 3732 specificatum
2248 3698 2283 3728 ὃς

1229 3742 1397 3763 contentum
1414 3754 1424 3770 ,
1447 3733 1479 3762 &
1499 3731 1546 3760 sub
1565 3729 1665 3759 eisdem
1684 3729 1901 3767 securitatibus,
1926 3728 2130 3771 Cautionibus‚
2157 3735 2190 3764 δε
2209 3733 2283 3766 Ρτο-

1229 3770 1315 3800 miffis
1336 3781 1401 3808 quas
1420 3780 1472 3807 pro
1491 3767 1648 3809 hujusmodi
1666 3765 1751 3811 Dotis
1769 3766 1917 3798 Solutione
1935 3770 1964 3798 in
1980 3770 2061 3800 dietis
2079 3771 2195 3810 Literis,
2212 3783 2281 3811 qua-

1228 3819 1290 3838 rum
1311 3808 1384 3839 Data
1403 3807 1442 3838 est
1457 3807 1492 3836 de
1509 3807 1582 3847 diCta
1600 3804 1740 3835 Vicesima
1758 3804 1871 3842 septima
1890 3806 1948 3837 Die
1965 3807 2072 3838 Menfis
2087 3808 2204 3847 Martii,
2217 3811 2279 3842 An-

1225 3858 1264 3877 no
1285 3846 1405 3877 Domini
1425 3847 1442 3864 ²*
1464 3844 1635 3879 Millelimo‚

1226 3886 1428 3924 promiserunt,
1445 3883 1588 3916 fecerunt,
1605 3881 1638 3910 &
1656 3882 1682 3910 se
1697 3881 1876 3919 obligarunt,

1265 3922 1320 3960 Et,
1338 3923 1371 3952 ad
1390 3922 1558 3952 securiorem
1577 3919 1609 3949 ὃ(
1628 3917 1782 3949 firmiorem
1800 3921 1943 3950 dictorum
1962 3923 2141 3952 Ducentorum
2166 3924 2277 3957 Milmn

1226 3965 1364 3990 Scotorum
1391 3959 1567 3989 Solutionem
1583 3979 1593 3995 ,
1626 3957 1759 3987 Nomine
1789 3958 1872 3988 Dotis
1898 3958 1941 3989 seu
1966 3959 2137 3991 Donationis
2164 3973 2278 4002 propter

1228 3999 1366 4036 Nuptias,
1384 4000 1446 4034 Regi
1463 3994 1593 4033 Angliae,
1617 4004 1647 4025 ut
1665 3996 1693 4024 in
1713 3996 1764 4025 hiis
1787 3996 1885 4026 Literis
1903 3997 2080 4036 continetur,
2105 3999 2224 4032 fiendam
2244 4004 2278 4035 ὃς

1226 4037 1444 4071 observandam,
1459 4036 1491 4065 ὃς
1510 4035 1618 4064 tertiam
1639 4032 1749 4064 Partem
1770 4033 1991 4072 Dominiorum‚
2012 4035 2197 4079 Castrorum,
2216 4041 2279 4073 Vil-

1228 4077 1317 4107 larum
1332 4097 1342 4114 ,
1365 4075 1398 4105 &
1418 4072 1582 4110 opidorum
1598 4070 1774 4140 Principgfis
1793 4071 1904 4103 Wailiae
1920 4095 1930 4111 ‚
1954 4071 2084 4106 Ducatfis
2102 4073 2284 4148 Cornubiaed

1757 4119 1777 4139 2

1768 512 1882 551 Magno
1898 525 1999 546 eorum
2016 517 2132 559 Sigillo,
2158 521 2302 554 dumtaxat

2316 294 2389 325 Ann.
2400 293 2442 326 D.

2332 340 2418 372 1490.

2315 378 2373 400 Hen.
2394 381 2418 406 7.

2316 877 2335 895 ¹*
2356 879 2432 910 XIL'

2316 918 2380 951 416.

1651 3842 1954 3889 Qadringentefimo,
1971 3845 2172 3886 Ostuagefimo
2187 3858 2278 3890 nono,
2295 3851 2312 3872 ¹¹
2332 3856 2400 3886 ΧΠ.

2291 3902 2357 3930 4¹7·
