2555 4266
659 185 773 226 ET
854 184 1126 226 ACTA

2 283 30 306 n.
46 270 191 311 D,bard‚
214 270 369 312 Hanfizrd,
395 270 428 303 δε
449 272 566 310 Prucer,
590 270 725 302 existente
751 269 958 302 Mercatoribus
982 271 1103 302 Brokers
1122 269 1168 299 seu

0 315 61 355 480.

1 377 8 383 .
24 364 38 392 3
44 374 50 383 .

0 1209 63 1237 im.

106 311 292 349 Facioribuffl
308 312 342 342 &
354 321 454 341 eorum
470 310 641 348 Atiornatis,
659 312 691 340 ἃ
708 311 843 340 omuibus
858 310 915 340 aliis
929 310 1075 340 Extraneis
1099 309 1169 338 natis

104 359 179 381 extra
193 350 268 380 di<sta
287 349 449 388 Dominia,
468 349 615 387 Ducatus,
634 350 666 378 δε
689 348 789 379 Insulas
814 348 1090 384 Commorantibus,
1109 346 1168 376 Ex-

100 388 121 418 s
134 388 309 426 errantibus,
330 388 561 425 Appicantibus,
581 388 625 417 vel
640 386 888 420 ResorcientibuS,
904 396 954 422 per
976 385 1094 422 spetiem
1113 385 1169 414 Sex

125 428 333 465 eptimanarum
350 426 422 457 infra
435 427 545 457 dietum
563 426 699 456 Reonum
711 449 720 464 ,
738 427 771 456 ὃς
782 425 915 454 Tenente
932 422 1102 466 Hospitium
1124 424 1171 452 in-

103 466 145 496 fra
167 465 260 504 idem,
287 465 334 495 vel
356 465 526 503 Hospitante
550 465 582 494 in
603 451 696 502 Eiquo
718 463 804 493 Loco
824 462 875 492 sub
892 460 1065 491 Obedientia
1086 460 1169 504 ipsius

104 513 194 541 nuper
216 503 324 542 Regis,
343 514 412 534 cum
440 503 652 533 Mercatoribus
676 501 820 531 Exrraneis
833 499 954 529 Brokers
973 499 1019 529 seu
1040 499 1170 529 Fadiori-

104 542 174 610 2¹8²
192 543 238 574 vel
252 553 319 574 cum
336 543 431 582 aliquo
443 543 630 572 Subditorum
653 540 721 569 dieti
743 547 832 578 nuper
851 537 956 576 Regis,
972 540 1079 575 Viginti
1100 536 1170 567 Soli-

139 591 151 609 5

143 605 181 650 th
202 619 238 650 de
259 619 382 658 qualibet
399 619 521 649 Persona
534 640 543 655 ‚
568 624 669 647 vocata
691 616 833 652 Venician,
858 613 1018 653 Esterlyng‚
1045 613 1169 652 Italian,

107 657 250 697 Januaie,
268 658 408 695 Milaner,
424 660 519 687 Lucan
530 680 536 689 ,
556 653 712 690 Cateloner,
731 652 902 692 Albertyne,
915 653 1172 690 Lumbard,Han-

99 696 185 736 sard,
203 698 235 729 &
251 699 367 736 Prucer,
386 698 419 728 ὃς
433 696 491 725 aliis
511 693 720 724 Mercatoribus
744 692 890 722 Exrraneis
912 691 1030 722 Brokers
1051 692 1096 721 seu
1116 692 1169 721 Fa-

106 735 232 766 Ctoribtis
252 737 322 766 natis
342 743 416 765 extra
434 733 571 763 Dominia
594 730 747 768 praedieta,
764 730 911 768 Ducatus,
929 732 961 761 ὃς
984 729 1104 768 Insulas,
1121 740 1170 767 per

107 773 218 804 Literas
238 773 344 812 Regias
367 772 497 802 Patentes
516 779 562 800 aut
586 769 663 799 aliter
678 768 815 806 Indigena
830 768 907 799 faCto
924 768 969 799 vel
983 778 1087 799 estune
1101 768 1171 799 fien-

108 812 167 850 do,
187 813 256 843 infra
269 813 379 843 dietum
397 809 536 847 Regnum
551 807 680 846 Angliae,
698 811 797 838 Decem
821 810 936 837 Marcus
955 807 1103 843 levandas,
1118 807 1172 838 sol-

109 851 213 881 vendas
234 851 268 880 ad
289 848 370 880 Festa
391 847 506 877 Paschae
532 846 566 876 ὃς
588 845 686 876 Sancti
710 845 862 876 Michaelis
884 856 933 883 per
957 847 1076 884 aequales
1099 846 1172 876 Por-

107 890 216 927 tiones,
234 887 269 919 &
287 888 325 918 sic
345 887 490 916 annuatim
514 885 550 915 de
565 885 694 922 quolibet
718 894 818 915 eorum
838 893 943 916 extunc
961 885 997 915 ad
1018 885 1094 916 dicta
1116 885 1171 915 Fe-

108 928 148 958 sta

145 950 289 996 Conceffa
316 963 420 993 fiierint
436 986 446 1001 ,
473 963 507 993 &
531 961 631 992 Nobis
656 962 734 999 juxm
756 960 985 992 Conceffionem
1006 961 1172 1002 praedictam

108 1004 201 1035 debita
222 1001 381 1039 existentia,
401 1011 487 1040 prout
510 1002 538 1031 in
563 1000 689 1038 quodam
712 1001 790 1031 Aeni
814 1001 881 1030 inde
903 1001 1082 1032 Auctoritate
1104 1000 1172 1031 Par-

106 1042 235 1073 liamenti
257 1040 404 1079 praediCti,
426 1039 507 1071 disto
531 1039 620 1070 Anno
642 1039 804 1070 Tricesimo
825 1040 921 1077 primo
939 1040 1036 1078 facito,
1062 1039 1173 1077 plenius

106 1081 284 1118 continetur,
456 1087 470 1103 ο

145 1118 230 1156 Nos,
247 1119 283 1148 ad
299 1118 441 1148 humilem
460 1117 706 1156 Supplicationern
727 1115 928 1147 Mercatorum
941 1116 1027 1147 Italiae
1045 1117 1074 1146 in
1093 1115 1174 1155 Reg-

107 1166 149 1187 no
165 1157 266 1188 nostro
284 1156 463 1187 existentium
481 1179 491 1195 ,
517 1156 648 1186 Gratiam
675 1155 801 1185 nostram
829 1156 857 1184 in
876 1155 928 1184 hac
947 1164 1024 1192 parte
1041 1155 1173 1186 exhibere

107 1195 254 1233 volenteS,
272 1195 474 1226 Conceffimus
493 1195 526 1225 &
547 1195 566 1213 ²³¹²
585 1193 784 1224 Concedimus
796 1194 833 1222 eis
848 1203 896 1230 per
909 1193 1075 1232 Praesemes,
1090 1194 1171 1232 quod

107 1245 209 1265 omnes
221 1237 255 1266 δε
269 1234 366 1273 singuli
383 1233 558 1264 Mercatores
569 1232 601 1262 de
614 1235 720 1262 Venicia
732 1235 826 1261 vocati
839 1233 977 1261 Venicians
985 1255 993 1270 ,
1001 1232 1102 1269 Janua
1119 1243 1171 1262 vo-

107 1276 164 1302 cati
182 1273 326 1311 Januayes
340 1295 350 1310 ‚
373 1272 511 1302 Florencia
529 1274 623 1301 vocati
637 1269 827 1310 Florentynes,
845 1272 922 1299 Luca
937 1274 1031 1300 vocati
1042 1274 1172 1310 Lucam,

107 1314 142 1344 &
158 1322 259 1343 omnes
273 1313 319 1343 elii
335 1311 513 1342 Mercatores
527 1311 561 1341 <Sc
577 1309 696 1340 Brokers
709 1309 745 1338 de
763 1308 838 1338 Italia
851 1310 909 1339 tam
926 1309 1070 1348 Indigenae
1085 1311 1171 1348 quarn

107 1351 302 1390 Alienigenae,
321 1359 354 1381 ac
377 1350 527 1385 FaCtores,
550 1347 658 1378 Clerici
678 1349 711 1379 &
735 1347 877 1378 Attornati
902 1348 957 1385 sui,
975 1357 1010 1378 ac
1028 1347 1172 1379 Custodes

107 1388 187 1420 Pacis
209 1390 313 1420 nostrae
327 1412 338 1427 ,
362 1398 478 1420 necnon
504 1387 603 1426 singuli
622 1387 792 1417 Vicecomes
810 1386 842 1417 ὃῑ
866 1385 991 1416 Ministri
1010 1386 1097 1416 nostri
1116 1396 1170 1424 pro

109 1436 239 1465 tempore
257 1427 406 1458 existentes
420 1449 429 1465 ,
453 1428 482 1456 in
499 1427 633 1456 omnibus
653 1426 686 1456 &
705 1425 816 1463 lingulis
835 1423 1007 1467 Civitatibus
1019 1447 1028 1463 ,
1054 1427 1088 1456 &
1108 1426 1172 1456 Co-

109 1467 253 1498 mitatibus
268 1466 361 1505 Regni
376 1466 466 1496 nostri
483 1465 594 1503 Angliae
611 1463 647 1493 de
662 1463 801 1500 praedicto
819 1462 950 1494 Subhdio
961 1487 970 1502 ,
986 1464 1065 1493 dieto
1084 1464 1173 1494 Anno

106 1504 272 1535 Tricefimo
291 1506 386 1544 primo
396 1504 542 1541 *concess‘o
558 1525 567 1541 ,
591 1502 625 1532 &
642 1512 743 1532 eorum
763 1502 892 1539 quolibet
910 1512 962 1539 pro
981 1501 1109 1532 Personis
1125 1512 1177 1532 eo-

106 1543 240 1574 rumdem
260 1543 460 1574 Mercatorum
479 1565 488 1580 ,
515 1541 650 1576 Brokers,
669 1540 844 1578 Fastorum,
862 1540 1058 1579 Clericorum,
1079 1542 1178 1572 Attor-

107 1588 241 1612 natorum
266 1581 383 1612 suorum
396 1603 406 1619 ,
430 1581 464 1611 δε
481 1589 584 1610 eorum
601 1578 752 1617 cujussibet
765 1601 775 1616 ,
801 1589 817 1608 a
845 1578 928 1609 Festo
955 1579 1069 1610 Paschae
1087 1581 1176 1610 Anno

107 1618 210 1657 Regni
236 1619 328 1656 nostri
353 1620 500 1650 Vicesimo
525 1617 651 1648 secundo
665 1640 674 1654 ,
701 1617 787 1655 usque
805 1616 840 1647 ad
858 1616 944 1648 finem
963 1619 996 1648 ὅτ.
1014 1620 1174 1649 terminum

106 1657 223 1688 Decem
242 1658 397 1689 Annorum
415 1666 519 1687 extunc
539 1657 674 1694 proximo
693 1656 868 1694 sequentium
892 1657 926 1687 ὃς
944 1657 1068 1693 plenarie
1088 1668 1174 1688 com-

105 1696 266 1735 pletorum,
282 1698 316 1728 &
334 1706 387 1734 pro
403 1704 468 1726 toto
486 1695 632 1725 Termino
650 1694 718 1733 illo,
735 1704 802 1731 erga
821 1694 891 1724 Nos
910 1695 943 1725 &
960 1695 1101 1726 Haeredes
1117 1707 1173 1726 no-

106 1735 177 1765 stros
191 1735 390 1766 Exonerentur
404 1734 668 1772 &Aequietentur,
685 1742 739 1763 nec
754 1734 909 1770 quicquam
925 1734 960 1764 de
974 1734 1077 1765 eisdem
1093 1735 1176 1765 Mer—

105 1774 249 1804 catoribus
261 1793 271 1812 5
296 1773 417 1805 Brokers
429 1796 439 1812 ,
459 1772 642 1809 Facioribus,
658 1771 792 1810 Clericis,
810 1772 843 1802 &
862 1772 1018 1803 Attornatis
1032 1775 1083 1804 suis
1093 1798 1102 1813 ,
1118 1774 1176 1804 five

105 1818 210 1843 eorum
222 1813 320 1850 aliquo
329 1836 339 1852 ,
357 1812 393 1843 de
406 1820 453 1842 aut
468 1821 521 1850 pro
527 1810 659 1842 Subfidio
674 1809 724 1840 illo
737 1810 772 1841 ad
788 1809 871 1848 Opus
885 1809 1015 1841 nostrum
1031 1813 1088 1843 sive
1102 1812 1177 1844 Hae-

105 1851 208 1882 redum
220 1852 385 1882 nostrorum
402 1851 528 1881 Levetur
543 1850 575 1880 &
592 1849 741 1886 Erigitur,

144 1889 182 1920 Et
203 1889 313 1927 insuper
333 1888 478 1920 Volumus
502 1889 535 1918 δε
559 1886 759 1918 Concedimus
782 1886 884 1918 eisdem
909 1887 1123 1919 Mercatoribus
1139 1889 1173 1919 de

105 1929 214 1958 Venicia
230 1951 240 1966 ‚
261 1928 363 1966 Janua
377 1952 386 1965 ,
409 1927 551 1957 florencia
567 1951 577 1964 ,
597 1928 693 1964 Luca,
712 1927 745 1957 &
761 1925 867 1964 Italia,
887 1928 967 1964 quod
984 1938 1038 1958 nec
1054 1929 1103 1966 ipli
1118 1938 1173 1959 nec

103 1975 207 1996 eorum
227 1967 323 2005 aliquis
343 1967 450 2005 aliquos
467 1966 559 2004 plures
574 1965 732 2001 Denarios,
749 1964 785 1994 de
799 1973 846 1995 aut
863 1974 915 2001 pro
929 1966 1062 1996 Subfidiis
1081 1967 1173 1998 Lana·

103 2015 185 2043 rum,
204 2005 323 2036 Pellium
337 2006 513 2043 lanutarum,
531 2004 564 2035 &
579 2003 692 2034 aliarum
710 2002 953 2034 Mercandisarum
971 2005 1172 2042 praedioarum

106 2043 219 2074 valoris
240 2044 348 2082 Viginti
371 2044 536 2074 Solidorum
552 2066 562 2080 ,
587 2042 686 2072 Nobis
707 2042 788 2072 dieto
811 2042 900 2072 Anno
915 2045 999 2074 tertio
1015 2044 1173 2082 conceffis,

105 2083 247 2120 praedieco
262 2083 406 2113 Termino
425 2083 539 2113 Decem
559 2080 712 2111 Annorum
729 2080 865 2119 durante,
888 2080 976 2119 qu‘am
991 2082 1174 2122 Qadragin-

108 2128 141 2151 ta
158 2120 196 2156 &-
217 2123 281 2151 'Ii‘es
300 2120 402 2151 Solidos
422 2120 461 2156 &⁹
479 2120 611 2161 ,Qcatuor
633 2122 773 2149 Danarios
787 2127 897 2150 tantum
913 2131 965 2158 pro
978 2121 1110 2152 Subfidio
1125 2122 1175 2152 ali-

109 2160 190 2198 cujus
210 2160 292 2191 Sacci
311 2160 397 2190 Lanae
420 2160 546 2198 ipsorum
572 2159 628 2189 sive
642 2167 742 2189 eorum
757 2158 888 2196 alicujus,
909 2161 942 2191 ὃς
955 2162 1055 2190 Decem
1071 2160 1174 2190 Solidos

109 2206 220 2228 tanturn
237 2209 290 2235 pro
304 2197 446 2229 Custuma
459 2198 574 2235 alicujus
589 2197 671 2228 Sacci
686 2197 774 2227 Lanae
786 2197 913 2234 ipsorum
936 2198 993 2230 sive
1007 2208 1107 2230 eorum
1126 2200 1176 2230 ali-

109 2237 205 2274 cujus,
223 2238 271 2275 qui
293 2238 434 2277 attingunt
447 2238 476 2266 in
491 2245 554 2266 toto
568 2246 620 2273 pro
635 2235 776 2266 Custuma
792 2236 824 2265 &
838 2235 970 2267 Subsidio
983 2237 1096 2276 alicujus
1110 2241 1176 2268 Sac-

111 2279 136 2304 ti
150 2278 240 2305 Lanae
257 2276 471 2316 §Quinquaginta
485 2273 523 2309 &
539 2282 595 2304 tres
612 2274 712 2317 Sqlidos
726 2273 764 2309 ᾤ’
777 2282 893 2315 quatuor
903 2278 1038 2306 Denarios
1052 2285 1174 2315 tantum,

110 2314 145 2352 &
162 2314 361 2353 Quadraginta
383 2313 421 2349 ὠ
447 2322 502 2343 tres
525 2313 625 2343 Solidor
648 2313 686 2348 &
708 2320 824 2353 quatuor
844 2317 980 2345 Denarios
1000 2324 1111 2346 tantum
1123 2323 1175 2353 pro

107 2352 226 2392 Subsidio
242 2352 397 2393 aliquarum
414 2356 602 2382 Ducentarunz
625 2351 663 2387 ὠ
686 2352 870 2392 quadraginta
887 2352 1002 2382 Pellium
1014 2353 1175 2384 lamiarum

106 2391 235 2430 sitarum,
255 2391 311 2422 sive
324 2401 424 2422 eorum
439 2391 555 2428 alicujus
566 2415 574 2427 ,
591 2391 624 2421 &
639 2393 738 2420 Decem
749 2390 850 2420 Solidos
864 2400 973 2422 tantum
983 2400 1034 2431 pro
1050 2392 1175 2433 Custuma

109 2429 263 2469 aliqitarum
278 2434 464 2460 Ducentarum
480 2428 519 2465 ὠ·
536 2429 721 2469 quadraginta
737 2428 852 2458 Pellium
869 2429 1030 2461 lanatarum
1042 2432 1176 2471 siarum,

110 2469 169 2499 sive
183 2477 283 2499 eorum
297 2468 428 2507 alicujus,
446 2470 495 2506 qui
507 2470 650 2505 attingunt
673 2469 701 2497 in
721 2476 786 2498 toto
802 2478 855 2505 pro
871 2468 996 2508 Casti-‘ma
1006 2469 1044 2505 ὠ·
1058 2470 1177 2510 Subsidio

108 2506 263 2547 aliquarum
276 2509 462 2536 Ducentarum
477 2506 515 2541 (ῤ’
532 2507 714 2547 quadraginta
728 2505 841 2536 Pelliiem
853 2506 1012 2537 lanutarum
1028 2509 1178 2549 Quinqua-

105 2549 187 2584 ginta
201 2552 256 2575 tres
264 2544 362 2574 solidos
370 2545 409 2581 &⁴
419 2552 533 2586 quatuor
542 2549 693 2583 Denari053
704 2554 818 2575 necnon
826 2546 971 2576 Duodecim
982 2549 1117 2577 Denarior
1124 2556 1177 2586 pro

110 2583 228 2624 Sabfidio
249 2588 349 2614 Stanni
365 2584 471 2614 Valoris
487 2587 593 2620 Viginti
608 2583 762 2615 Solidorum
771 2608 781 2623 ,
802 2583 838 2614 de
855 2584 1042 2616 Mercandifis
1055 2586 1106 2616 sui-3
1120 2588 1177 2617 five

112 2631 215 2653 eorum
230 2623 360 2662 alicujus,
377 2624 411 2654 &
424 2626 488 2652 Tres
502 2626 637 2653 Denarios
652 2631 762 2654 tantum
770 2631 820 2661 pro
831 2623 955 2662 Custnma
967 2627 1067 2655 Stanni
1075 2624 1179 2655 Valoris

113 2662 222 2697 Viginti
239 2660 384 2691 Solidorum
402 2661 438 2692 de
454 2660 639 2691 Mercandisis
655 2661 707 2691 suis
720 2661 777 2691 sive
792 2671 890 2691 eorum
909 2662 1022 2700 alicujus
1037 2686 1046 2702 ,
1072 2667 1120 2702 qui
1134 2672 1177 2694 at-

111 2701 225 2738 tingunt
246 2701 275 2729 in
295 2708 360 2730 toto
384 2710 437 2736 pro
461 2698 604 2730 Custuma
628 2700 661 2731 &
678 2699 808 2731 Subsidio
824 2704 925 2731 Stanm'
939 2701 1052 2731 Valoris
1067 2705 1176 2739 Viginti

110 2737 259 2768 Solidorum
270 2738 432 2778 Qindecim
441 2741 597 2778 Denarior,
614 2747 690 2769 extra
707 2738 844 2778 Regnum
855 2739 986 2769 nostrum
1005 2741 1179 2778 praedictum

111 2778 254 2814 exeuntis,
272 2780 319 2807 au't
339 2778 368 2806 in
389 2776 466 2808 idem
486 2777 623 2815 Regnum
644 2776 774 2807 nostrum
801 2779 941 2809 venientis
955 2802 964 2817 ,
984 2780 1177 2817 quovismodo

113 2815 186 2846 infra
200 2814 375 2845 Terminum
389 2816 470 2846 illum
487 2815 586 2845 Nobis
601 2824 650 2846 aut
662 2815 832 2846 Haeredibus
844 2817 964 2855 nostris,
981 2828 1015 2854 ac
1026 2817 1179 2849 (3011εᾶ0-

113 2854 190 2884 ribus
209 2853 255 2883 scu
271 2852 456 2884 Custumariis
468 2854 588 2891 nostriS,
602 2863 649 2884 aut
663 2854 721 2884 aliis
730 2853 884 2886 Officiariis
898 2856 945 2886 seu
958 2855 1098 2888 Ministris
1114 2858 1179 2896 quia

113 2891 291 2928 buscumque
305 2892 419 2922 solvant«
428 2900 475 2922 aut
489 2892 596 2922 solvere
610 2901 754 2923 teneantur
764 2915 774 2931 ,
855 2930 858 2932 v

154 2929 192 2960 Et
205 2932 284 2968 quod
299 2930 350 2968 ipsi
368 2930 543 2961 Mercatores
559 2929 595 2960 de
608 2931 743 2961 omnibus
759 2931 816 2961 aliis
829 2931 1025 2963 Denariorum
1041 2933 1179 2974 Summis,

115 2968 154 2999 de'
171 2976 218 2999 aut
233 2978 286 3006 pro
304 2967 434 3000 Subfidio
446 2970 480 3000 &
497 2968 639 3000 Custurna
656 2970 707 3000 illis
720 2969 777 3000 five
791 2980 893 3000 eorum
909 2971 1004 3009 aliquo
1019 2982 1072 3009 pro
1085 2972 1181 3011 hujus-

118 3006 201 3038 modi
216 3007 318 3045 Lanis,
336 3007 462 3038 Pellibus
480 3008 582 3038 lanutis
598 3032 608 3045 ,
631 3009 664 3039 &
681 3007 789 3038 Stanno
803 3008 902 3038 Nobis
917 3011 1111 3047 quovismodo
1125 3012 1180 3041 sol-

120 3045 238 3083 vendis,
253 3055 318 3085 erga
328 3046 397 3076 Nos
411 3046 444 3076 &
462 3046 598 3076 Haeredes
612 3046 725 3076 nostros
740 3046 939 3079 Exonerentur
955 3050 988 3080 &
1004 3049 1181 3088 Aequieiena

120 3092 184 3120 tur,
201 3084 234 3114 ὃς
250 3094 352 3115 eorum
369 3084 488 3123 quilibet
501 3084 677 3124 Exoneretur
693 3086 726 3117 ὅ(
743 3086 948 3124 Aequietetur,

158 3121 291 3153 Necnon
307 3123 375 3153 dieti
391 3123 590 3161 Concitores,
608 3123 783 3154 Custumarii
797 3147 806 3161 ,
827 3124 987 3164 Officiarii,
1005 3127 1038 3157 ὅ(
1054 3125 1181 3157 Ministri

120 3159 227 3204 nostri,
246 3161 280 3192 δε
298 3171 399 3193 eorum
416 3163 549 3200 quilibet,
567 3162 602 3192 de
620 3163 797 3193 omnimodis
815 3163 871 3195 aliis
888 3163 1081 3195 Denariorurn
1096 3165 1185 3197 Sum-

121 3207 199 3237 mis,
218 3198 260 3232 ,de
286 3209 332 3231 aut
356 3211 409 3238 pro
434 3201 575 3232 Custuma
599 3202 632 3232 ὃς
655 3200 784 3231 Subsidio
803 3202 855 3231 illis
875 3202 931 3232 five
948 3213 1052 3234 eorum
1069 3204 1183 3243 aliquo,

122 3246 177 3274 pro
195 3238 357 3276 hujusmodi
376 3239 461 3270 Lenis
478 3263 488 3277 ,
514 3238 639 3270 Pellibus
657 3239 771 3278 lanutis,
791 3240 824 3270 ὃς
842 3240 969 3280 stanno,
985 3252 1049 3282 erga
1060 3243 1130 3273 Nos
1149 3244 1182 3274 &

122 3275 260 3307 Haeredes
279 3276 393 3309 nostros
414 3278 543 3308 similiter
568 3278 764 3309 Exonerentur
789 3279 823 3309 &
848 3280 1076 3320 Acquietentur3
1103 3281 1186 3312 dietis

123 3313 363 3346 Conceffionibus
383 3316 440 3346 sive
456 3326 551 3347 earum
569 3316 676 3356 aliqua,
694 3327 740 3348 aut
758 3318 852 3355 aliquo
868 3317 995 3356 Statuto,
1012 3319 1108 3358 Actu,
1125 3321 1185 3350 Or-

124 3351 284 3396 dinatione,
300 3353 516 3394 Restrieiione,
533 3355 590 3385 sive
602 3356 892 3395 Appunetuamenm,
910 3366 975 3388 ante
988 3358 1051 3388 haec
1070 3367 1186 3397 tempo-

125 3401 154 3461 za
172 3390 270 3459 εάιῑξἆ
280 3391 376 3430 faCio,
393 3393 449 3424 sive
465 3395 596 3432 proviso,
610 3404 659 3425 aut
673 3394 765 3433 aliqua
780 3394 832 3425 alia
854 3396 970 3426 materia
985 3406 1185 3438 quacumque,

147 3439 187 3459 on
204 3439 223 3459 o
271 3440 342 3462 ante.

126 3514 139 3539 t
163 3466 198 3537 Ιξι
216 3469 294 3506 cuius
307 3470 346 3500 rei
360 3469 578 3503 Testimonium
600 3471 649 3503 has
667 3471 775 3503 Literas
795 3472 902 3503 nostras
917 3472 976 3503 fieri
999 3473 1118 3505 fecimus
1133 3474 1188 3506 Pa-

140 3515 175 3537 en
189 3516 226 3536 es.

161 3581 254 3627 Teste
274 3584 382 3622 meipso
401 3584 483 3630 apud·
493 3586 750 3630 Wstmonasterium
789 3587 918 3620 Decimo
931 3588 1039 3621 oetam
1053 3588 1112 3621 Die
1126 3590 1189 3621 De-

127 3623 271 3659 cembris,
286 3623 374 3652 Anno
389 3623 486 3662 Regni
502 3624 648 3656 Vicesimo
659 3626 745 3657 secun
766 3637 794 3656 ο.

168 3699 237 3730 Nos
258 3707 353 3731 autem
367 3723 377 3739 ,
402 3699 490 3730 dietas
505 3700 612 3732 Literas
625 3712 658 3732 ac
670 3703 769 3733 omnia
783 3703 817 3733 &
838 3703 943 3741 singula
955 3704 983 3733 in
1001 3704 1102 3736 eisdem
1119 3715 1194 3736 con-

130 3743 206 3768 tenta
218 3738 292 3769 Rata
305 3739 439 3769 habentes
451 3738 485 3768 &
498 3738 587 3769 Grata
596 3762 606 3777 ‚
623 3750 654 3770 ea
666 3750 718 3777 pro
731 3740 830 3770 Nobis
845 3741 878 3771 &
894 3740 1064 3774 Haeredibus
1078 3744 1191 3783 nostris,

129 3784 268 3812 quantum
285 3779 313 3807 iri
336 3776 435 3807 Nobis
454 3774 496 3805 est
511 3799 521 3813 ,
546 3777 737 3815 Acceptamus
759 3780 792 3810 δε
805 3779 1021 3819 Approbamus,
1038 3791 1072 3813 ac
1087 3783 1190 3814 eisdem

131 3812 345 3881 ‘hillercatoribus
358 3815 394 3846 de
408 3814 625 3853 ltalia‚Tenore
636 3815 835 3855 Praesentium,
847 3816 1044 3851 Concedimus
1058 3821 1092 3852 &
1107 3821 1190 3853 Con-

153 3861 284 3885 rmamus.

169 3926 205 3959 In
217 3932 312 3971 quus,
328 3933 389 3964 &c.

170 4003 260 4038 Teste
271 4006 356 4049 Rege
369 4009 445 4049 apud
464 4007 736 4050 westmonasterium,
754 4002 881 4040 secundo
895 4008 942 4040 die
951 4002 1084 4049 januarii.

628 4086 683 4115 Per
700 4087 792 4116 Breve
805 4085 837 4115 de
854 4086 972 4116 Privato
989 4084 1089 4125 sigillo.

1207 180 1679 230 PU‘BLICAj

2203 200 2249 248 15
2254 204 2283 244 9

1552 312 1571 313 ff
1630 312 1669 314 m
2295 274 2425 311 Amans

2259 324 2263 325 ⁷
2311 317 2396 355 1485.

1424 356 1446 377 ἦ
1467 359 1516 390 De
1531 358 1701 392 Traffando
1715 373 1783 393 cum
1802 364 1876 408 Rege
1893 364 2056 398 Scotorum.
2287 357 2398 422 Ξῑζζῗὶ.

1216 437 1271 495 R
1283 436 1359 505 EqX
1375 441 1526 494 omnibin,
1542 442 1577 471 ad
1591 452 1679 481 quOS,
1697 445 1758 476 διε.
1777 445 1911 477 Salutem.
2290 430 2357 497 ᾗῇ
2378 467 2421 498 D.

1312 497 1323 507 t
1334 486 1411 507 cratis
1425 479 1504 515 quod
1521 479 1605 518 Nos,
2353 492 2367 517 Ἰ·
2412 491 2419 497 “

1226 553 1230 557 ¹
1249 513 1298 545 De
1317 516 1459 546 Fidelitate
1472 539 1482 554 ,
1500 517 1652 547 Prudentia
1669 520 1702 549 &
1715 519 1893 553 Discretione
1906 547 1916 560 ,
1939 523 2121 557 Dilestorum
2139 528 2171 559 &
2188 528 2271 560 Fide-
2309 513 2397 544 1455·

1213 552 1283 582 liutn
1293 553 1459 600 nostrorum
1470 556 1605 599 ³.R¹'⁶<²rd³'
1618 556 1737 597 Radclyf
1746 558 1847 590 Militis
1864 571 1915 597 pro
1934 561 2065 599 Corpore
2081 567 2179 595 nostin
2214 571 2269 598 Ni·
2288 547 2327 597 (ξ)
2357 556 2384 573 ²⁹

1210 590 1296 621 cholai
1309 592 1395 638 Redly
1407 593 1552 639 'Armigeri
1569 603 1620 630 pro
1637 594 1771 632 Corpore
1787 598 1885 628 nostro
1899 623 1908 637 ,
1934 601 1967 631 ὃς
1980 601 2121 639 Johannis
2137 591 2268 647 Car³tyng-
2289 588 2356 648 2⁸20?-
2365 604 2391 648 '2

1212 637 1259 659 ton
1274 631 1414 671 Armigeri
1430 632 1539 670 plenius
1552 631 1746 670 confidentes,
2396 643 2403 649 ’

1234 668 1342 713 vIpsos,
1361 670 1523 709 Ricardum,
1540 670 1718 709 Nicholaum,
1733 672 1766 701 &
1779 672 1955 713 Juliannem,
1982 676 2129 718 Fecimus,
2149 681 2271 713 Ordina—
2287 663 2315 688 R'
2338 668 2363 696 3*
2385 669 2421 687 'm

1212 717 1305 738 v1mus
1320 710 1354 740 ὅτ,
1374 709 1600 746 Constituirnus,
1618 718 1651 739 ac
1670 709 1789 739 Tenore
1808 712 1983 747 praesentium
2002 715 2134 748 Facimus
2151 741 2160 756 ,
2183 721 2270 751 Ordi-
2289 707 2315 734 3'

1213 756 1314 777 namus
1336 748 1369 778 &
1393 747 1604 778 Constituimus
1632 747 1745 778 nostros
1765 758 1848 779 veros
1864 750 1897 781 &
1916 751 2086 784 indibitatos
2101 754 2273 790 Procurato-

1210 793 1252 814 res
1263 807 1271 821 ,
1288 784 1508 816 Commiffarios
1526 787 1558 817 δε
1579 786 1716 817 Nuncios
1733 787 1877 825 speciales,

1251 823 1361 855 Dantes
1373 826 1406 856 ὃς
1418 824 1619 855 Concedentes
1633 826 1670 855 eis
1682 825 1857 856 Potestatem
1876 828 2033 864 generalem
2053 831 2085 860 ὃ(
2105 831 2275 866 Mandatum

1213 861 1330 899 speciale
1347 885 1356 901 ,
1382 873 1436 901 pro
1454 862 1552 894 Nobis
1569 865 1603 896 &
1622 863 1756 893 Nomine
1775 864 1893 902 nostro,
1912 875 1979 895 curri
1997 866 2178 900 Sereitillimo
2195 871 2275 903 Prin-

1213 902 1278 938 cipe
1294 900 1402 939 Jacobo
1426 905 1495 940 Rege
1513 906 1648 932 Scotorum
1664 901 1884 941 Consanguineo
1903 903 2003 934 nostro
2027 905 2180 938 Carissimo
2196 931 2204 947 ,
2230 911 2276 942 seu

1214 949 1284 969 cum
1298 940 1467 971 habentibus
1480 949 1527 971 aut
1543 941 1676 971 habituris
1690 942 1726 971 ab
1743 943 1845 972 eodem
1860 940 2035 973 Potestatem
2053 945 2089 975 ad
2104 946 2276 985 Iiifrsscripta

1215 977 1403 1009 sufficientem
1418 1003 1428 1016 ,
1451 980 1487 1009 de
1510 979 1543 1009 ὃς
1561 979 1642 1016 super
1661 979 1828 1010 melioribus
1851 979 1954 1012 Modis
1972 983 2004 1011 ὃς
2027 983 2156 1022 Formis⁷
2174 987 2277 1023 quibus

1213 1026 1314 1047 omnes
1328 1018 1361 1048 &
1375 1017 1472 1057 singuli
1489 1018 1687 1056 Articuli,pro
1697 1018 1788 1057 Pace,
1800 1018 1938 1058 Treugis,
1955 1021 1988 1051 ὅ(
2003 1020 2110 1052 Libero
2119 1023 2277 1056 Intercursu

1214 1053 1479 1094 Mercandisarum,
1505 1058 1576 1087 inter
1598 1056 1732 1087 Subditos
1753 1058 1892 1095 utriusque
1910 1058 1999 1089 Partis
2021 1060 2188 1093 stabiliendis
2201 1086 2213 1103 ,
2247 1074 2278 1094 er

1214 1092 1284 1123 Nos
1311 1096 1344 1125 ὃ(
1370 1095 1517 1132 praefatum
1543 1094 1796 1132 Consanguineu'm
1823 1096 1952 1126 nostrum
1974 1098 2032 1135 jam
2051 1109 2139 1136 niper
2159 1102 2186 1131 in
2234 1102 2279 1134 illa

1213 1131 1311 1162 nostra
1321 1132 1356 1162 de
1374 1132 1591 1172 Notynghamia
1609 1134 1697 1172 captis
1712 1134 1745 1164 ὃς
1768 1134 1922 1172 conclusis,
1940 1134 2055 1167 firmiter
2070 1138 2281 1179 Observentur,

1213 1170 1351 1208 superque
1378 1170 1597 1203 Reformatione
1612 1173 1746 1202 omnium
1764 1174 1798 1203 δε
1816 1173 1988 1212 singulorum
2009 1185 2071 1213 quae
2092 1178 2120 1206 in
2140 1178 2280 1217 Praejudi-

1214 1210 1292 1239 cium
1317 1209 1513 1239 Articulorum
1532 1211 1690 1250 hujusmodi
1706 1209 1842 1242 hincinde
1858 1213 1970 1243 forsitan
1987 1213 2161 1253 Attemptata
2178 1217 2280 1249 dicun-

1210 1255 1259 1316 cthr
1274 1270 1283 1286 ,
1302 1247 1549 1279 Communicandi
1565 1272 1575 1287 ,
1593 1249 1747 1280 Tractandi
1761 1274 1770 1288 ,
1798 1249 2006 1282 Concordandi
2034 1254 2068 1284 &
2094 1253 2283 1287 Concludena

1232 1297 1260 1324 ¹>

1253 1324 1485 1362 Dietamqucseu
1500 1323 1615 1363 Dietas,
1635 1335 1688 1363 pro
1705 1327 1803 1357 saniori
1822 1328 1855 1359 ὃ(
1871 1325 1992 1366 pleniori
2009 1328 2187 1363 Executione
2205 1333 2281 1365 Pxae-

1215 1363 1384 1401 mifforum,
1403 1362 1564 1399 statuendi,
1582 1364 1751 1404 Praefigendi
1770 1367 1803 1396 δε
1823 1367 1996 1406 Limitandi,

1250 1400 1422 1445 *Caeteraque
1437 1403 1536 1432 omnia
1549 1403 1582 1432 &
1600 1403 1719 1442 lingula,
1739 1414 1802 1442 quae
1817 1406 1846 1435 iri
1861 1405 2012 1436 Praemiffis
2029 1406 2076 1438 seu
2090 1408 2186 1447 aliquo
2202 1410 2281 1442 Prae-

1216 1439 1366 1483 missorum
1386 1440 1536 1471 necess'ana
1555 1441 1727 1474 videbuntur
1744 1444 1788 1473 leu
1807 1444 2027 1482 quomodolibet
2045 1457 2202 1486 oportuna,
2227 1451 2282 1482 Fae,

1217 1478 1310 1508 ciendi
1327 1480 1360 1510 ὃς
1380 1479 1546 1516 Exequendi
1561 1501 1571 1516 ,
1588 1480 1660 1510 adeo
1683 1481 1764 1517 plene
1782 1491 1866 1519 atque
1883 1482 1986 1522 libere,
2004 1485 2073 1516 sicut
2092 1486 2161 1516 Nos
2179 1488 2230 1527 ipsi
2247 1500 2280 1522 ea

1216 1516 1374 1547 faceremus
1397 1518 1442 1547 seu
1465 1517 1559 1546 facere
1584 1519 1730 1554 possemus
1756 1520 1773 1548 si
1793 1522 1820 1550 in
1839 1520 1958 1552 Persona
1978 1523 2124 1559 praesentes
2144 1526 2265 1558 effemus

1217 1556 1303 1623 etiam
1330 1555 1350 1585 si
1381 1556 1442 1587 talia
1470 1557 1564 1586 forent
1585 1566 1649 1594 quie
1670 1556 1840 1588 Mandatum
1860 1559 1896 1589 de
1914 1560 1941 1589 se
1959 1562 2045 1600 magis
2064 1564 2203 1601 exigerent
2222 1551 2283 1604 spe3

1217 1604 1260 1624 cia
1270 1604 1286 1624 e
1293 1617 1302 1631 ,

1254 1632 1457 1664 promittentes
1505 1632 1583 1663 bonci
1602 1632 1672 1663 Fide
1690 1635 1723 1665 ὃς
1742 1635 1769 1664 in
1790 1634 1889 1665 Verbo
1907 1634 2009 1674 Regio
2025 1660 2035 1675 ,
2060 1637 2129 1669 Nos
2144 1640 2260 1673 firmum

1216 1670 1326 1715 Ratum
1349 1680 1433 1709 atque
1461 1655 1588 1702 &ratum
1607 1673 1750 1704 habituros
1769 1675 1907 1712 quicquid
1924 1685 1973 1712 per
1994 1676 2089 1706 dietos
2107 1667 2284 1712 Commissa}

1216 1720 1272 1740 rios
1290 1710 1402 1740 nostros
1421 1712 1455 1742 &
1476 1710 1675 1742 Procuratores
1692 1712 1722 1742 in
1738 1712 1831 1743 forma
1845 1712 1978 1750 praedicta
1992 1714 2112 1746 Factum
2122 1741 2132 1755 .,
2147 1717 2285 1759 Gestum,

1217 1747 1422 1786 Procuratum,
1442 1749 1697 1788 Appunetuatum,
1716 1750 1858 1781 Statutum
1872 1775 1881 1791 ,
1900 1752 1944 1781 seu
1965 1751 2184 1786 Concordatum
2203 1757 2286 1789 fuerit

1215 1788 1245 1817 in
1264 1787 1414 1819 Praerniffis
1432 1798 1478 1820 aut
1497 1788 1593 1826 aliquo
1612 1787 1828 1821 Praemissorum
1843 1813 1852 1828 ,
1872 1791 1921 1821 sub
1941 1790 2056 1828 Ipoteca
2072 1794 2106 1824 &
2122 1793 2284 1835 Obligatio-

1215 1828 1401 1895 neIomnium
1417 1826 1566 1897 {morum
1584 1827 1748 1860 nostrorum
1767 1829 1949 1867 praesentium
1965 1831 1999 1861 ὃς
2016 1831 2188 1864 futurorum.

1270 1875 1288 1895 n
1304 1875 1400 1904 cujus,
1455 1877 1481 1897 c.

1253 1941 1344 1973 Teste
1357 1942 1443 1981 Rege
1457 1942 1530 1981 apud
1550 1943 1827 1984 Westmonasteriuni,
1846 1954 1902 1975 xxx
1916 1944 1961 1976 die
1972 1946 2106 1985 januarii.

1907 2024 1961 2052 Per
1974 2023 2057 2063 ipficm
2073 2026 2179 2063 Regem.

1299 2153 1357 2184 Pro
1376 2151 1506 2195 Illajore
1521 2151 1558 2188 ὠ·
1578 2146 1705 2182 Civibus
1725 2151 1871 2183 Civitatis
1886 2147 2024 2184 Eburum
2043 2149 2199 2185 Liberate.

1219 2235 1350 2294 REX
1377 2234 1607 2266 vicecomitibus
1630 2234 1761 2265 Civitatis
1777 2234 1929 2274 Eborum,
1948 2237 1998 2275 qui
2013 2245 2091 2268 nunc
2108 2236 2170 2267 sunt
2186 2237 2221 2269 δε
2234 2239 2284 2276 qui
2301 2233 2377 2264 Ann.
2389 2233 2430 2266 D.

1297 2284 1349 2312 pro
1368 2282 1500 2312 tempore
1517 2282 1615 2312 erunt,
1636 2273 1770 2304 Salutem.
2090 2297 2092 2299 >
2319 2273 2406 2311 1485.

1252 2313 1333 2344 Cum
1353 2311 1449 2350 Major
1467 2313 1500 2342 &
1518 2311 1605 2343 Cives
1623 2311 1754 2342 Civitatis
1770 2311 1874 2342 nostrae
1891 2312 2023 2344 Eboru'm
2041 2322 2154 2344 teneant
2171 2313 2284 2346 Civita-
2296 2316 2348 2340 An.
2368 2322 2397 2341 2·

1218 2360 1277 2383 tem
1295 2352 1370 2382 illam
1391 2352 1427 2381 de
1445 2351 1544 2381 Nobis
1561 2352 1596 2381 ad
1613 2350 1702 2381 Feodi
1721 2350 1850 2381 firmam
1864 2350 1994 2382 Centum
2013 2353 2047 2383 &
2066 2352 2212 2392 Sexaginta
2231 2353 2282 2383 Li-
2296 2355 2325 2379 R·
2353 2360 2380 2386 3·

1217 2392 1332 2422 brarum
1347 2390 1475 2430 ,Nobis
1494 2390 1654 2420 Annuatim
1669 2389 1704 2419 ad
1724 2388 1805 2419 Festa
1824 2389 1939 2421 Paschae
1957 2392 1991 2422 &
2009 2391 2106 2422 Sancti
2126 2391 2280 2423 Michaelis
2291 2389 2381 2427 Claus·
2403 2387 2433 2417 23

1219 2429 1389 2468 Archangeli
1405 2439 1455 2467 per
1474 2437 1574 2458 manus
1588 2428 1811 2459 Vicecomitum
1830 2428 1915 2459 dietae
1934 2427 2063 2460 Civitatis
2079 2440 2134 2468 pio
2152 2440 2282 2469 tempore
2295 2433 2323 2457 R.
2349 2437 2416 2465 3-1)Β

1216 2468 1398 2499 existentium
1417 2467 1505 2505 aequis
1523 2466 1708 2497 Portionibus
1725 2466 1893 2498 solvendum
1905 2491 1914 2505 ,
2321 2488 2329 2496 .

1258 2506 1309 2538 De
1324 2517 1380 2544 qua
1398 2506 1514 2544 quidem
1532 2505 1621 2536 Feodi
1640 2505 1720 2535 firma
1737 2505 1853 2536 diversae
1870 2506 1982 2544 Partes,
1999 2514 2050 2544 per
2068 2506 2192 2539 diversos
2212 2507 2287 2540 Pro-

1219 2551 1221 2554 ⁴
1238 2548 1359 2576 enitores
1372 2545 1501 2583 nostros,
1518 2543 1632 2575 diversis
1646 2544 1793 2582 Personis,
1811 2554 1875 2575 ante
1890 2544 2050 2577 Decimum
2065 2556 2178 2577 nonum
2195 2547 2288 2578 Diem

1243 2585 1364 2616 ebruarii
1383 2584 1486 2615 ultimo
1506 2584 1698 2621 praeteritum,
1720 2583 1805 2613 Datae
1820 2585 1855 2615 δε
1874 2583 2019 2615 conceffae
2038 2585 2172 2624 fuerunt,
2190 2588 2225 2619 ὃς
2239 2587 2288 2618 ad·-

1219 2623 1277 2655 huc
1295 2623 1410 2653 diversis
1428 2622 1555 2653 Personis
1571 2621 1676 2652 debitae
1695 2622 1832 2661 existunt,
2213 2639 2215 2642 ⁴

1256 2661 1381 2700 Nosque
1398 2684 1408 2699 ‚
1426 2661 1505 2691 dicto
1522 2659 1650 2691 Decimo
1669 2670 1750 2691 nono
1768 2659 1826 2692 Die
1846 2660 1990 2692 Februarii
2006 2685 2015 2699 ‚
2034 2660 2193 2693 Civitatem
2211 2673 2287 2703 prae-

1218 2700 1325 2732 didiam
1338 2723 1348 2739 ,
1374 2701 1410 2730 ad
1433 2709 1518 2738 quam
1535 2699 1681 2737 specialem
1700 2700 1735 2730 δε
1754 2708 1879 2730 teneram
1897 2699 2097 2731 Affefflonem
2114 2704 2236 2738 gerimus
2253 2704 2287 2734 δε

1219 2740 1373 2777 habemus,
1389 2740 1419 2769 in
1436 2747 1543 2769 tantam
1556 2738 1699 2775 Ruinam,
1718 2738 1917 2775 Paupertatem
1935 2740 1969 2771 &
1989 2738 2133 2770 Det-asum
2148 2741 2290 2772 multifor-⁸

1223 2780 1307 2811 miter
1327 2787 1460 2809 eventam
1483 2778 1515 2808 δὲ
1535 2777 1684 2816 collapsam
1699 2800 1709 2813 ,
1734 2777 1813 2815 quod
1833 2778 1930 2815 Major
1948 2777 1985 2812 εἰ»
2006 2782 2086 2807 Cives
2105 2782 2238 2808 Civitatis
2254 2779 2290 2809 il-

1219 2816 1271 2847 lius
1289 2817 1371 2847 Onus
1389 2816 1549 2854 hujusmodi
1566 2816 1654 2846 Feodi
1671 2815 1774 2845 Firmae
1790 2816 1910 2846 minim‘e
1926 2816 2018 2846 subire
2034 2817 2143 2847 valeant
2159 2818 2287 2848 confide-

1220 2861 1328 2894 ranteS,
1345 2856 1406 2886 tam
1423 2857 1452 2885 in
1471 2855 1651 2886 Relevzimen
1669 2853 1757 2884 dict-ae
1775 2853 1907 2885 Civitatis
1927 2856 2014 2892 quam
2034 2856 2062 2883 in
2078 2854 2191 2885 Partem
2206 2855 2289 2886 One-

1220 2897 1257 2925 ris
1273 2895 1471 2932 Reparationis
1490 2894 1646 2923 Murorum
1665 2894 1698 2923 δε
1716 2893 1834 2923 aliorum
1854 2892 1986 2922 Onerum
2006 2892 2130 2931 ejusdem
2147 2893 2289 2932 Civitatis,

1221 2934 1258 2964 de
1275 2933 1373 2963 Gratia
1389 2932 1484 2962 nostra
1501 2931 1628 2970 speciali,
1643 2940 1677 2961 ac
1697 2940 1731 2960 ex
1748 2940 1823 2961 certa
1839 2930 1961 2961 Scientia
1976 2931 2009 2962 &
2029 2941 2110 2961 mero
2129 2931 2218 2962 Moru
2234 2942 2289 2963 no—

1222 2971 1282 3002 stris
1299 2995 1318 3009 ,.
1336 2971 1508 3002 Dederimus
1531 2971 1566 3001 &
1587 2969 1819 3000 Concefferimus
1844 2969 1966 3007 praefatis
1992 2972 2098 3008 Majori
2117 2970 2156 3006 &
2176 2971 2286 3001 Civibus

1221 3011 1255 3041 &
1272 3010 1486 3041 Successoribus
1503 3009 1553 3039 suis
1571 3011 1721 3045 Sexaginta
1740 3007 1842 3037 Libras
1857 3030 1867 3046 ,
1890 3007 1990 3038 Nobis
2006 3009 2163 3039 Annuntim
2182 3009 2288 3040 debitas

1222 3051 1256 3080 &
1272 3051 1444 3087 pertinentes
1459 3048 1495 3078 de
1514 3047 1649 3085 praedieta
1667 3046 1753 3077 Feodi
1773 3046 1870 3076 Firma
1889 3049 2003 3076 Centum
2020 3045 2058 3082 ό·
2069 3050 2218 3084 Sexaginta
2233 3050 2288 3078 Li-

1221 3087 1331 3118 brarum
1345 3111 1354 3125 ,
1380 3085 1534 3117 Habendas
1561 3086 1595 3117 &
1613 3084 1811 3122 Percipiendas
1827 3085 1925 3124 eisilem
1944 3087 2050 3123 Majori
2068 3085 2106 3120 ὠ·
2124 3086 2234 3115 Civibus
2252 3088 2287 3118 δε

1223 3126 1436 3157 Succefloribus
1461 3124 1570 3155 easdem
1596 3127 1746 3160 Sexaginta
1763 3123 1865 3153 Libras
1891 3123 2045 3154 Annuatim
2060 3125 2094 3154 ad
2114 3123 2194 3154 Festa
2214 3134 2287 3162 prae*

1224 3165 1301 3196 dieta
1322 3165 1410 3202 aequis
1430 3163 1612 3193 Portionibus
1631 3172 1681 3200 per
1699 3161 1806 3192 Manus
1830 3162 2048 3193 Vicecomitum
2065 3162 2194 3193 Civitatis
2212 3173 2286 3201 prae-

1223 3203 1309 3233 diecae
1326 3214 1379 3242 pro
1397 3211 1528 3239 tempore
1545 3200 1734 3232 Existentium
1745 3223 1755 3239 ‚

1262 3240 1300 3272 Et
1320 3243 1404 3272 etiam
1425 3240 1657 3271 Concefferimus
1674 3239 1795 3277 praefatis
1814 3239 1921 3277 Majori
1938 3236 1975 3274 &
1995 3238 2110 3268 civibus
2123 3240 2155 3270 &c
2169 3238 2288 3270 Succes÷

1224 3280 1330 3310 foribus
1356 3281 1409 3310 suis
1433 3279 1514 3318 quod
1533 3279 1551 3298 *ἓ
1574 3277 1670 3316 Major
1691 3277 1824 3308 Civitatss
1847 3278 1916 3308 illius
1942 3287 1995 3315 pro
2022 3285 2150 3313 tempore
2168 3278 2288 3309 existens
2306 3289 2390 3323 *χῃ-

1225 3320 1436 3357 imperpetuum
1451 3317 1519 3348 effet
1537 3316 1670 3355 Capitalis
1684 3320 1810 3346 Serviens
1831 3316 1871 3345 ad
1889 3319 1982 3358 Arma
2002 3314 2107 3345 Nostri
2125 3316 2284 3348 Haeredum
2308 3343 2341 3370 25
2366 3356 2369 3357 ⁷
2394 3316 2401 3322 ²

1223 3358 1258 3388 δε
1282 3357 1485 3388 Succefforum
1511 3356 1675 3386 nostrorum
1694 3355 1813 3389 Regum
1832 3354 1943 3391 Anglii:
1959 3376 1969 3391 ,
1991 3363 2024 3383 ac
2051 3355 2150 3385 omnia
2169 3365 2234 3393 quae
2252 3355 2288 3386 ad
2344 3344 2369 3370 9'

1224 3395 1386 3434 hujusmodi
1414 3394 1558 3426 Officium
1584 3395 1724 3432 pertinent
1751 3395 1961 3432 imperpetuum
1990 3391 2093 3423 feceret
2115 3393 2150 3424 &
2175 3403 2289 3425 exerce-

1226 3444 1268 3466 ret

1265 3458 1303 3503 Et
1317 3472 1397 3512 quod
1415 3471 1510 3509 Major
1529 3469 1653 3509 ejusdem
1671 3470 1803 3500 Civitatis
1821 3478 1873 3509 pro
1889 3476 2021 3511 ¹ternpore
2040 3469 2157 3500 existens
2173 3469 2289 3502 haberet

1227 3512 1261 3543 &
1280 3512 1437 3550 perciperet
1464 3510 1618 3539 Annuatim
1631 3533 1640 3546 ‚
1664 3517 1717 3545 pro
1736 3508 1783 3537 illo
1804 3507 1916 3536 Officio
1934 3507 2064 3549 Capitalis
2082 3510 2234 3539 Servientis
2251 3510 2293 3539 ad

1228 3554 1322 3581 Arma
1339 3548 1516 3585 exercendo,
1538 3551 1635 3577 Decem
1655 3546 1693 3581 dr
1709 3547 1777 3575 Oisia
1797 3544 1899 3574 Libras
1914 3554 1952 3588 (5-
1967 3546 2098 3586 ¹Quinque
2110 3547 2211 3577 Solia'os
2227 3549 2286 3578 tarn

1226 3589 1262 3620 de
1282 3588 1410 3619 Residuo
1429 3586 1574 3624 praedit-“taz
1591 3585 1680 3615 Feodi
1699 3584 1819 3620 Firmi-ie,
1839 3581 1938 3613 Nobis
1958 3593 1988 3613 ut
2006 3585 2169 3621 praedicitur
2186 3586 2290 3616 debitae

1226 3627 1284 3658 five
1303 3627 1483 3664 pertinentis,
1502 3625 1588 3661 quam
1605 3623 1641 3652 de
1659 3623 1717 3652 aliis
1735 3621 1862 3651 Exitibus
1873 3643 1884 3659 ,
1901 3620 2038 3652 proficui,-
2050 3624 2084 3653 &
2100 3623 2289 3654 Reventioni-

1228 3667 1282 3696 bus
1299 3665 1390 3696 Corn.
1412 3663 1541 3693 Civitatis
1559 3661 1719 3698 praedictae,
1736 3670 1784 3697 per
1801 3658 1906 3690 Manus
1922 3659 2138 3693 Vicecomitum
2157 3661 2289 3693 Civitatis

1229 3704 1300 3734 illius
1320 3714 1372 3742 pro
1389 3711 1517 3738 ternpore
1534 3699 1712 3729 existentium
1722 3720 1732 3735 ,

1266 3742 1304 3772 Et
1323 3741 1404 3780 quod
1423 3742 1482 3770 tam
1494 3747 1594 3768 omnes
1608 3739 1778 3766 Vicecomites
1795 3735 1880 3766 dietae
1898 3734 2044 3775 Civitatis,
2063 3738 2111 3774 qui
2130 3747 2207 3768 nunc
2225 3738 2288 3771 sunt

1230 3782 1262 3812 ὅτ
1281 3782 1330 3819 qui
1346 3776 1535 3817 imposterum
1555 3776 1674 3813 fuerint,
1693 3775 1779 3813 quum
1800 3775 1927 3812 praedicti
1946 3775 2042 3813 Major
2059 3777 2093 3806 &
2109 3779 2206 3814 Cives,
2225 3778 2287 3809 tam

1230 3821 1267 3850 de
1286 3819 1422 3856 praediffis
1440 3819 1590 3853 Sexaginta
1609 3814 1702 3843 Libris
1721 3813 1878 3844 Annuntiin
1893 3836 1902 3851 ‚
1932 3816 2018 3852 quarn
2037 3813 2073 3844 de
2090 3814 2171 3844 dietis
2189 3817 2289 3846 Decem

1230 3857 1268 3893 &¹
1288 3859 1357 3887 oisto
1374 3855 1467 3886 Libra
1482 3853 1520 3887 ὠ·
1539 3852 1617 3893 Quin
1637 3863 1667 3881 ue
1684 3850 1794 3890 Solidis,
1813 3851 1984 3889 Annuatim,
2004 3861 2064 3891 erga
2081 3852 2150 3882 Nos
2165 3853 2198 3885 &
2215 3854 2289 3886 Hae-

1229 3896 1309 3927 redes
1327 3894 1437 3925 nostros
1457 3893 1554 3930 Qiieti
1572 3892 1605 3922 &
1640 3890 1777 3921 'xonerati
1791 3891 1944 3921 exstiterint
1958 3892 2187 3929 imperpetuum,
2206 3898 2291 3931 prout·

1231 3936 1261 3966 in
1276 3933 1378 3965 eisdem
1398 3932 1497 3962 Literis
1512 3928 1614 3959 nostris
1625 3929 1735 3966 plenius
1748 3930 1925 3965 continetur,

1272 3973 1364 4004 Vobis
1387 3969 1558 4000 Mandamus
1575 3967 1656 4005 quod
1671 3969 1774 3998 eisdem
1785 3967 1887 4004 Majori
1899 3967 2052 3998 &Civibus
2066 3970 2100 3999 ὃς
2114 3967 2292 4001 8ικ;<;ἐίῖ“οι’ῐ4

1232 4012 1286 4042 bus
1299 4011 1351 4041 suis
1365 4009 1409 4047 id,
1427 4007 1506 4046 quod
1522 4008 1561 4036 eis
1576 4017 1590 4036 a
1605 4016 1676 4036 retro
1688 4006 1744 4043 est,
1760 4007 1818 4036 tarn
1835 4006 1870 4035 de
1878 4006 2016 4042 praedic‘i‘i:
2030 4010 2179 4044 Sexaginta
2196 4010 2292 4040 Libris

1231 4053 1329 4080 annuis
1354 4049 1383 4077 in
1404 4046 1583 4077 Relevamen
1604 4044 1690 4075 dietae
1707 4043 1837 4074 Civitatis
1881 4045 1968 4082 quarn
1989 4044 2026 4074 de
2042 4045 2124 4076 dic-”tis
2139 4050 2233 4076 Decem
2249 4048 2288 4083 &-

1232 4089 1302 4119 Οέῖο
1323 4086 1417 4117 Libris
1440 4083 1479 4120 ὠ·
1501 4084 1629 4124 Qinque
1649 4082 1745 4114 solidis
1764 4092 1817 4121 pro
1837 4066 2020 4116 &xercitione
2043 4083 2146 4117 Officii
2159 4086 2293 4124 Capitalis

2234 4128 2299 4159 St’sa
