2555 4266
0 344 61 376 liin.
71 342 116 374 D.

0 391 95 457 12⁹3:

0 2603 28 2625 l*
43 2602 114 2633 XII.

0 2652 75 2680 '⁷¹5-

684 254 796 298 ET
882 254 1139 297 ACTA
1223 249 1698 297 PUBLICA.

168 341 276 381 ITEM,
293 340 483 372 Conventum
499 340 541 372 est
555 341 636 381 quod
658 342 749 373 nullus
767 342 908 373 Paccator
930 342 967 372 de
986 341 1115 372 Partibus
1131 339 1190 370 Ati-³

133 381 261 413 stralibus
274 380 383 419 Angliae
399 380 435 410 de
452 390 556 411 caetero
568 383 728 411 excercebit
744 380 887 411 Officium
910 379 1090 415 Paccaturae,
1109 386 1188 409 ante-

134 430 223 459 quam
238 419 273 450 ad
289 419 347 449 hoc
361 417 522 450 admittatur
540 421 573 450 &
587 421 725 450 abilitetur
740 429 840 449 coram
854 417 968 455 Majore
983 417 1188 448 &Constaba-

134 459 207 490 lai-iis
218 456 340 494 Stapulae
351 456 677 496 westmonasteriensis,
696 459 730 489 &
746 457 826 494 quod
839 458 896 493 ejus
912 455 1189 497 Scientiaapprobe-

135 506 181 528 tur
197 504 294 527 coram
307 495 472 533 quibusdam
488 495 700 527 Mercatoribus
713 496 834 525 diicretis
848 495 885 524 ὅσ
898 494 1099 524 Paccatoribus
1115 502 1188 529 Jura-

135 537 189 574 tis,
206 543 256 572 per
269 532 363 564 dictos
378 533 526 572 Majorem
543 535 576 566 &
591 533 823 564 Constabularios
837 531 911 568 juxta
923 529 1146 561 Consuetudines
1153 530 1188 558 ab

134 574 254 610 amiquo
277 572 387 602 usitatos
412 574 575 610 deputandis
598 573 631 604 ὃ(
651 571 837 609 assignandis:
866 568 1004 606 Idemque
1025 568 1162 611 Paccator
1181 589 1192 604 ‚

137 611 229 641 modo
243 610 276 641 &
290 610 386 641 forma
397 609 701 648 praediffis,Admiffus
715 607 953 646 &Approbatus,
971 616 1069 651 coram
1084 606 1189 636 eisdem

139 645 255 687 Majore
267 649 300 679 &
316 648 536 680 Consttbulariis
551 658 585 679 ac
596 648 669 685 aliis,
688 655 772 684 prout
793 646 898 683 Regiae
919 646 1062 678 Maiestam
1081 646 1192 684 placue-

135 688 189 724 rit,
207 687 555 726 praestabitJuramentum
569 685 727 723 Corporale
745 685 825 722 quod
845 685 948 723 absque
964 683 1085 722 Fraude,
1103 685 1192 720 dolo,

135 726 291 757 collusione
301 736 348 757 aut
361 726 530 762 deceptione
543 733 724 761 quacumque
739 724 820 753 faciet
843 723 1024 754 Paccaturam
1049 723 1192 753 Lanarum

137 763 330 795 indifferenier
346 765 380 796 &
396 763 582 799 sufficienter,
600 763 637 791 ita
655 762 734 799 quod
748 763 776 791 in
791 761 947 793 Velleribus
963 763 1105 793 Lanarum
1118 761 1194 790 Ter*

138 813 218 842 ram,
237 802 345 841 Petras,
365 802 496 837 Fimum,
513 800 673 836 Zabulum,
691 800 810 837 Arenas,
829 802 861 831 &
885 800 963 831 Pilos
983 801 1102 830 minime
1123 798 1195 829 Pac-

139 851 208 872 cent
221 850 266 872 aut
281 840 433 871 involvent
452 840 498 869 vel
512 838 627 868 Involvi
644 839 677 869 &
692 837 807 870 Paccari
824 838 1017 870 consentient:
1173 875 1180 881 '

175 879 289 910 Eodem
306 879 397 909 modo
411 877 586 907 Ordinatum
601 876 642 906 est
667 876 747 915 quod
773 878 863 907 nullus
879 877 1016 908 Paccator
1051 876 1088 907 de
1105 875 1196 906 Parti-

139 918 192 948 bus
208 918 360 949 Borialibus
377 915 504 954 Angliae,
522 915 557 945 de
569 917 847 958 caetetoheitcercebit
860 914 1002 946 Officium
1018 900 1197 953 Raccaturae,

139 965 291 994 antequam
304 954 338 984 ad
351 954 408 983 hoc
422 953 582 984 admittatur
596 954 629 984 &
640 954 779 984 abilitetur
791 964 890 984 coram
902 954 1016 987 Maiore
1029 956 1063 986 &
1072 952 1199 984 Consta-

139 995 253 1025 bulariis
273 992 395 1030 Stapulae
415 991 534 1022 Boston.
554 992 717 1030 ibidemque
737 992 831 1022 similis
848 992 958 1023 Modus
979 993 1012 1023 &
1027 993 1120 1022 forma
1136 991 1199 1029 Ap-

139 1031 282 1071 probandi
295 1030 449 1061 Scientiam
468 1032 501 1061 &
524 1029 675 1067 praestandi
693 1030 890 1068 Juramentum
911 1041 942 1062 ut
954 1032 1132 1069 piaemittitut
1144 1030 1200 1059 ob-

142 1071 341 1102 servabuntur:
362 1070 396 1101 &
409 1069 487 1107 quod
505 1069 569 1107 quis
584 1079 618 1099 ue
632 1068 787 1107 Paccator,
803 1070 840 1099 ita
855 1079 905 1108 per
920 1071 1018 1100 omnia
1039 1067 1200 1104 Admissus,

144 1109 327 1146 Approbatus
349 1108 382 1138 &
399 1107 533 1146 JuratuS,
559 1079 676 1151 sildeliter
695 1108 855 1151 nominabit
875 1107 1068 1147 quascumque
1082 1107 1202 1152 panas,

143 1157 195 1185 per
216 1156 283 1176 eum
304 1145 455 1183 paccatas,
470 1156 524 1183 pro
547 1146 645 1176 Patriis
666 1145 732 1183 suis,
747 1146 903 1176 secundum
927 1155 1056 1177 naturam
1080 1145 1201 1184 ipsarum

145 1185 290 1217 Lanarum
301 1208 310 1223 ‚
327 1186 361 1217 δε
374 1195 432 1214 non
448 1194 500 1222 pro
512 1184 562 1214 alia
577 1184 668 1215 Patria
684 1184 887 1222 quovistnodo:

183 1223 220 1254 Et
234 1224 313 1262 super
330 1224 485 1261 quamlibet
499 1222 666 1260 Serpleriam
681 1222 763 1253 Poke
773 1223 821 1253 vel
840 1222 963 1253 Pokette
981 1223 1121 1253 bonarum
1145 1221 1203 1252 La*

145 1271 245 1292 riarum
271 1262 307 1292 de
330 1262 415 1292 Latiis
436 1260 577 1291 Merchiae
600 1262 707 1299 magnis
728 1261 762 1291 &
783 1262 884 1300 apertis
907 1261 1009 1292 Litetis
1035 1262 1135 1292 scribet
1157 1268 1203 1291 aut

145 1301 228 1331 scribi
245 1300 345 1339 faciet,
364 1300 466 1330 Goon
486 1299 655 1337 Malacae,
1079 1338 1085 1343 ἢ

182 1338 221 1370 Et
240 1339 319 1376 super
339 1338 485 1375 Serplerias
503 1337 691 1368 Mediocrutn
712 1338 852 1369 Lanarum
874 1337 1016 1368 Marchiae
1035 1337 1136 1369 scribet
1158 1347 1205 1369 aut

146 1377 229 1409 scribi
242 1377 343 1416 faciet,
362 1377 503 1407 Minucii
521 1375 689 1407 MARcfflz:

182 1415 220 1446 Et
242 1416 320 1454 super
340 1425 439 1446 omnes
458 1415 608 1452 Setplerias
629 1414 772 1445 Bonarum
800 1414 943 1446 Lanarum
967 1414 1004 1445 de
1029 1414 1202 1447 Cottiswold

146 1454 250 1486 scribet
263 1464 311 1485 aut
326 1450 409 1485 scribi
422 1454 524 1490 faciet,
542 1453 664 1484 Goomi
683 1452 927 1484 Cor’rIswoLD:

185 1492 223 1522 Et
238 1493 313 1524 idern
325 1492 518 1523 observabitur
530 1492 566 1522 de
580 1492 716 1521 omnibus
732 1492 816 1522 Lanis
831 1501 1075 1530 quarumcumque
1101 1492 1205 1522 Patria-

149 1541 214 1599 rugi
234 1532 264 1561 in
282 1530 389 1599 K{inglia
407 1531 612 1568 crescentibus,
631 1531 665 1562 δε
686 1529 720 1561 ad
739 1530 882 1568 Stapulam
902 1529 1004 1561 Calefii
1025 1533 1056 1561 in
1076 1530 1203 1561 futurum

145 1579 187 1601 tra
209 1580 281 1600 uceri
301 1580 337 1599 is:
474 1601 477 1603 ,

193 1608 326 1639 Necnon
355 1606 433 1638 idem
458 1606 597 1639 Paccator
623 1607 703 1645 super
729 1617 832 1638 omnes
863 1607 895 1637 &
922 1606 1038 1646 singulas
1059 1607 1205 1647 Serplen'as

147 1646 296 1685 praediCtas
321 1645 351 1677 C
391 1655 497 1677 nomen
525 1647 607 1677 suum
630 1646 730 1677 scribet
754 1655 801 1676 aut
826 1645 908 1676 scribi
932 1646 1040 1684 faciet,
1065 1645 1106 1677 Ita
1125 1647 1205 1685 quod

148 1694 205 1715 nec
224 1655 510 1715 Nomenoffamam
539 1684 738 1721 praedic‘tarum
765 1694 818 1714 nec
843 1683 1026 1728 Cognomen·
1047 1684 1208 1716 Paccatoris

149 1723 209 1756 fine
227 1723 359 1761 Ruptura
378 1722 398 1753 S
448 1723 521 1753 leriae
541 1722 623 1754 Poke
640 1722 685 1752 vel
704 1721 826 1753 Pokette
843 1723 926 1753 facile
945 1723 1027 1754 evelli
1045 1723 1142 1761 posfit:

186 1760 226 1792 Et
241 1785 250 1798 ,
275 1762 295 1792 fi
320 1761 416 1799 aliquis
459 1769 574 1791 accator
593 1770 691 1791 contra
707 1760 834 1791 formam
853 1761 994 1798 praesentis
1013 1762 1207 1793 Ordinationis

149 1799 254 1837 aliquas
275 1799 367 1830 Lanas
391 1799 512 1830 Paccare
536 1799 738 1836 ptaesumpserit
752 1822 762 1837 ,
785 1800 822 1830 ab
846 1798 958 1829 Officio
982 1800 1122 1830 Paccandi
1149 1801 1207 1839 ipso

150 1838 228 1869 facto
252 1838 434 1876 deponatur,
460 1839 493 1869 &
518 1845 634 1877 propter
659 1838 818 1876 Perjurium
845 1837 926 1868 suum
951 1839 1025 1874 iuxta
1048 1839 1207 1870 Arbitrium

150 1875 253 1915 Regiae
271 1876 451 1908 Cellitudinis
469 1877 528 1906 tarn
547 1877 576 1906 in
595 1875 680 1906 Bonis
698 1878 788 1914 quam
805 1877 835 1906 in
854 1876 974 1906 Persona
993 1877 1142 1908 Puniatur:

187 1916 226 1946 Et
241 1939 252 1953 ,
268 1916 289 1946 fi
307 1915 448 1952 praedi&ae
470 1914 557 1944 Lanae
572 1937 582 1953 ,
600 1913 669 1945 dolo
683 1939 693 1952 ,
720 1915 817 1945 fraude
832 1938 842 1953 ,
866 1914 978 1945 scientia
996 1925 1042 1946 aut
1062 1915 1209 1947 Consensu

153 1953 325 1985 Mercatoris
343 1949 466 1992 Stapulae
477 1975 488 1991 ,
507 1952 572 1991 ipsas
590 1952 679 1983 Latias
697 1953 827 1983 Ementis
841 1975 851 1990 ,
875 1962 975 1984 contra
989 1954 1137 1985 Tenorem
1157 1956 1210 1985 hu·-

147 1993 194 2032 jus
212 1991 405 2022 Ordinationis
422 1992 518 2029 aliquo
536 1990 627 2022 modo
645 1991 774 2022 Paccatae
792 1992 895 2022 fuerint
909 2014 919 2029 ‚
944 1992 965 2022 fi
991 1993 1028 2023 de
1045 1993 1207 2031 hujusmodi

150 2031 236 2061 Dolo
252 2055 261 2068 ,
281 2030 404 2068 Fraude,
420 2030 543 2060 Scientia
561 2030 605 2061 vel
624 2029 770 2060 Consensu
786 2040 883 2061 coram
904 2030 1037 2061 Domino
1055 2032 1210 2062 Thesaura-

149 2070 196 2100 rio
216 2069 326 2108 Angliae
344 2070 392 2106 qui
411 2078 463 2107 pro
481 2077 609 2107 tempore
624 2069 705 2099 fuerit
724 2078 772 2107 pet
789 2079 874 2099 veros
886 2069 979 2099 bonos
995 2070 1028 2100 &
1047 2070 1210 2101 indifferen-

152 2116 193 2139 tes
213 2107 298 2138 Viros
316 2106 535 2138 Convincantur
553 2116 600 2137 aut
615 2107 710 2145 aliquis
728 2117 829 2137 eorum
850 2106 1048 2139 Convincatur
1063 2131 1073 2146 ‚
1090 2119 1141 2146 pro
1158 2110 1212 2140 hu-

149 2146 275 2186 jusmodi
294 2145 394 2183 Dolo,
414 2145 539 2184 Fraude,
557 2146 678 2176 Scientia
695 2146 742 2176 vel
760 2145 905 2176 Consensu
923 2155 974 2185 pro
993 2147 1120 2185 quolibet
1144 2148 1213 2179 Sac-

154 2190 194 2215 co
219 2185 360 2215 Lanarum
381 2193 411 2214 ut
429 2185 606 2222 praemittitur
631 2184 819 2215 fraudulenter
839 2183 963 2215 Paccato
976 2209 985 2222 ,
1014 2186 1116 2216 totiens
1140 2196 1214 2224 quo-

153 2225 224 2262 tiens
242 2223 279 2253 de
299 2223 380 2253 Dolo
398 2245 408 2260 ,
426 2223 533 2253 Fraude
549 2245 560 2261 ‚
579 2223 699 2254 Scieutia
717 2223 763 2253 vel
781 2222 926 2254 Consensu
943 2224 1084 2260 praediftis
1103 2224 1217 2255 Convi-

153 2262 217 2292 &us
234 2262 334 2299 fiserir,
355 2263 461 2297 Viginti
475 2261 578 2291 Libras
593 2260 782 2299 sterlingorum
806 2262 943 2299 Amittet;
962 2272 1082 2299 quarum
1108 2266 1215 2300 Viginti

157 2300 305 2330 Librarum
319 2299 481 2340 Qindecim
495 2299 590 2329 Librae
605 2300 783 2330 debebuntur
797 2303 913 2330 Domino
934 2304 1014 2338 Regi,
1034 2303 1067 2333 &
1087 2302 1216 2342 ⁶Quinque

155 2336 250 2369 Librae
264 2339 417 2369 Solventur
438 2337 487 2368 Illi
508 2342 554 2378 qui
574 2337 723 2378 hujusmodi
757 2337 831 2377 alfar
850 2341 1015 2368 Paccaturas
1046 2342 1213 2378 Detexerit‚·

155 2378 285 2416 ptaesenti
298 2376 488 2407 Ordinatione
499 2376 562 2414 post
578 2375 707 2407 Primum
764 2378 822 2407 iem
841 2376 918 2415 Junii
940 2379 1076 2415 proximo
1087 2378 1216 2410 futurum

189 2416 223 2484 gt
240 2416 345 2446 Datam
359 2415 497 2454 praesentis
509 2414 664 2446 Tradimus
676 2417 710 2448 δε
723 2425 783 2446 non
800 2425 878 2447 antea
893 2416 973 2446 suum
988 2415 1092 2446 Robur
1115 2417 1149 2448 &
1167 2417 1218 2447 Ef-

172 2464 187 2484 e
221 2465 269 2484 urn
284 2453 421 2485 habitura.

193 2492 284 2523 ITEM
315 2492 396 2531 quod
421 2492 441 2522 si
465 2491 574 2522 Subditi
591 2495 702 2522 Domini
723 2491 886 2523 Archiducis
904 2492 994 2524 Lanas
1006 2494 1036 2523 in
1051 2493 1163 2524 Calesio
1177 2494 1219 2525 E-

159 2516 336 2601 ἓίηῖῗὲὲίῗῖἓξ
351 2530 510 2600 iffi?
519 2529 741 2600 25⁰5?ss
755 2530 1164 2601 ἓέἓῖῗ-ἓᾞξὲοᾶὲὶΡωἾΨὸ
1184 2534 1217 2581 ³3

268 2579 322 2601 iate
364 2580 380 2600 e
401 2580 419 2600 u
621 2580 636 2600 a
657 2580 683 2599 as
833 2581 849 2598 ii
949 2581 965 2600 u
1050 2582 1071 2601 n
1145 2581 1220 2603 entia

157 2608 322 2640 Venditoris
343 2614 358 2626 ¹
377 2580 572 2645 {dadesadtag
590 2607 717 2638 Putridas
729 2631 739 2644 ,
760 2607 912 2639 Vermibus
932 2580 1221 2648 corrosas,egClgrrup-

160 2655 217 2686 tas,
233 2657 280 2678 aut
304 2648 381 2678 aliter
399 2647 513 2678 vitiatas
533 2647 563 2675 in
586 2645 698 2676 Calefio
721 2646 840 2676 minime
855 2647 1050 2686 probaverint,
1069 2648 1088 2678 fi
1102 2650 1131 2678 in
1145 2649 1219 2679 Ter-

160 2687 244 2716 mino
265 2686 422 2716 Solutionis
445 2683 510 2721 post
532 2684 639 2722 lapsum
662 2684 807 2714 diotorum
831 2685 936 2715 Trium
965 2684 1111 2717 Metilium
1133 2686 1220 2718 dictas

160 2724 252 2755 Latias
263 2734 294 2755 ut
310 2723 490 2762 praemittitur
511 2722 628 2753 Vitiosas
643 2723 700 2754 esse
721 2722 919 2761 allegaverint,
937 2724 1092 2755 nullatcnus
1106 2725 1220 2755 audien-

159 2771 225 2801 tur;
244 2763 298 2801 set,
315 2761 476 2799 hujusmodi
493 2760 672 2799 Exceptione
689 2763 716 2791 in
733 2762 811 2792 nullo
823 2761 973 2799 obstante,
989 2762 1023 2792 ad
1039 2763 1220 2794 Solutionem

160 2802 295 2832 Summae
310 2802 404 2841 petitae
419 2800 452 2831 &
467 2799 619 2838 inScripto
634 2799 816 2839 Obligatorio
830 2809 973 2831 contentae
990 2801 1096 2832 realiter
1111 2803 1220 2833 &cum

162 2839 270 2870 effecibi
295 2839 502 2877 compellantur
525 2839 558 2869 ὅ(
578 2839 696 2876 quilibet
714 2848 818 2868 eorum
841 2839 1027 2877 compellatur
1041 2863 1051 2878 ‚
1077 2840 1128 2870 nifi
1149 2843 1221 2872 inter

162 2877 257 2909 Partes
271 2877 478 2907 Contrahentes
491 2876 567 2906 aliter
587 2885 768 2907 conventum
784 2877 831 2906 fit:

200 2916 257 2954 Et,
275 2915 296 2945 fi
312 2915 382 2945 infra
395 2924 505 2951 tempus
518 2914 665 2944 dictorum
679 2915 786 2944 Trium
801 2913 1060 2952 Mensium‚Lanae
1075 2925 1125 2955 per
1132 2916 1223 2954 Emp-

162 2961 223 2986 tors
238 2954 405 2984 reducantur
423 2951 535 2982 Calesio
549 2961 685 2990 tanquam
700 2951 838 2989 Viciosae,
856 2952 1004 2992 Stapularii
1016 2964 1064 2984 aut
1081 2954 1224 2985 Officiarii

161 2993 287 3031 Stapulae
301 2992 337 3022 ad
350 2992 409 3022 hoc
423 2990 546 3028 deputati
563 3000 607 3020 eas
626 2990 792 3028 visitabunt,
802 2992 835 3021 &
852 2990 927 3020 Parti
943 2992 1039 3022 debite
1059 2991 1175 3023 Instanti
1190 2995 1223 3024 δε

180 3032 303 3062 ustitiam
327 3030 378 3060 fibi
401 3029 460 3059 fieri
483 3028 639 3059 Postulanti
659 3028 729 3058 infra
753 3027 861 3066 Viginti
887 3029 956 3058 Dim
974 3030 1038 3066 post
1063 3031 1223 3062 huiusmodi

197 3070 394 3108 equifitionem
413 3066 631 3104 ministrabunt,
645 3067 697 3096 riisi
713 3066 803 3096 Lanae
818 3067 869 3097 lint
884 3066 1076 3106 Madesaistae,
1093 3070 1140 3100 vel
1148 3079 1222 3100 tem-

164 3116 235 3147 pora
246 3108 350 3138 fuerint
364 3107 525 3143 Feriarum,
540 3106 586 3137 vel
601 3106 653 3136 alia
664 3105 735 3142 justa
752 3105 840 3135 Causa
857 3105 1007 3137 Dilationis
1022 3110 1156 3138 extiterit:

199 3146 254 3184 Et,
273 3146 292 3176 fi
307 3146 377 3176 infra
389 3145 484 3183 distos
502 3143 615 3181 Viginti
632 3143 702 3174 Dies
716 3143 856 3174 Officiarii
878 3144 1018 3182 Stapulae‚
1033 3145 1178 3183 justitiam
1191 3156 1222 3178 ut

186 3185 345 3215 raemittitur
367 3183 414 3214 sua
439 3182 609 3221 negligentia
632 3181 787 3212 ministrare
812 3182 968 3213 distulerint
982 3206 991 3221 ‚
1015 3185 1049 3215 &
1073 3184 1221 3215 Mercator

163 3195 289 3261 §tripulae'
304 3223 353 3259 qui
364 3221 523 3259 hujusmodi
543 3221 630 3252 Lanas
643 3220 799 3251 vendiderit
814 3222 925 3251 interim
941 3231 1008 3251 cum
1016 3222 1100 3252 Parte
1108 3223 1223 3261 Dampa

162 3262 276 3293 nificata
288 3270 348 3290 non
362 3260 571 3297 composuerit,
591 3269 659 3290 tunc
675 3259 824 3289 TraCtatus
841 3261 893 3289 erit
908 3259 1070 3298 dissolutus,
1088 3263 1121 3292 ὃ(
1138 3272 1223 3291 com-

200 3301 282 3331 lletur
304 3298 446 3329 Venditor
467 3298 524 3328 suas
544 3298 635 3328 Latias
655 3299 780 3335 recipere
801 3298 834 3327 &
856 3297 991 3328 Precium
1016 3299 1060 3328 vel
1075 3299 1219 3336 Scriptum

196 3339 379 3377 bligatorium
394 3335 680 3374 Emptorirestituere
702 3337 757 3367 una
779 3345 848 3366 cum
869 3338 1002 3367 omnibus
1024 3337 1166 3375 Dampnis
1189 3340 1222 3369 δε

163 3377 310 3408 interesse:
385 3408 388 3410 ,
914 3407 917 3410 ,
1051 3408 1053 3410 .

201 3414 294 3454 Quod
307 3414 328 3444 fi
342 3412 414 3444 infra
427 3409 519 3443 diffisos
535 3413 647 3450 Viginti
670 3412 740 3443 Dies
756 3420 854 3443 contra
871 3411 1005 3443 Subditos
1026 3415 1137 3443 Domini
1158 3419 1223 3444 Ar-

162 3453 293 3491 chiduci5‚
314 3452 360 3482 All
379 3461 472 3482 “antes
494 3452 512 3481 h
525 3451 654 3488 :jusmodi
676 3451 764 3481 Latias
782 3450 971 3487 hriadei'aetas,
992 3451 1134 3490 Putridas,
1152 3453 1223 3484 Ver-

163 3493 260 3523 rnibus
282 3501 426 3528 cortoas,
447 3489 602 3527 Corruptas
615 3514 626 3528 ,
650 3499 698 3520 aut
723 3490 800 3520 aliter
824 3498 854 3519 ut
877 3491 1052 3527 praemittitur
1082 3490 1197 3522 Vitiatas
1210 3516 1220 3531 ,

163 3530 325 3561 Decretum
341 3529 398 3559 five
411 3529 554 3559 Sententia
567 3538 616 3565 per
629 3528 793 3559 Officiarios
809 3527 930 3564 Stapulae
946 3529 1048 3558 seratur
1058 3553 1066 3565 ,
1076 3539 1222 3567 nunquam

164 3570 245 3607 super
261 3567 306 3597 illa
321 3564 447 3606 Qetela
459 3567 504 3598 seu
519 3567 696 3604 Allegatione
708 3576 808 3597 contra
822 3565 1019 3597 Mercatorem
1031 3566 1221 3599 Venditorem

165 3615 266 3639 coram
279 3614 456 3643 quocunque
471 3605 526 3635 alio
538 3605 656 3644 Judice,
675 3606 761 3644 quam
776 3615 873 3635 coram
886 3605 1070 3636 illustrissimo
1085 3606 1221 3637 Domino

166 3649 236 3683 Rege
256 3642 370 3681 Angliae
392 3651 440 3673 aut
460 3643 518 3681 ejus
540 3645 569 3672 in
588 3643 642 3674 hac
665 3643 749 3675 Parte
768 3642 932 3680 Deputatis,
952 3643 1048 3680 postea
1058 3645 1221 3681 judicialiter

165 3686 214 3716 vel
234 3681 471 3720 extrajudicialiter
489 3680 525 3711 ad
542 3681 699 3717 Agendum
718 3680 765 3713 vel
789 3681 1002 3718 Qerelandum
1023 3682 1222 3722 admittentur,

166 3724 212 3755 vel
227 3722 322 3758 aliquis
337 3729 438 3750 eorum
450 3718 620 3748 admittetur.

201 3761 291 3792 ITEM
302 3782 312 3796 ‚
331 3757 408 3796 quod
421 3757 458 3786 de
471 3765 577 3787 caetero
590 3755 801 3788 Mercatoribus
818 3756 940 3794 Stapulae
952 3767 1110 3796 eorumque
1117 3759 1220 3791 Facio-

163 3799 242 3830 1ibus
257 3800 290 3830 &
305 3796 501 3836 Negotiorum
515 3793 683 3825 Gestoribus
697 3805 730 3825 ac
740 3796 797 3825 aliis
813 3794 936 3825 Subditis
949 3798 1060 3826 Domini
1071 3800 1150 3835 Regis
1171 3808 1219 3837 per

165 3837 303 3868 subditos
324 3837 435 3865 Domini
454 3831 616 3863 Archiduci's
635 3832 704 3863 fiant
725 3834 811 3863 bonae
836 3834 869 3864 &
891 3833 1024 3870 perfec'he
1042 3834 1217 3874 Solutiones,

163 3875 298 3905 videlicet
312 3896 322 3911 ‚
339 3875 367 3903 iri
385 3873 470 3902 bonis
490 3871 619 3901 Peciniis
641 3871 673 3901 &
694 3871 728 3900 ad
753 3870 889 3900 valorem
913 3870 1118 3911 Sterlingorum
1137 3875 1218 3912 juxca

164 3912 272 3944 Raram
284 3911 407 3943 Tabulae
418 3912 477 3949 jam
493 3909 575 3940 fac‘tae
595 3910 629 3940 &
650 3911 685 3938 ad
708 3908 826 3942 praeseris
842 3910 871 3938 in
891 3908 964 3939 Aula
981 3909 1102 3948 Stapulae
1117 3913 1218 3949 praedi-

166 3952 223 3982 &ae
241 3951 398 3988 existentis,
417 3949 466 3979 nisi
487 3949 558 3977 inter
578 3947 674 3976 Partes
694 3945 902 3976 Contrahentes
921 3947 999 3977 aliter
1023 3950 1054 3979 lit
1077 3948 1217 3980 Conven-

164 3998 246 4057 Ἢ
261 3998 297 4056 Ξὲ
308 3986 601 4056 ῗιζῖῑὲἒὸῗὲὲἳὲἳῗ
616 3984 1218 4057 &333352225352‘3'321130ffi”aiiii

165 4039 189 4058 Π
231 4037 243 4056 S
337 4037 355 4055 u
1206 4045 1218 4049 -

163 4073 275 4097 reatum
295 4063 384 4102 quam
404 4035 626 4101 Argffzntearum,
645 4063 671 4090 iri
696 4061 793 4090 Terris
814 4062 847 4090 ἃ
864 4060 1010 4104 Dominiis
1030 4049 1141 4093 D'omini
1154 4068 1218 4094 Ar-

163 4104 275 4134 chiducir
288 4102 404 4132 cursum
415 4101 581 4131 habentium
595 4099 642 4129 vel
654 4100 842 4128 habiturarum
850 4120 860 4136 ,
877 4109 892 4128 a
907 4098 958 4128 suis
970 4099 1155 4131 Debitoribus
1163 4105 1219 4132 im-

164 4144 242 4181 pune
256 4140 465 4208 ReciprereiV&
484 4139 583 4171 licebit
599 4137 694 4178 eisdem
713 4136 883 4168 Debitoribus
903 4136 979 4169 dista
998 4137 1114 4172 Genera
1127 4139 1219 4173 Pecu-

200 4182 274 4211 Dm.
292 4181 323 4210 V.
369 4199 376 4208 ·
436 4199 444 4206 ·

2212 268 2289 310 137

1228 335 1341 365 niarum
1352 335 1432 366 dictis
1448 338 1659 370 Mercatoribus
1673 341 1783 378 Angliae
1802 348 1850 372 aut
1870 344 1968 372 e‘orum
1987 333 2152 373 factoribus
2172 340 2373 378 impun'eAnn.
2391 339 2435 370 Di

1230 372 1364 415 Solvere,
1384 384 1496 406 necnon
1513 378 1611 409 licebit
1625 379 1707 409 dietis
1723 379 1931 410 Mercatoribus
1948 380 2069 419 Stapulae
2080 390 2127 410 aut
2142 378 2198 408 aliis
2211 380 2285 409 Sub-
2330 387 2415 416 1499.

1229 410 1293 440 dltls
1306 413 1416 440 Domini
1432 416 1507 451 Regis
1521 416 1677 454 hujuimodi
1693 417 1808 447 Genera
1823 417 2027 457 pecuniarum,
2045 428 2077 448 ac
2092 419 2176 448 etiam
2198 416 2283 447 Vaso-
2300 421 2364 445 Heu.
2383 426 2411 452 7.

1230 457 1294 477 rum
1319 448 1478 480 Aureorum
1499 454 1543 482 vel
1564 455 1772 492 Argenteorum
1798 457 1831 487 &
1849 455 1992 494 Jocalium
2013 465 2286 494 quorumcumque,-

1231 496 1280 523 per
1297 485 1401 516 Manus
1415 488 1538 532 Artificis
1554 492 1588 520 ad
1605 494 1725 531 aliqiam
1741 502 1847 524 certam
1869 495 1902 524 &
1923 495 2077 531 perfeeiam
2100 495 2224 525 formam
2240 503 2285 523 re-

1232 523 1400 567 datSiorum,
1418 534 1475 555 tam
1499 536 1547 569 per
1566 529 1689 560 Terram
1713 533 1800 569 quam
1827 541 1876 569 per
1901 531 1984 562 Mare
2006 535 2038 564 &
2059 532 2153 570 Aquas
2173 532 2286 568 dulces,

1233 566 1304 605 intra
1318 563 1350 592 ἃ
1365 571 1442 593 eima
1456 562 1558 593 Patrias
1574 566 1605 595 &
1621 567 1757 599 Dominia
1770 570 1836 599 dicti
1851 573 1961 600 Domini
1974 571 2135 600 Aah-ducis
2144 593 2152 607 ,
2172 571 2229 601 iine
2236 569 2285 600 Iti·

1234 609 1405 638 quietatione
1423 611 1471 632 aut
1498 601 1696 635 Molestatione
1717 608 1830 645 alicujus
1846 608 2035 638 Subditorum
2057 618 2104 639 ait
2119 608 2287 639 officiario-

1234 648 1299 681 rum·
1311 649 1561 677 quorumcumque
1575 641 1607 671 &
1628 642 1683 672 line
1696 654 1770 674 metu
1783 645 1999 677 Confiscationii
2021 648 2218 686 praediestarum
2234 646 2290 677 Pe-

1234 687 1383 720 cuniatum
1404 678 1437 708 ὅ(
1460 677 1570 709 Rerum
1591 679 1686 709 secum
1709 682 1743 710 ad
1757 681 1896 712 Calesium
1911 685 1945 714 ad
1960 684 2097 721 Regnum
2115 686 2224 725 Angliae
2243 692 2291 715 aut

1235 716 1269 745 ad
1284 721 1335 745 alia
1350 715 1431 759 Loca
1444 726 1636 755 quaecumque
1649 717 1804 755 Exportare
1815 722 1846 750 ὃ(
1861 722 2026 753 Traducere
2039 725 2083 752 vel
2098 723 2246 761 Expertari
2256 724 2291 754 δε

1236 754 1362 784 Traduci
1376 755 1485 793 facere,
1502 765 1563 785 non
1583 755 1712 786 obstante
1733 766 1912 794 quacumque
1932 760 2126 792 prohibitione
2143 764 2196 799 jam
2219 762 2291 792 fasta

1235 801 1284 822 aut
1296 793 1484 831 imposterum
1498 793 1642 831 facienda,
1659 794 1735 826 salvo
1749 795 1834 825 etiam
1854 795 1959 832 semper
1973 801 2105 829 omnibus
2128 804 2160 831 ot
2179 800 2292 836 lingulis

1236 830 1359 861 Subditis
1374 833 1487 861 Domini
1496 834 1574 869 Regis
1586 832 1728 863 Beneficio
1745 833 1861 864 Articuli
1877 835 1906 862 in
1922 834 1973 863 hac
1987 846 2062 871 parte
2082 838 2147 868 editi
2170 840 2198 867 in
2226 840 2246 868 Γ
2249 849 2292 868 ra-

1239 869 1315 899 &atu
1324 892 1333 906 ‚
1348 873 1420 898 inter
1433 872 1580 900 Dominum
1594 871 1626 900 de
1640 874 1726 901 Burei·
1739 873 1773 903 &
1786 872 1854 901 alios
1871 870 2088 903 commissarios
2100 877 2166 905 aiot.
2187 879 2295 906 Domini

1238 906 1402 937 Archidocis
1420 908 1454 938 &
1472 907 1691 940 Commiffirios
1713 909 1892 940 Illustriffimi
1917 910 2042 940 Domini
2060 915 2134 949 &gis
2161 914 2273 951 Angliae
2285 937 2296 952 ,

1239 945 1420 976 concordato
1435 948 1468 978 ὃ(
1482 948 1637 986 concluso,
1654 948 1689 979 de
1706 947 1780 978 Data
1794 948 1868 986 apud
1881 949 2016 987 London,
2033 949 2174 981 Viceiimo
2195 962 2297 989 quarto

1241 983 1302 1013 Die
1316 983 1456 1014 Februarii
1472 985 1560 1016 Anno
1580 985 1704 1016 Domini
1724 986 1899 1025 Milleiimo,
1915 988 2204 1026 Quadringenteiimo
2227 991 2299 1020 No-

1241 1021 1386 1058 nagesimo
1400 1023 1512 1060 quinto.

1278 1059 1369 1090 ITEM
1381 1083 1390 1097 ,
1407 1061 1486 1099 quod
1507 1064 1639 1091 Dominus
1659 1062 1806 1093 Archidux
1821 1073 1856 1094 ex
1876 1073 1953 1094 nunc
1975 1064 2052 1095 illim
2067 1064 2184 1095 Floreni
2199 1065 2231 1096 δε
2249 1075 2299 1096 cu-

1237 1097 1350 1136 jussibet
1362 1099 1449 1129 Partis
1465 1100 1602 1138 ejusdem,
1619 1101 1652 1131 &
1667 1111 1883 1140 quamcumque
1907 1103 1991 1133 aliam
2015 1103 2232 1141 ImpOiitioneni
2256 1105 2299 1134 su-

1242 1146 1292 1174 per
1313 1137 1509 1176 quoscumque
1525 1138 1638 1169 Pannos
1655 1140 1824 1178 Anglicanos
1841 1141 1960 1179 faciam,
1980 1142 2156 1180 Amovebit,
2172 1141 2300 1172 Caffabit

1243 1176 1277 1205 ὅ(
1291 1177 1401 1212 penitus
1414 1176 1586 1216 Extinguat,
1602 1178 1635 1208 &
1650 1188 1704 1208 nec
1719 1179 1884 1215 praedic'tam
1901 1179 2134 1218 Imperitionem,
2147 1190 2203 1211 nec
2219 1181 2301 1210 aliam

1244 1223 1454 1253 quamcumque
1469 1216 1549 1253 super
1564 1215 1706 1246 Pannisin
1725 1216 1831 1255 Regno
1850 1218 1958 1257 Angliae
1979 1219 2118 1249 confecstis
2142 1228 2189 1249 aut
2206 1220 2300 1256 aliquo

1243 1262 1361 1289 eorum,
1378 1263 1424 1283 aut
1450 1253 1529 1291 super
1552 1253 1729 1285 Mercatores
1752 1256 1926 1295 Anglicanos
1952 1256 2119 1288 Venditores
2132 1260 2302 1287 eorumdem

1243 1289 1427 1328 Pannorum,
1446 1291 1594 1335 nec-super
1609 1292 1760 1330 Emptores
1775 1293 1938 1325 Pannorum
1965 1296 2190 1332 Anglicanorum
2212 1295 2304 1333 cujus—

1244 1338 1369 1366 cumque
1385 1329 1420 1359 N
1423 1331 1521 1360 ationis
1536 1331 1621 1361 iidem
1641 1330 1793 1368 Emptores
1811 1343 1892 1364 erunt
1910 1334 2098 1371 imposterum
2113 1337 2241 1372 imponet
2256 1342 2302 1364 aut

1245 1368 1357 1404 imponi
1373 1369 1534 1405 permittet,
1552 1370 1584 1399 ὃ(
1601 1368 1671 1399 Nos
1682 1370 1876 1402 Commiffiirii
1899 1373 2008 1409 praefati
2031 1376 2142 1402 Domini
2162 1372 2303 1402 Archida-

1244 1410 1279 1435 cis
1295 1406 1392 1444 illam,
1409 1408 1443 1436 &
1461 1417 1671 1445 quamcumque
1687 1409 1767 1438 aliam
1783 1408 1998 1447 Inipozitionem
2015 1411 2052 1441 iic
2075 1422 2105 1442 ut
2126 1421 2306 1449 praemitiitur

1243 1444 1347 1474 faciam
1363 1443 1420 1474 sive
1434 1445 1593 1488 faciendam
1604 1468 1614 1483 ,
1631 1446 1748 1478 Tenore
1771 1447 1952 1480 Praesentium
1962 1474 1972 1487 ‚
1989 1450 2185 1487 Amovemus,
2205 1449 2304 1481 Cassa-

1247 1492 1310 1512 mus
1335 1483 1368 1514 &
1390 1484 1501 1520 penitus
1525 1484 1744 1523 Extinguimus‚
1773 1487 1809 1516 iia
1834 1489 1914 1526 quod
1944 1489 2069 1526 praedicti
2101 1489 2303 1527 Mercatores,

1245 1519 1396 1558 Emptores
1410 1544 1421 1560 ,
1447 1523 1480 1552 δε
1501 1521 1666 1553 Venditores
1689 1524 1833 1555 dictorum
1856 1526 2018 1558 Pannorum
2044 1536 2090 1558 aut
2116 1529 2230 1566 alicujus
2253 1539 2304 1558 eo-

1245 1560 1375 1590 rumdem
1399 1570 1415 1590 a
1444 1559 1594 1604 Solutioiie
1617 1562 1685 1592 dic'ti
1704 1562 1817 1593 Floreni
1835 1564 1868 1594 &
1887 1565 2032 1602 cujussibet
2047 1565 2136 1597 Partis
2154 1567 2278 1605 ejusdem
2292 1590 2303 1604 ‚

1247 1598 1280 1627 &
1299 1608 1313 1627 a
1329 1607 1511 1641 quacumque
1526 1599 1578 1629 aha
1596 1599 1779 1637 [inpositione
1799 1613 1828 1632 ut
1847 1605 2024 1639 praemittitur
2042 1604 2119 1635 faeta
2143 1605 2188 1636 seu
2207 1607 2302 1645 impo-

1248 1635 1355 1667 sterum
1374 1637 1392 1655 ³¹
1411 1637 1556 1675 facienda,
1573 1640 1696 1668 omnino
1716 1638 1812 1669 Liberi
1829 1642 1862 1671 δε
1883 1642 1981 1680 Quieti
1999 1653 2089 1673 eiuiit.

1247 1723 1297 1744 nes
1315 1715 1348 1744 &
1367 1713 1623 1752 Proclamationes,
1641 1724 1705 1746 ante
1723 1717 1786 1747 haec
1804 1725 1931 1754 tempora
1946 1742 1956 1757 ,
1975 1729 2155 1759 quacumque
2170 1720 2308 1751 Auctori-

1248 1761 1302 1783 tate
1319 1753 1419 1796 acsub
1437 1763 1619 1792 quacumque
1637 1754 1794 1785 verborum
1811 1756 1896 1795 serie,
1913 1757 1984 1788 sarsta
1997 1781 2007 1796 ,
2032 1757 2132 1789 statuta
2150 1769 2197 1789 aut
2214 1760 2311 1796 provi-

1249 1792 1290 1829 sa,
1306 1791 1432 1822 ordinata
1449 1793 1483 1822 &
1503 1794 1678 1830 proclamata
1695 1794 1776 1831 quod
1796 1794 1886 1825 Panni
1903 1796 2054 1835 Anglicani
2078 1798 2151 1836 apud
2175 1797 2308 1835 Opidum

1250 1829 1511 1867 Andewerpeniem
1529 1831 1563 1861 &
1582 1831 1746 1870 Bergensem
1762 1832 1911 1869 duntaxat,
1929 1835 1963 1865 ὃ(
1982 1845 2042 1865 non
2061 1837 2135 1873 apud
2153 1836 2204 1866 alia
2225 1836 2307 1867 Lom

1249 1868 1406 1899 Teirarum
1421 1870 1455 1901 &
1474 1870 1683 1900 Dominiorum
1701 1873 1813 1901 Domini
1833 1872 1995 1903 Archiducis
2007 1897 2017 1912 ,
2045 1873 2124 1905 Duci
2136 1897 2146 1912 ,
2175 1873 2247 1904 Pom*
2272 1875 2307 1906 ὅτ.

1251 1906 1406 1945 Stapulari,
1423 1908 1575 1946 deberent,
1594 1909 1628 1939 &
1649 1910 1754 1939 ibidem
1770 1921 1852 1941 novo
1869 1913 1992 1949 quodam
2011 1913 2109 1951 sigilio
2125 1914 2221 1952 lignari
2235 1935 2246 1951 ‚
2261 1914 2308 1944 fu-

1249 1948 1319 1975 turis
1336 1946 1512 1982 temporibus
1530 1956 1581 1985 pro
1599 1947 1706 1985 Cissis,
1724 1948 1821 1979 Nullis
1839 1952 1871 1981 ὃ(
1892 1949 1976 1980 Irritis
1996 1951 2164 1990 habeantur,
2187 1952 2220 1982 &
2239 1951 2311 1982 Nos

1253 1982 1449 2027 Commiffirii
1467 1987 1578 2015 Domini
1596 1987 1760 2016 Archiam-is
1778 1990 1878 2018 omnia
1889 1990 1922 2020 ὃς
1941 1990 2044 2028 lingula
2062 1991 2196 2029 praediffl
2214 1990 2310 2021 Statu·

1252 2031 1279 2066 ta
1293 2045 1304 2062 ,
1321 2022 1500 2054 Provilionffi
1513 2047 1522 2062 ,
1542 2023 1746 2056 Ordinationes
1762 2036 1795 2056 ac
1815 2026 2056 2058 proclamationes
2069 2052 2078 2066 ,
2093 2039 2126 2059 ac
2144 2031 2242 2059 omnia
2258 2029 2311 2059 alia

1252 2070 1281 2090 in
1300 2071 1332 2092 ea
1351 2071 1426 2100 parte
1443 2072 1542 2092 contra
1558 2061 1698 2094 effeiftum
1715 2065 1851 2102 praesentis
1865 2066 1982 2096 Articuli
1997 2067 2190 2106 Attemptata,
2206 2068 2310 2097 Teno-

1254 2109 1284 2129 re
1302 2098 1499 2139 Praesentium,
1515 2100 1662 2132 Cass‘amus
1673 2125 1682 2140 ‚
1696 2101 1838 2133 irritamus
1850 2103 1883 2134 ὃ(
1898 2104 2113 2143 Ertinguimus,
2130 2108 2167 2136 ita
2182 2106 2262 2144 quod
2276 2105 2314 2136 de

1255 2148 1361 2169 caetero
1380 2139 1476 2169 licebit
1494 2141 1628 2171 omnibus
1652 2142 1686 2172 δε
1714 2142 1828 2179 singulis
1854 2141 2063 2174 Mercatoribus
2081 2145 2191 2184 Angl'ue
2210 2146 2243 2177 &
2260 2155 2312 2175 eo·

1255 2187 1319 2207 rum
1348 2177 1514 2208 Fat'toribus
1538 2188 1587 2215 per
1613 2179 1737 2210 Terram
1752 2203 1762 2218 ,
1787 2180 1869 2210 Ma'e
1894 2183 1927 2212 δε
1955 2182 2048 2220 Aquas
2067 2184 2161 2214 dulces
2179 2184 2214 2213 ad
2233 2193 2312 2221 quae-

1255 2225 1380 2254 eumq-ie
1398 2217 1478 2246 Loca
1495 2217 1527 2246 &
1546 2217 1640 2255 Opida
1657 2218 1727 2249 infra
1744 2219 1848 2249 Terras
1866 2221 1900 2250 ὃς
1916 2219 2059 2251 Domi-‘iia
2077 2223 2183 2260 praefaii
2201 2224 2313 2250 Domini

1256 2254 1589 2297 Archiducisqfflaridria
1615 2256 1760 2288 dumtaxat
1776 2260 1910 2295 excepta)
1937 2261 2106 2298 quoscumq3
2125 2270 2232 2298 pannos
2251 2261 2314 2290 An-

1254 2293 1398 2332 glicanos‚
1418 2304 1473 2324 iine
1498 2295 1717 2334 Molestatione,
1741 2296 1954 2334 Impedimento
1969 2300 2002 2328 ὃς
2018 2298 2226 2337 Inquietatione
2245 2299 2315 2336 qua-

1257 2341 1382 2370 cumque
1402 2332 1581 2375 Traducere‚
1603 2334 1749 2372 Vendere,
1767 2336 1800 2366 &
1819 2335 1945 2365 Traduci
1964 2337 2071 2374 facere,
2088 2339 2122 2369 &
2139 2339 2174 2367 ab
2191 2337 2313 2374 eisdem,

1258 2380 1327 2400 cum
1353 2372 1385 2401 ὃς
1413 2377 1470 2401 iine
1491 2371 1543 2401 suis
1570 2371 1742 2411 Mercibus,
1767 2373 1804 2404 ad
1831 2383 2019 2413 quaecumqie
2044 2377 2094 2406 alia
2113 2375 2196 2406 Loca
2212 2377 2315 2413 absque

1258 2407 1469 2446 Impedirnento
1487 2412 1582 2448 aiiquo
1601 2411 1626 2442 se
1643 2411 1798 2450 divertere,
1815 2422 1929 2443 necnon
1944 2414 2042 2444 licebit
2058 2415 2192 2445 omnibus
2209 2415 2243 2446 δε
2261 2415 2316 2444 sin-

1257 2448 1327 2486 gulis
1354 2448 1478 2478 Subditis
1501 2451 1613 2479 Domini
1637 2449 1799 2480 Archiducis
1820 2450 1922 2481 Pannis
1941 2452 2106 2488 Anglicanis
2125 2454 2166 2483 uti
2179 2476 2190 2491 ,
2213 2452 2317 2483 eisdem

1259 2486 1350 2516 modo
1381 2491 1414 2518 &
1441 2487 1535 2517 forma
1556 2489 1655 2526 quibus
1672 2511 1682 2526 ,
1709 2490 1883 2526 temporibus
1908 2489 2065 2521 Nobilium
2093 2490 2316 2530 progenitorum

1259 2527 1370 2555 Domini
1384 2524 1560 2564 Archia'ncir,
1582 2526 1633 2556 Uli
1651 2527 1712 2558 sunt
1729 2528 1762 2558 δε
1776 2528 1869 2566 gaviii.

1298 2562 1383 2593 ITEM
1401 2587 1410 2602 ,
1439 2567 1517 2603 quod
1542 2566 1619 2596 nulla
1636 2564 1733 2595 Brevia
1751 2568 1784 2597 &
1804 2565 1914 2604 Scripta
1931 2567 2084 2605 vulgariter
2099 2578 2200 2600 vocata
2220 2566 2317 2599 Kni-

1258 2609 1480 2641 KERNELLYs,
1503 2603 1545 2633 seu
1564 2604 1614 2634 aiu
1632 2613 1824 2642 quaecumque
1843 2604 1952 2642 Scripta
1977 2607 2031 2636 sive
2050 2607 2148 2637 Brevia
2164 2607 2318 2638 consimilis

1259 2639 1382 2683 Naturae
1398 2643 1430 2672 &
1451 2639 1598 2681 Effoetfis,
1616 2644 1645 2672 in
1666 2643 1803 2674 Fraudem
1820 2644 1853 2673 &
1867 2643 2014 2681 JaCturam
2031 2645 2235 2676 Mercator-um
2254 2647 2315 2676 An-

1259 2678 1340 2717 ghae,
1360 2690 1407 2717 per
1433 2683 1580 2710 Dominum
1603 2681 1783 2711 Archiducem
1806 2681 1907 2719 Opidis
1928 2684 1961 2713 &
1983 2683 2123 2720 Opidari'is
2141 2686 2316 2715 eorumdem

1260 2726 1308 2749 aut
1334 2719 1542 2756 particularibus
1568 2719 1716 2757 Pei-sonis,
1741 2720 1792 2750 sub
1817 2730 1997 2759 quacumque
2017 2723 2173 2753 verborum
2200 2723 2268 2753 sei-ie
2282 2723 2319 2754 de

1262 2765 1366 2787 caetero
1381 2767 1429 2794 per
1445 2759 1591 2787 Dominum
1609 2757 1789 2787 Arrhiducern
1806 2759 2020 2797 concedantur,
2040 2761 2091 2797 ὃς,
2110 2761 2130 2791 si
2148 2764 2175 2792 iri
2193 2762 2322 2792 futurum

1262 2797 1458 2826 concedantur
1469 2818 1478 2833 ,
1494 2806 1548 2833 pro
1565 2805 1622 2825 non
1638 2795 1803 2834 Conceffis,
1821 2798 1916 2828 immo
1931 2808 1984 2835 pto
2003 2797 2093 2828 Casiis
2108 2801 2141 2829 &
2157 2799 2243 2830 Irritis
2261 2801 2321 2838 ipso

1262 2833 1353 2864 Facto
1371 2835 1534 2864 censeantur
1550 2857 1560 2873 ‚
1579 2835 1611 2865 &
1630 2845 1767 2872 quantum
1788 2836 1822 2865 ad
1843 2835 2067 2867 Conceffionem
2090 2837 2320 2876 Revocandutn,

1264 2872 1458 2903 Commissarii
1471 2876 1582 2902 Domini
1597 2872 1758 2903 Archiducis
1774 2873 1983 2912 diligentiffime
1997 2875 2070 2904 apud
2083 2876 2205 2905 eundem
2226 2879 2318 2906 Domi-

1263 2922 1325 2940 num
1341 2911 1519 2940 Archia'ucem
1535 2911 1691 2948 instabunt,
1711 2921 1741 2942 ut
1758 2911 1776 2940 li
1794 2921 1852 2941 non
1867 2913 1895 2941 in
1913 2921 1976 2942 toto
1992 2911 2157 2951 Casseiitur,
2175 2913 2268 2945 saltim
2283 2914 2321 2945 ad

1265 2949 1374 2979 minora
1389 2959 1515 2985 tempora
1528 2949 1712 2986 reducantur,
1723 2959 1752 2979 ut
1766 2949 1874 2980 facilius
1889 2959 1922 2980 ac
1938 2950 2021 2980 citius
2036 2949 2198 2982 Creditores
2211 2952 2321 2983 Debitz

1262 2987 1307 3017 sua
1321 2988 1544 3025 consequantur3
1563 2989 1596 3019 δε
1613 2987 1689 3017 idem
1704 2987 1896 3018 observabitur
1907 2997 1970 3027 erga
1986 2987 2121 3021 Subditos
2137 2992 2248 3020 Domini
2256 2993 2321 3021 Ar-

1263 3026 1377 3055 chiducis
1393 3027 1423 3056 in
1438 3027 1550 3062 Anglia.

1298 3064 1406 3102 ΙτΕΜ,
1427 3065 1506 3102 quod
1530 3064 1548 3094 li
1574 3064 1748 3095 Mercatores
1767 3063 1904 3103 Smpulae,
1923 3075 2024 3096 eorum
2051 3065 2195 3104 faetores,
2215 3076 2262 3098 aut
2275 3069 2320 3098 alii

1261 3102 1373 3133 Subditi
1386 3106 1498 3132 Domini
1508 3106 1600 3140 Regis,
1618 3104 1740 3141 aliquem
1762 3103 1915 3133 Subditum
1936 3106 2048 3133 Domini
2070 3105 2248 3144 Archiducis,
2267 3117 2319 3144 pro

1263 3141 1374 3172 Debitis
1390 3142 1440 3172 suis
1449 3142 1614 3178 judicialiter
1629 3143 1806 3172 conveniunt
1820 3151 1869 3179 per
1883 3142 1974 3180 aliqua
1988 3141 2087 3173 Brevia
2101 3145 2250 3182 vulgariter
2265 3155 2319 3174 vo-

1262 3190 1322 3211 cata
1340 3180 1472 3210 SKEPYN
1493 3179 1622 3217 Bam,
1638 3179 1683 3210 seu
1697 3181 1761 3210 alias
1773 3180 1881 3210 Literas
1901 3181 2104 3219 quascumqie,
2122 3193 2137 3212 a
2153 3183 2196 3212 sua
2219 3182 2319 3212 Prose-

1263 3221 1380 3249 cutione
1401 3227 1448 3254 aut
1469 3219 1504 3247 ab
1526 3217 1715 3255 Exemptione
1737 3218 1909 3256 Sententiae,
1925 3220 1952 3248 in
1975 3218 2055 3250 Bona
2073 3221 2186 3250 mobilia
2202 3221 2248 3251 vel
2263 3222 2318 3250 im-

1264 3258 1380 3287 mobilia
1402 3256 1577 3286 Debitorurn
1599 3257 1713 3287 suorum
1733 3266 1786 3294 pro
1807 3259 1843 3288 eii
1865 3257 1932 3293 lata,
1952 3258 2098 3288 nullatinus
2113 3259 2318 3298 impediantur,

1263 3297 1296 3327 &
1315 3296 1395 3333 quod
1408 3296 1444 3325 de
1458 3303 1564 3325 caetero
1579 3295 1596 3324 si
1611 3294 1682 3325 fiunt
1696 3295 1857 3332 hujusmodi
1872 3294 1969 3325 Brevia
1987 3296 2042 3324 rive
2050 3296 2151 3326 Litere
2167 3297 2226 3327 aliie
2237 3307 2254 3335 q
2267 3308 2315 3328 iae-

1263 3344 1389 3372 cumque
1405 3335 1434 3363 in
1449 3333 1575 3363 fraudem
1593 3331 1777 3364 Creditorum
1793 3334 1825 3364 &
1839 3333 1871 3363 ad
1887 3333 2099 3373 impediendum
2106 3333 2316 3366 Erec-titionem

1262 3373 1424 3411 predictam
1438 3372 1635 3407 exhibeantur,
1653 3372 1735 3410 quod
1751 3373 1849 3402 nullius
1864 3370 1993 3401 affeetu>-
2008 3382 2055 3413 aut
2073 3372 2187 3403 Virtutis
2204 3373 2240 3404 set
2259 3384 2314 3411 pro

1262 3410 1351 3442 Caffis
1362 3413 1394 3442 ὅ(
1409 3410 1493 3440 Irrits
1504 3410 1564 3447 ipso
1580 3410 1656 3439 fac‘io
1674 3411 1879 3446 habeantur-,St
1896 3409 1970 3439 idm
1982 3411 2175 3441 observabitur
2191 3412 2315 3444 Subdit'ss

1262 3453 1375 3479 Domini
1388 3448 1548 3480 Archiducir
1564 3450 1593 3478 in
1612 3448 1718 3485 Regno
1734 3449 1843 3487 Anglii:
1852 3470 1862 3485 ‚

1298 3488 1389 3519 ITEM
1407 3511 1416 3526 ‚
1434 3488 1514 3525 quod
1535 3487 1785 3525 quotienscumque
1811 3487 1962 3523 contigerit
1986 3485 2162 3518 Mercatores
2187 3487 2313 3520 Patrium

1263 3527 1375 3567 Angliae
1392 3528 1488 3557 venire
1504 3525 1537 3555 ad
1552 3525 1583 3555 N
1588 3526 1702 3555 undinas
1718 3524 1971 3562 Aniwerpensem,
1988 3523 2172 3563 Bergensem,
2187 3529 2231 3558 vel
2246 3529 2312 3559 alia-

1261 3577 1326 3596 rum
1344 3565 1497 3596 Patriarum
1512 3566 1624 3593 Domini
1637 3563 1797 3592 Archidxm
1816 3563 1958 3600 prandisti,
1975 3572 2008 3592 ac
2027 3564 2114 3594 etiam
2131 3574 2205 3595 extra
2224 3566 2310 3596 Nun-

1261 3605 1337 3634 dinas
1348 3627 1358 3642 ,
1372 3605 1411 3635 eis
1426 3603 1531 3633 ibidem
1547 3603 1641 3632 licebit
1658 3601 1760 3631 Emere
1775 3601 1839 3630 tales
1854 3599 2022 3643 Merca-‘ilias
2042 3602 2135 3638 quales
2153 3605 2310 3642 voluerint,

1261 3645 1295 3674 &
1309 3652 1362 3680 pro
1378 3642 1423 3672 tali
1438 3640 1538 3670 Precio
1552 3642 1580 3669 in
1595 3649 1654 3678 quo
1671 3639 1751 3669 simul
1764 3649 1831 3668 cum
1847 3639 2039 3669 venditoribus
2051 3644 2207 3671 convenire
2230 3651 2311 3679 pote-

1260 3690 1348 3717 runt,
1374 3680 1476 3717 absque
1503 3688 1539 3707 eo
1559 3678 1636 3715 quod
1663 3677 1794 3714 Superior
1813 3677 1936 3714 ipsorum
1964 3676 2161 3710 mercatorum
2184 3681 2312 3718 Angliae,

1261 3719 1410 3757 vulgariter
1429 3717 1559 3746 Nomine
1579 3714 1705 3745 Coum
1728 3713 1889 3745 Maistzk
1910 3724 2089 3752 nuncupatus
2115 3728 2164 3755 per
2184 3717 2221 3748 Se
2237 3741 2247 3755 ,
2264 3718 2310 3750 sea

1260 3767 1328 3787 cum
1342 3756 1479 3794 aliquibus
1493 3754 1615 3790 ejusdcm
1633 3753 1796 3791 Anglic-ine
1819 3752 1971 3791 Nationis,
1987 3754 2070 3791 poffir
2095 3753 2241 3785 Mercibus
2262 3766 2311 3794 per

1259 3795 1394 3833 Anglicos
1406 3793 1530 3823 emendis
1546 3792 1676 3821 Precium
1692 3792 1862 3821 constituere
1877 3792 2096 3830 limitatum,seu
2110 3795 2233 3830 aliquam
2243 3794 2312 3825 Poe-

1259 3843 1325 3863 narn
1341 3834 1370 3862 in
1386 3830 1632 3864 Transgredientes
1645 3829 1709 3859 illud
1726 3839 1834 3859 certum
1848 3829 1984 3860 Precium
1999 3832 2124 3860 ordinare
2148 3830 2248 3865 (Salvis
2269 3842 2311 3864 ta-

1260 3881 1328 3901 men
1352 3870 1504 3905 Privilegis
1522 3878 1554 3897 ac
1580 3867 1768 3897 Libertatibus
1792 3868 1875 3897 dietis
1906 3868 2116 3898 Mercatoribus
2144 3869 2310 3906 Anglicanis

1257 3909 1375 3940 Indultis
1387 3910 1420 3939 &
1435 3904 1593 3941 Conceffis)
1611 3904 1692 3935 Idem
1707 3907 1791 3935 etiam
1804 3906 1999 3936 observabitir
2023 3915 2057 3936 ex
2078 3906 2160 3936 Parte
2174 3907 2309 3940 Subdito-

1258 3958 1322 3978 rum
1341 3950 1452 3977 Domini
1468 3944 1629 3974 Archiducis
1642 3945 1670 3972 in
1686 3942 1721 3973 N
1725 3945 1835 3974 undinis
1848 3944 1994 3982 praedatis.

1293 3986 1399 4022 Iram,
1416 3984 1494 4021 quod
1508 3984 1544 4012 de
1558 3991 1663 4012 caetero
1677 3992 1738 4012 nori
1761 3982 1857 4012 licebit
1879 3981 1998 4011 Nationi
2022 3980 2187 4020 Anglicanae
2203 3983 2311 4017 Statura

1257 4025 1303 4055 seu
1318 4023 1516 4053 Ordinationes
1534 4020 1626 4050 facere
1641 4029 1740 4050 contra
1757 4021 1846 4055 aliqua
1864 4019 1958 4056 Opida
1975 4019 2030 4049 sive
2051 4019 2184 4052 Personas
2208 4022 2313 4055 Patria-

1259 4072 1324 4092 rum
1342 4064 1452 4091 Domini
1474 4058 1650 4094 Ari-hidacii,
1668 4057 1839 4088 Ordinando
1860 4058 1938 4094 quod
1956 4056 2071 4088 Merces
2093 4060 2139 4090 vel
2155 4059 2233 4091 Bona
2252 4064 2311 4092 talis

1260 4100 1344 4130 Villae
1364 4099 1410 4129 vel
1434 4098 1562 4128 Personae
1587 4096 1695 4126 Nullus
1715 4106 1788 4127 emat
1807 4096 1984 4134 Anglorum,
2002 4097 2052 4126 nili
2064 4097 2139 4128 forte
2152 4108 2202 4136 per
2218 4100 2312 4130 c'ic'tos

1258 4138 1406 4177 Opidanos
1422 4144 1469 4167 aut
1489 4134 1613 4173 praefatas
1634 4133 1767 4166 Personas
1779 4134 1971 4203 sMercatores
1997 4135 2110 4174 Angliae
2133 4146 2180 4168 aut
2211 4148 2311 4186 etrum

2215 4186 2249 4204 [ἑ.
2260 4184 2274 4203 ⁴⁴
2286 4192 2313 4203 aa

1284 1674 1392 1713 ITEM,
1408 1676 1488 1714 quod
1505 1677 1604 1707 omnia
1621 1677 1654 1707 &
1671 1678 1774 1716 singula
1787 1677 1910 1717 Szatuta,
1927 1678 2120 1720 provisiones,
2139 1681 2306 1712 Ordinatio·
2323 1649 2430 1727 ζιξη
