2555 4266
696 197 807 240 ET
888 200 1151 243 ACTA
1231 180 1708 247 PU'BLICA.

6 279 97 316 Anna
106 277 147 312 D.
163 277 361 322 waltpurgk,
379 283 413 315 &
429 281 620 323 Magnificum
637 285 738 316 Virum
755 286 920 317 Dominum
937 286 1128 317 Bernhardum
1144 284 1232 316 Buckx

40 329 128 360 1505.
161 321 275 361 Juriurn
290 322 502 360 Licentiatum,
520 323 632 353 nostros
647 324 783 355 Oratores
801 327 835 356 δε
852 324 961 356 Fideles
979 326 1013 355 ad
1037 325 1154 355 Locum
1175 325 1225 354 de·

22 365 88 390 Heri.
104 369 131 395 7»
166 361 304 400 signatum
319 361 527 399 delegavimus,
545 361 788 400 Praesentibusque
802 363 974 402 delegamus:

207 399 318 430 Dantes
339 400 377 428 eis
399 399 511 438 plenam
529 410 563 431 ac
582 400 701 430 totalem
720 401 930 432 Auctoritatem
954 410 1023 431 cum
1046 400 1170 431 Strenuis
1191 400 1225 430 δε

2250 221 2269 249 2
2280 221 2329 260 19

1267 293 1355 323 pum,
1372 286 1484 319 suorum
1503 289 1663 320 Haeredum
1682 292 1715 322 &
1733 290 1933 323 Successorum
1947 292 2016 324 citra
2030 284 2063 325 Sc
2077 290 2146 324 ultra
2163 289 2246 324 Mare
2260 291 2322 323 Ac-
2331 291 2407 323 Arm.
2422 282 2467 321 Di

1268 322 1369 353 cedere
1384 347 1393 361 ,
1427 328 1456 369 iri
1480 328 1571 366 eisque
1594 330 1728 367 quamdiu
1748 331 1888 361 voluerint
1908 330 2043 370 Morari,
2069 331 2216 368 Mercari,
2240 331 2322 361 Mer-2
2354 338 2440 369 1505:

1270 369 1335 398 cer»,
1357 361 1566 404 Mercimonia‚
1584 366 1690 405 Arma,
1708 369 1740 399 &
1754 367 1862 405 Jocalia
1881 378 2074 409 quaecunque,
2090 370 2111 401 fi
2127 369 2232 400 Statura
2250 368 2322 399 ΜιιΗ
2331 374 2394 396 ffln.
2414 377 2442 402 7-

25 1360 103 1396 Αῑπι-
117 1357 418 1428 D·GE0RGtvs,
438 1366 496 1398 Dei
519 1366 622 1405 gratia,
644 1366 720 1397 Dux
739 1369 882 1405 Saroniae,
900 1365 1152 1398 Lauri-‚attritis
1177 1369 1238 1397 Db·
1282 1359 1372 1404 {5me
1397 1370 1494 1404 COtha
1514 1371 1617 1405 Omnes
1635 1361 1795 1405 Principes,
1821 1364 1867 1395 vel
1887 1365 1955 1394 alios
1977 1365 2183 1403 quoscunque,
2207 1364 2339 1401 Exceptis

50 1412 136 1442 1505.
264 1409 324 1442 ring
338 1428 346 1443 ,
377 1405 658 1436 Mauricius-ms
682 1409 710 1434 in
733 1406 864 1444 Meyszen
879 1427 889 1443 ,
911 1405 1010 1443 Regiae
1033 1404 1236 1437 Romanorum
1283 1400 1354 1429 fflffa
1374 1398 1571 1436 EXC¹P1end¹S>
1591 1410 1645 1443 ‚⁶391
1666 1399 1783 1445 Terras,
1803 1402 1921 1441 Regna,
1940 1402 2096 1441 Dominia,
2115 1402 2248 1441 Oppida,
2266 1401 2341 1432 Por-

25 1448 77 1471 ΛΠ.
100 1453 144 1470 21.
174 1442 329 1481 Nlajestatis
352 1445 387 1475 &
409 1444 487 1475 sacri
511 1444 627 1481 imperii
648 1443 821 1473 Gubernator
845 1443 1046 1472 Hae'rea'itariur
1069 1444 1098 1473 in
1124 1444 1207 1474 Fufia
1225 1467 1235 1483 ,
1283 1445 1342 1474 tus,
1362 1435 1479 1480 Castra,
1497 1446 1544 1469 aut
1559 1436 1694 1468 C=v¹tates
1707 1439 1814 1470 alterius
1827 1441 1958 1472 nostram
1974 1440 2144 1479 Impu⁰nare
2157 1449 2203 1471 aut
2219 1440 2339 1471 Invade-

24 1487 61 1521 ῌ.
83 1490 108 1514 7-
174 1483 311 1513 omnibus
325 1482 361 1512 ad
378 1492 449 1521 quos
461 1482 608 1523 praesentes
622 1482 685 1513 haec
702 1481 808 1512 nostrae
824 1481 940 1512 Litterae
958 1481 1087 1513 patentes
1101 1484 1238 1521 pel-vene-
1283 1484 1314 1505 re
1338 1484 1461 1506 nitantur
1481 1486 1529 1507 aut
1550 1477 1702 1520 leiantur
1715 1502 1724 1515 .,
1750 1478 1796 1508 seu
1819 1479 1962 1510 Guerram
1982 1488 2030 1510 aut
2051 1466 2160 1510 §ellum
2180 1480 2274 1510 facere
2294 1486 2341 1509 aut

26 1523 66 1546 Ex
80 1522 140 1546 Au·
177 1522 249 1557 rint,
266 1520 400 1551 Salutem
1285 1522 1403 1557 movere
1414 1515 1638 1557 praesumpserint
1656 1524 1701 1546 aut
1716 1520 1963 1556 attemptaverint,
1976 1519 2003 1548 se
2017 1519 2144 1549 invicem
2161 1518 2263 1549 mutuis
2280 1518 2340 1548 Au-

23 1565 89 1594 mgr.
213 1558 297 1589 Csim
309 1559 383 1596 apud
398 1558 600 1597 nosmetipsos,
618 1561 770 1595 rerumque
785 1555 955 1596 Experienti
977 1556 1121 1588 attestante
1142 1556 1240 1597 Magi:
1283 1552 1352 1581 xiliis
1369 1552 1539 1597 Militaribus
1557 1552 1661 1582 Gentis
1676 1553 1851 1594 Armorum,
1871 1556 2006 1594 Expensis
2020 1565 2113 1587 tamen
2130 1556 2229 1594 Opem
2251 1556 2341 1586 Inter-

174 1597 249 1634 stri,
266 1597 497 1635 confideremus,
512 1598 640 1628 humanis
662 1598 692 1627 jn
719 1597 835 1634 Rebus,
862 1596 989 1635 Regnis‚
1015 1595 1239 1634 principatibus,
1284 1591 1428 1636 pellantis,
1444 1600 1573 1636 quotiens
1592 1601 1664 1629 opus
1686 1592 1769 1622 fuerit
1789 1594 1945 1632 adjuvabit,
1962 1593 1994 1625 In
2013 1604 2134 1634 quorum
2159 1595 2340 1625 Auxiliorum

171 1646 206 1667 ac
223 1636 479 1667 Dominationibus
497 1634 713 1672 conservandis,
731 1635 864 1665 Urbibus
879 1633 1056 1673 excolendis,
1067 1633 1238 1673 imperiique
1284 1629 1478 1674 praestatione,
1496 1639 1631 1674 quantum
1647 1629 1682 1660 ad
1700 1630 1866 1674 Numerum
1882 1634 1978 1663 attinet
1999 1632 2200 1672 Armatorum,
2215 1632 2344 1663 habenda

171 1674 289 1705 Finibus
313 1674 475 1712 ampliandis
499 1674 586 1704 nichil
607 1673 665 1703 effe
685 1673 912 1710 conducibilius,
931 1672 1044 1712 Regum
1067 1683 1100 1703 ac
1128 1672 1239 1704 Princi-
1286 1677 1337 1711 erit
1353 1677 1426 1699 ratio
1443 1668 1579 1713 (facultatis
1591 1669 1661 1713 illius
1673 1668 1778 1707 Partis,
1799 1678 1862 1707 quse
1877 1673 1912 1700 de
1927 1671 2042 1701 ferenda
2057 1671 2124 1709 Ope
2139 1672 2283 1711 rogabitur
2296 1671 2342 1701 seu

171 1722 243 1751 pum
261 1714 333 1744 inter
349 1713 403 1743 sese
418 1712 555 1743 Amicitia
570 1712 604 1742 ἃς
619 1710 897 1742 Confoederatione:
1284 1707 1519 1748 interpellabitur,
1538 1715 1568 1738 ut
1582 1707 1688 1737 sedicet
1697 1708 1818 1750 amplius
1832 1719 1891 1739 non
1906 1718 2051 1747 teneatur,
2064 1711 2153 1748 quam
2167 1719 2236 1741 tunc
2257 1719 2342 1740 com-

209 1751 265 1781 Per
277 1751 352 1782 hanc
366 1752 444 1781 enim
462 1750 545 1781 Pacis
559 1751 663 1780 colitur
692 1750 818 1787 Auc'ior,
839 1758 956 1786 regnant
977 1755 1110 1787 potenter
1128 1750 1239 1790 Reges,
1286 1745 1373 1789 ῐῐξῡόὲ
1389 1747 1479 1776 facere
1492 1746 1611 1783 poterit,
1629 1744 1802 1777 confidem&
1817 1744 1974 1785 TemPOYiS
1988 1749 2020 1779 &
2038 1748 2188 1779 Locorum
2206 1756 2345 1786 opportu-

170 1793 206 1819 ac
227 1789 414 1820 dominantur
440 1788 606 1826 Principes,
623 1787 800 1819 lucrifaciunt
823 1788 1045 1827 NegotiatoreS,
1063 1789 1097 1819 &
1117 1788 1239 1820 ditantur
1284 1792 1386 1828 nitate,
1406 1795 1439 1816 ac
1460 1784 1538 1815 Statu
1555 1783 1822 1828 νΙὶζεγυιῃλΓμεπυτῐη
1849 1795 1984 1824 quantum
2009 1788 2081 1827 verb
2105 1786 2140 1817 ad
2163 1787 2182 1805 ³*
2204 1787 2376 1825 Expensas*
2392 1791 2476 1828 xm*⁴3

170 1828 300 1859 Subditiz
1286 1823 1320 1853 δε
1345 1823 1490 1861 Stipendia
1512 1822 1646 1854 Militum
1665 1831 1779 1861 attinet,
1797 1824 1841 1854 illa
1867 1825 2030 1856 taxabuntur
2049 1825 2082 1855 &
2105 1823 2346 1864 moderabuntur,
2366 1845 2427 1863 122,

207 1865 345 1897 Volentes
360 1866 443 1905 igitur
458 1865 566 1897 crudeli
580 1864 785 1903 praedictorum
801 1864 968 1895 destitutrici
984 1864 1144 1896 Discordiae
1168 1868 1240 1904 prae·
1285 1861 1384 1906 habito
1397 1861 1524 1900 respeffli
1540 1862 1574 1892 ad
1595 1861 1702 1891 Forum
1722 1862 1894 1893 Vic‘tualium
1910 1864 1986 1902 quod
2001 1873 2029 1892 in
2048 1863 2174 1894 Partibus
2187 1872 2257 1895 tunc
2273 1874 2346 1895 tem-

170 1904 248 1935 'cludi
275 1906 351 1934 viam
364 1927 373 1942 ,
391 1914 424 1934 ac
444 1904 538 1936 eidem
556 1913 646 1935 omne
668 1903 847 1939 Fonientum„
863 1903 988 1941 auferre,
1013 1904 1045 1934 &
1071 1914 1101 1934 ea
1124 1914 1240 1942 propter
1286 1910 1363 1938 poris
1378 1904 1540 1939 continget,
1559 1900 1714 1930 set-:undrim
1733 1900 1807 1931 Loci
1824 1902 1856 1932 ὅ(
1869 1902 2026 1941 Temporis
2040 1902 2217 1932 sterilitatem
2237 1903 2271 1934 ὃς
2293 1902 2344 1933 U—

177 1953 248 1973 cum
269 1944 406 1973 omnibus
428 1942 612 1974 Serenisfirnis
630 1941 787 1979 Regibus,
821 1940 1036 1979 Catholicaeque
1056 1942 1134 1972 Fidei
1155 1942 1240 1972 Prin·
1287 1940 1446 1970 bertatem:
1472 1939 1534 1978 Qii
1558 1939 1672 1977 quidem
1695 1939 1805 1970 Armati
1829 1941 1854 1969 ei
1879 1942 1924 1971 cui
1949 1942 1986 1971 fic
2009 1941 2206 1971 conceduntur
2229 1940 2345 1972 fideliter

177 1983 307 2020 cipibus,
335 1989 471 2019 quantum
497 1983 527 2012 in
554 1981 655 2012 Nobis
673 1982 740 2018 erit,
765 1980 872 2012 Pacem
894 1990 928 2010 ac
950 1981 1116 2012 Amicitiam
1138 1981 1241 2012 babere
1285 1978 1421 2017 servient,
1446 1977 1580 2016 quamdiu
1603 1987 1653 2007 eos
1676 1977 1785 2008 duxerit
1806 1977 2000 2018 Retinendos,
2025 1978 2204 2018 eisdemque,
2223 1988 2254 2011 ut
2273 1989 2346 2018 prae·

177 2021 343 2057 cupiamus,
1287 2016 1392 2055 fertur,
1411 2016 1554 2055 Stipendia
1570 2015 1689 2046 fideliter
1701 2015 1871 2053 persolverit.

212 2058 312 2088 Visum
328 2057 370 2088 est
385 2065 480 2089 tamen
495 2057 613 2095 Nobis,
631 2058 703 2088 inter
715 2060 851 2096 caeteros,
870 2057 1034 2098 singularem
1056 2057 1240 2096 Amicitiam,
1324 2054 1370 2085 Ιτ
1382 2065 1400 2086 E
1411 2063 1463 2094 M,
1489 2054 1676 2085 Conventum
1694 2056 1728 2100 §c
1747 2053 1963 2099 Concordattim
1981 2055 2022 2086 est
2036 2079 2046 2094 ,
2065 2056 2145 2094 quod
2163 2056 2239 2088 dicta
2257 2057 2344 2088 Ami-

175 2096 280 2134 Ligam
290 2121 299 2133 ,
319 2097 352 2127 &
367 2096 656 2127 Confoederationem
673 2106 740 2127 cum
755 2096 938 2127 Serenisfimo
950 2097 983 2127 &
1002 2095 1240 2135 Magnipotentis-
1286 2093 1353 2125 titia
1366 2094 1483 2125 durante
1500 2102 1596 2123 neuter
1611 2092 1742 2123 nostrum
1759 2102 1860 2132 quovis
1876 2095 1966 2124 modo
1983 2094 2171 2133 Receptabit,
2189 2105 2237 2126 aut
2250 2096 2346 2126 aSub·

175 2135 250 2166 simo
272 2135 407 2165 Domino
430 2136 567 2166 Domino
590 2137 706 2164 Henrico
716 2159 725 2174 ,
740 2135 799 2166 Dei
813 2135 916 2175 gratia,
936 2134 1048 2172 Angliae
1063 2134 1102 2170 ὠ·
1118 2137 1241 2165 Ρναηιήε
1287 2134 1351 2163 ditis
1365 2133 1416 2163 suis
1427 2133 1577 2171 Receptari
1594 2132 1738 2169 permittet
1751 2133 1873 2170 aliquem
1889 2132 2040 2163 Rebellem
2055 2134 2101 2164 seu
2113 2134 2221 2172 aliquos
2239 2134 2347 2166 Rebel-

173 2176 244 2212 Rege
263 2184 297 2204 ac
320 2177 436 2203 Domino
455 2174 595 2204 Hibernia>
617 2173 751 2204 Domino
773 2183 807 2204 ac
832 2173 1055 2213 Consanguineo
1079 2175 1112 2204 &
1131 2174 1239 2205 Amico
1287 2172 1344 2209 les,
1369 2170 1554 2202 Proditorem
1573 2170 1618 2200 seu
1643 2169 1823 2208 Proditores,
1857 2171 1892 2202 de
1912 2170 2047 2202 Crimine
2072 2172 2158 2202 Laesae
2184 2171 2346 2211 Magestatis

172 2213 274 2243 nostro
292 2211 445 2243 Carissimo
459 2214 546 2250 inire,
565 2212 685 2250 habere,
700 2212 734 2242 &
748 2220 945 2249 manutenere:
964 2212 1053 2250 quue
1069 2211 1167 2242 Nobis
1181 2223 1240 2243 non
1287 2210 1444 2247 suspeetum
1464 2209 1510 2240 vel
1529 2208 1670 2248 suspeitos
1681 2232 1691 2246 ,
1715 2210 1886 2239 conviftu‘m
1907 2210 1952 2240 vel
1969 2208 2139 2249 convfflos,
2154 2211 2345 2250 Trans-fugam

175 2251 271 2282 minus
292 2260 428 2290 perquam
450 2251 518 2282 utile
541 2252 574 2282 &
596 2252 744 2288 expediens
757 2250 814 2281 effe
828 2252 918 2290 quam
931 2260 1044 2289 carum,
1063 2260 1189 2290 gratum,
1207 2252 1241 2282 &
1287 2257 1334 2279 aut
1358 2248 1528 2287 Transfugas
1549 2256 1584 2277 ex
1608 2247 1732 2277 Subditis
1748 2248 1855 2278 alterius
1870 2247 2000 2278 nostrum
2018 2248 2163 2279 scelestam
2177 2248 2346 2280 Factionem

169 2289 345 2328 jocundum.
1288 2295 1387 2318 contra
1409 2287 1525 2318 alterum
1549 2285 1681 2316 nostrum
1702 2287 1909 2316 machinantem
1931 2286 1977 2317 seu
1999 2287 2202 2317 machinantes:
2223 2297 2277 2318 nec
2293 2288 2349 2319 hu-

245 2330 296 2359 sim
315 2329 415 2367 igitur,
433 2327 575 2359 retroaffis
596 2327 726 2365 Diebus,
744 2328 816 2358 inter
835 2326 1028 2358 Clarissimum
1047 2327 1193 2358 Eximium
1207 2336 1241 2358 at:
1283 2325 1406 2364 jusmodi
1430 2325 1596 2356 Rebellibiis
1617 2324 1662 2355 seu
1684 2324 1881 2355 Proditoribus
1894 2347 1903 2362 ,
1931 2324 2043 2356 Rebelli
2058 2325 2112 2356 live
2130 2325 2273 2357 Proditori
2285 2327 2350 2357 ubi-

172 2365 227 2397 Ma
251 2367 368 2397 nificum
395 2366 497 2397 Virum
525 2365 699 2403 Magistrum
722 2366 866 2396 Nicolaum
893 2366 963 2406 West
987 2366 1103 2403 Legum
1122 2366 1242 2396 Docio-
1287 2374 1417 2402 cunque,
1438 2364 1532 2394 sivein
1553 2363 1648 2401 aliquo
1664 2362 1768 2394 nostrae
1783 2363 1954 2394 obedientiae
1975 2363 2077 2401 Loco,
2092 2364 2149 2394 five
2163 2365 2229 2394 alibi
2245 2365 2343 2397 existat

175 2413 236 2435 rem
247 2428 257 2442 ,
285 2406 459 2443 Oratorem,
479 2405 723 2441 Procuratorem,
739 2405 796 2435 five
814 2404 1050 2435 Commiffarium
1069 2404 1241 2436 Serenisfimi
1288 2403 1333 2433 vel
1355 2403 1473 2433 existant
1485 2426 1494 2439 ,
1517 2401 1616 2432 Verbo
1630 2424 1640 2440 ,
1658 2401 1750 2432 Facto
1763 2424 1774 2440 ,
1789 2410 1836 2432 aut
1852 2401 1965 2439 Scripto
1983 2401 2160 2442 Consilium,
2180 2402 2344 2443 Auxilium,

172 2452 208 2474 ac
239 2444 530 2481 Magnipotentissimi
548 2443 671 2473 Domini
685 2442 820 2477 ,Domini
835 2446 946 2473 Henrici
965 2442 1078 2481 Angliae
1095 2442 1134 2478 ό-
1152 2446 1242 2473 Fran'-
1287 2442 1443 2479 Pavorem,
1462 2441 1641 2477 Subfidium,
1660 2440 1775 2478 Naves,
1793 2440 1946 2479 Pecunias‚
1962 2440 2116 2480 Vi6'tualia,
2134 2450 2180 2472 aut
2192 2441 2273 2471 aliam
2291 2442 2346 2473 As-

173 2484 221 2511 ciae
238 2485 316 2520 Regis
333 2494 364 2512 ac
382 2485 493 2512 Domini
511 2482 652 2512 Hiberniae
672 2480 794 2511 Domini
810 2491 843 2512 ac
863 2481 1072 2520 Consanguinei
1090 2483 1124 2512 &
1144 2481 1242 2512 Amici
1286 2480 1437 2512 sistentiam
1452 2487 1664 2517 quamcumque
1678 2479 1796 2516 publice
1810 2479 1855 2509 vel
1869 2479 1985 2509 occulte
2004 2479 2095 2521 Dabit
2117 2489 2164 2511 aut
2178 2478 2345 2519 Praestabit,

175 2520 266 2551 nostri
284 2520 427 2551 Cariffimi
440 2530 475 2551 ex
493 2531 565 2559 una,
596 2521 630 2550 &
647 2519 801 2550 Strenuum
819 2529 852 2550 ac
869 2519 1014 2550 Nobilem
1035 2519 1165 2550 Militem
1184 2520 1242 2550 Di-
1287 2528 1341 2549 nec
1360 2529 1375 2549 a
1393 2520 1444 2549 suis
1461 2518 1585 2549 Subditis
1610 2517 1680 2547 Dari
1702 2526 1750 2548 aut
1772 2516 1898 2548 Praestari
1918 2519 2062 2555 permittet
2079 2530 2088 2556 3
2112 2518 2159 2549 sed
2183 2519 2346 2557 hujusmodi

97 2582 100 2584 >
177 2559 286 2590 lectum
313 2560 346 2590 δε
371 2559 498 2589 Fidelem
522 2561 540 2578 ³
563 2558 695 2589 nostrum
717 2558 881 2596 Regentem
899 2559 928 2587 in
949 2558 1032 2588 Frisia
1051 2559 1085 2589 ὃς
1104 2558 1243 2589 Consilia·
1287 2557 1467 2588 Proditorem
1489 2557 1546 2586 sive
1567 2556 1728 2586 Proditores
1741 2578 1750 2594 ‚
1776 2555 1928 2586 Rebellem
1950 2556 2006 2586 five
2027 2555 2186 2593 Rebelles,
2211 2565 2346 2596 tanquam

27 2584 150 2654 ΐιξῘῙῘ·
178 2599 255 2628 rium
273 2609 290 2630 a
303 2598 422 2629 Secretis
438 2597 603 2628 Dominum
621 2596 797 2626 Wilhelmum
812 2596 938 2635 Truchses
954 2597 983 2626 in
1002 2595 1157 2634 &Valtpurg
1166 2596 1240 2627 Ora·
1286 2598 1433 2633 proprium
1455 2595 1607 2625 Rebellem
1634 2594 1689 2625 five
1709 2593 1840 2625 Rebelles
1852 2617 1861 2632 ,
1886 2593 2068 2625 Proditorem
2087 2595 2145 2625 five
2165 2595 2345 2635 Proditores,

166 436 331 476 Magnificis
357 436 540 475 Oratoribus,
558 438 592 468 ad
615 438 726 469 dierum
747 439 862 469 Locum
887 448 937 476 per
959 439 1064 468 dietam
1079 438 1225 468 Sereniffi-

167 485 246 506 mam
269 475 391 513 Regiam
415 475 620 507 Celsitudinem
642 477 729 507 mii'fis
744 494 754 514 3
779 477 814 506 de
837 477 937 507 oblatis
956 476 1056 506 Nobis
1077 476 1226 506 Amicitiae

166 513 305 550 Capitulis
323 514 528 553 Transigendi,
546 515 708 553 Literasque
733 516 766 546 &
791 514 939 552 Capitula,
959 513 1054 544 nostra
1075 523 1109 543 ex
1132 522 1227 551 parte,

163 551 280 589 Maiore
295 552 395 596 nostro
406 552 506 596 Sigillo
524 554 646 591 munita,
667 554 749 584 dictis
770 552 938 583 Oratoribus
958 551 1124 589 Offerendi,
1144 553 1227 581 vicis-

166 589 527 667 finfi‘iudeffiiissiiplgiiiiclquid
541 630 570 660 in
586 630 637 659 hac
653 638 683 659 re
696 628 767 659 dieti
783 627 873 658 nostri
888 628 1023 658 Oratores
1047 630 1171 668 egerint,
1187 628 1229 658 fe-

167 669 261 710 cerint
276 690 287 705 ‚
314 667 506 714 concluserint
522 690 532 705 ,
555 668 711 710 Sigilloque
741 666 841 697 nostro
866 666 979 704 Majore
1006 667 1230 710 roboraverint,

165 705 770 782 i‘ssffiassffifi‘afi‘ss'ffc’ofsa‘ss‘iifflass‘
777 705 1231 782 2¹0¹'51‘3202‘ssg‘i3532uss5s2z2s25321

168 782 314 851 ἓξὲξ-’δε
331 783 568 820 approbabimus,
584 791 634 819 per
648 781 847 822 praesentesque
863 782 1061 812 conservamus
1079 783 1112 814 &
1126 791 1231 822 appi-o·-

205 896 241 929 In
257 898 335 936 cujus
347 898 387 927 rei
401 892 503 927 Fidem
519 891 647 936 Sigillum
665 896 795 927 nostrum
808 895 860 926 hiis
875 897 979 935 apponi
991 896 1118 928 fecimus.

208 973 318 1005 Datum
336 982 371 1004 ex
385 977 444 1003 Dre
458 973 526 1011 den,
540 973 599 1004 Die
615 975 687 1004 vero
702 973 781 1012 jovis
795 972 937 1004 vicesima
954 972 1026 1004 sexta
1043 968 1151 1003 Mensis
1168 972 1233 1003 De·-

170 1013 294 1044 cembris
305 1032 315 1050 ‚
335 1012 425 1043 Anno
478 1012 570 1042 omini
586 1011 743 1042 Millelimo
760 1011 997 1051 Quingentesimo
1013 1013 1121 1049 quinto.

248 1088 302 1118 Sub
316 1087 408 1125 sigillo
416 1087 533 1127 praefati
549 1092 633 1118 Ducis
650 1089 681 1118 de
697 1091 764 1118 Cera
781 1088 882 1127 rubea,
900 1087 970 1117 albae
981 1087 1087 1128 ὶνῃῖκα,
1100 1088 1235 1126 pendente

271 1139 290 1156 a
304 1126 401 1165 duplici
416 1127 511 1157 Caudd
529 1129 714 1165 Pergamenae.

404 1276 564 1306 Conventio
587 1286 657 1307 cnm
678 1271 778 1306 eodem
804 1275 891 1306 Duce
908 1273 1010 1317 fa'71.

179 2644 290 2674 torem,
309 2635 566 2674 Ambaffiarorem,
589 2635 844 2674 Commissarium,
870 2636 927 2666 sive
950 2634 1167 2665 Procuratorem
1188 2646 1242 2668 no-

178 2675 268 2706 strum
280 2684 315 2706 eit
328 2675 429 2712 altera,
445 2675 562 2712 quidam
579 2674 718 2710 Articuli,
735 2674 791 2704 sive
805 2673 936 2712 quaedam
952 2673 1082 2711 Capitula
1093 2674 1240 2713 Trafflra,

175 2713 418 2750 Communicam,
436 2713 470 2743 ὃς
494 2712 679 2743 Concordata
701 2713 822 2750 fuerint,
841 2713 919 2742 sicuti
943 2713 973 2741 in
995 2713 1106 2742 Litteris
1126 2712 1241 2750 desuper

175 2752 339 2789 conseffis,
363 2752 414 2782 suis
436 2753 556 2789 propriis
581 2750 718 2781 Manibus
738 2752 914 2789 subscriptis,
942 2750 1050 2788 plenius
1070 2758 1180 2788 apparet
1206 2753 1240 2783 δί

175 2799 355 2828 continetur,

177 2866 304 2905 Qorum
318 2866 524 2903 Articulorum,
543 2856 742 2942 chopvsiftzlizuriis,
752 2863 815 2910 sive
829 2859 1004 2895 Litterarum
1017 2868 1101 2895 Tenor
1115 2865 1240 2905 fiquitur

608 2915 624 2932 1(
664 2914 706 2934 ,ιῖί
735 2914 822 2932 ΟῘΊΙΙα.

212 2980 374 3012 INl’RtMIS
390 3004 400 3018 ,
421 2979 592 3010 Tractatum
611 2979 645 3011 ὅτ
661 2978 880 3010 Concordatum
898 2978 939 3009 est
954 3003 963 3016 ,
984 2979 1063 3018 quod
1082 2981 1154 3011 inter
1173 2980 1239 3011 Illu-

175 3019 341 3050 striffimum
359 3020 392 3050 &
412 3017 620 3049 Sereniffimum
642 3018 805 3055 Principem
824 3020 970 3047 Henricum
989 3022 1130 3056 Septimum
1143 3042 1154 3058 ,
1180 3020 1239 3050 Dei

175 3058 279 3096 gratia,
297 3057 411 3095 Angliae
429 3060 600 3095 Francusque
622 3060 717 3094 Regem
736 3055 774 3091 ὠ·
793 3059 938 3086 Dominum
956 3057 1095 3086 Hiberniae
1115 3067 1149 3087 ex
1171 3057 1238 3087 Par-

175 3105 206 3127 te
223 3106 277 3127 una
290 3119 299 3133 ‚
323 3095 597 3132 Illustriffirnumquc
616 3093 780 3132 Principem
800 3094 960 3125 Dominum
986 3098 1125 3131 Georgium
1140 3119 1149 3133 ,
1177 3095 1236 3127 Dei·

175 3134 282 3173 gratia,
299 3134 424 3165 Ducam
445 3137 585 3173 Saxoniae,
606 3133 864 3163 LANDGRAFIUM
882 3137 911 3162 ἐκ
923 3136 1074 3171 Doringen,
1095 3134 1238 3164 [viancii-

176 3181 343 3203 GRAFmM
364 3176 394 3202 in
414 3172 545 3212 Mejszen
562 3194 572 3208 ,
597 3171 688 3209 Regis
706 3171 907 3201 Romanorum
928 3171 1092 3208 magestatis
1108 3173 1141 3202 &
1159 3172 1237 3204 Sacri

174 3210 292 3249 Imperii
319 3210 533 3240 Gubernatorem
557 3212 772 3240 Haercditarium
797 3210 825 3238 in
858 3209 942 3239 Frisia
967 3218 1000 3239 ex
1025 3210 1103 3241 Parte
1130 3211 1235 3250 altera,

176 3249 298 3288 Regna,
317 3249 475 3287 Dominia,
493 3248 612 3286 Patrias,
636 3249 668 3279 ὃ(
690 3248 768 3278 Loca
782 3257 978 3286 quaecunque,
1002 3258 1114 3278 necnon
1134 3250 1166 3280 &
1185 3259 1235 3280 eoa

174 3298 240 3318 rum
262 3287 398 3324 Vasallos,
425 3287 581 3324 Homines,
609 3288 642 3317 δε
658 3286 791 3317 Subditos
806 3308 816 3323 ,
837 3287 898 3316 tarn
916 3286 1126 3317 Ecclesiasticos
1145 3288 1233 3325 quam

174 3326 335 3364 seculares,
359 3325 549 3364 cujuscunque
567 3325 701 3362 Gradus,
721 3323 832 3361 Statim,
857 3325 890 3355 &
909 3324 1094 3355 Conditionis
1113 3326 1234 3365 fuerint,

173 3364 237 3394 tam
261 3374 309 3402 per
332 3364 454 3394 Terram
478 3365 564 3400 quam
591 3369 640 3400 per
663 3363 748 3393 Mare
767 3363 800 3393 ἃ(
819 3362 913 3400 Aquas
929 3363 1024 3392 dulces
1041 3386 1051 3401 ,
1075 3373 1108 3394 ac
1125 3365 1232 3402 ubique

175 3402 343 3441 Locorum,
360 3404 396 3433 ab
415 3402 466 3432 hac
486 3401 542 3431 Die
560 3400 596 3431 de
614 3410 720 3432 caetero
735 3402 830 3436 bona,
848 3402 943 3437 realis,
959 3401 1074 3439 iincera,
1093 3412 1174 3440 vera,
1187 3404 1232 3432 in-·

173 3448 267 3479 tegra,
290 3441 428 3478 perfec'ia,
454 3440 535 3470 firma
558 3440 709 3478 Amicitia,
726 3439 911 3481 Concordia,
928 3440 1013 3477 Liga,
1030 3439 1132 3478 Unio,
1147 3442 1232 3471 Con-

172 3478 344 3517 foederatio,
359 3481 391 3510 δε
409 3479 466 3508 Pax
480 3478 560 3508 firma
572 3487 656 3516 atque
673 3486 806 3517 perpetua
827 3480 858 3507 iit
878 3479 988 3515 habita,
1009 3480 1040 3508 ὃς
1062 3488 1112 3515 pro
1133 3480 1233 3510 futuris

172 3520 315 3586 ¹perpetuis
331 3518 505 3555 temporibus
517 3517 684 3548 inconcusse
697 3517 730 3547 &
743 3515 940 3546 inviolabiliter
954 3516 1094 3547 custodita
1108 3518 1141 3547 ὅ(
1157 3528 1230 3549 con-

186 3563 292 3592 ervata3
312 3556 347 3585 ita
360 3555 440 3593 quod
456 3555 550 3586 Partes
565 3555 709 3592 praedietae
718 3579 727 3594 ‚
745 3556 804 3585 viz.
818 3555 946 3592 praefatus
961 3555 1154 3586 Sereniffirnus
1167 3560 1228 3587 Rex

173 3593 288 3630 Angliae
301 3593 338 3628 &¹
350 3596 488 3631 francie,
505 3593 539 3623 &
550 3593 705 3624 antedictus
725 3592 925 3624 Illustriffimus
945 3593 1080 3631 Princeps
1103 3597 1228 3632 Georgius

173 3635 244 3662 Dux
267 3635 414 3666 Saxoniae,
439 3631 478 3660 sui
496 3630 634 3661 Haeredes
648 3653 658 3668 ,
682 3640 842 3668 eorumque
865 3630 1042 3661 Successores
1066 3631 1116 3661 lint
1139 3634 1225 3671 veri,

169 3670 336 3740 1ξιόὲιίεελὸε
349 3669 475 3707 perpetui
491 3668 604 3706 Amici,
618 3668 804 3707 Concordes,
820 3667 946 3707 Alligati,
965 3669 1080 3708 Vincti,
1095 3673 1129 3702 δε
1143 3671 1225 3702 Con-

182 3719 214 3739 oe
235 3717 311 3738 erati.
828 3738 830 3741 Ι
909 3738 912 3741 Δ

206 3747 253 3778 Ιτ
265 3754 338 3784 EM,
362 3743 443 3783 quod
461 3755 560 3775 omnes
578 3742 612 3776 δὲ
627 3744 725 3783 singuli
742 3744 880 3783 utriusque·
895 3744 1040 3777 dierorum
1058 3746 1225 3784 Principum

169 3794 330 3822 eorumque
347 3783 504 3813 Haeredum
523 3785 556 3814 &
574 3783 794 3821 Successbrum,
812 3793 858 3814 aut
875 3793 976 3814 eorum
993 3786 1101 3815 alterius
1125 3785 1224 3816 Vasalli

169 3825 205 3855 &
221 3823 350 3860 subditi,
367 3822 424 3852 five
440 3822 489 3852 sint
508 3821 667 3859 Principes,
688 3822 916 3860 Archiepiscopi,
936 3821 1086 3860 Episcopi,
1103 3823 1222 3862 Duces,-

172 3861 377 3898 Merchiones,
401 3859 548 3897 Comites,
571 3859 708 3896 Barones,
728 3859 916 3897 Mercatores,
933 3868 980 3889 aut
994 3861 1112 3895 cuiusvis
1129 3861 1223 3892 Status

171 3898 391 3930 Conditionisve
407 3897 541 3935 existant,
559 3897 675 3928 durante
691 3898 940 3936 Paceatitedieia‚
959 3898 1050 3929 ubivis
1069 3899 1221 3930 Locorum

171 3936 226 3968 sese
245 3940 348 3968 mutuis
367 3936 482 3966 Officiis
497 3935 695 3973 prosequantur
710 3958 720 3973 ,
746 3937 779 3966 &
797 3936 914 3966 honesta
933 3935 1096 3967 Affectione
1119 3947 1223 3975 pertra⁴

173 3975 255 4005 &etit
272 3997 282 4012 ,
305 3975 463 4013 possintque
487 3974 574 4004 libere
597 3975 657 4003 tute
681 3975 715 4004 δι·
741 3974 836 4003 secure
851 3974 953 4012 absque
970 3975 1081 4013 alicujus
1099 3975 1221 4007 Offensa

171 4022 220 4043 aut
237 4012 482 4043 Salvo-conductu
500 4012 556 4041 five
572 4011 703 4041 Licentia
721 4012 825 4049 ubique
844 4011 1009 4042 perlustrare
1026 4023 1075 4050 per
1090 4015 1221 4053 Terram,

171 4060 222 4089 per
243 4049 328 4080 Mare
345 4052 378 4082 &
403 4052 497 4088 Aquas
518 4049 613 4080 dulces
637 4049 783 4088 Navigare
797 4073 807 4088 ,
831 4050 1018 4090 hincindeque
1041 4051 1074 4081 ad
1097 4053 1198 4083 Portus
1211 4076 1222 4091 ,

172 4088 335 4158 Dominiaf,
349 4088 570 4157 Jssistrissus
594 4088 786 4127 quoscumque
807 4088 947 4127 utriusque
966 4089 1088 4127 ipsorum
1111 4090 1223 4122 Princi-

209 4130 281 4159 Tom.
324 4149 332 4157 .
376 4149 384 4157 .
438 4146 447 4156 .

1270 400 1398 441 nicipalia
1416 403 1531 446 antehac
1549 405 1648 435 sancita
1665 415 1724 435 non
1741 406 1856 438 obstent
1869 430 1880 446 ,
1903 407 2005 438 Emere
2021 409 2053 439 &
2071 408 2217 445 Vendere,
2241 416 2275 437 ac
2294 406 2326 437 utv

1272 445 1310 466 eis
1336 437 1470 480 placuerit
1490 441 1567 472 illinc
1589 443 1624 473 ad
1648 442 1742 474 Partes
1762 447 1887 483 proprias
1912 446 1957 476 vel
1979 447 2044 476 alibi
2064 446 2173 484 libere,
2196 446 2326 484 quotiens

1270 473 1401 519 duxerint
1414 477 1674 518 abeundum,abire
1690 492 1756 512 curn
1775 483 1827 513 suis
1843 493 1890 514 aut
1907 483 2057 514 conduffls
2073 485 2116 515 vel
2133 483 2326 514 commodatis

1272 511 1426 557 Navigiis,
1441 513 1588 559 Plaustris,
1608 518 1765 558 Vehiculis,
1783 520 1886 560 Equis,
1914 523 2082 561 Armaturis,
2111 522 2328 557 Mercimoniis,

1273 550 1440 589 sarcinulis,
1462 551 1563 599 Bonis,
1589 556 1622 585 δε
1639 557 1737 588 Rebus
1754 560 1993 597 quibuscumque,
2012 560 2114 598 absque
2132 561 2189 590 ullo
2206 558 2332 597 Impedi-

1275 599 1392 629 mento,
1418 590 1559 635 Offensa,
1585 593 1774 625 Arrestatione
1792 597 1831 626 ob
1847 597 1969 628 Causam
1990 598 2116 637 Marcae,
2143 598 2331 630 Contramasa

1275 637 1319 657 cae
1329 652 1338 666 ,
1356 628 1571 677 Reprisaliarum
1582 653 1592 669 ,
1606 640 1652 661 aut
1671 633 1722 663 alia
1736 634 1925 666 Distrietione
1944 646 2126 675 quacunque,
2142 637 2200 667 tam
2216 638 2245 666 in
2255 636 2330 666 Ter*

1275 675 1304 695 ra
1327 677 1414 711 quam
1437 678 1467 698 in
1494 668 1571 712 Mari
1596 670 1630 700 &
1653 670 1742 707 Aquis
1761 672 1906 712 dulcibus,
1923 675 2166 712 quemadmodum
2182 675 2278 705 Patriis
2300 675 2331 703 in

1274 714 1391 742 propriis
1404 707 1467 736 haec
1482 716 1579 737 omnia
1593 707 1735 745 facerent,
1750 718 1795 739 aut
1810 711 1848 740 eis
1864 722 1895 741 ea
1915 713 2005 743 facere
2031 715 2144 751 liceret,
2159 713 2273 744 Statutis
2295 714 2328 742 &

1274 741 1533 813 sClor-isuetudinibus
1546 745 1696 776 Locorum
1710 746 1850 785 utriusque
1864 749 2003 788 Principis
2019 753 2049 782 in
2067 753 2202 782 omnibus
2221 752 2330 788 semper

1285 793 1298 812 a
1310 792 1360 813 Vis.

1315 820 1446 858 ITEM,
1469 821 1658 853 Conventum
1679 822 1713 854 &
1733 821 1952 854 Concordatum
1970 826 2011 855 est
2028 850 2037 865 ,
2062 827 2140 864 quod
2159 835 2257 858 neuter
2277 836 2333 857 no-

1276 858 1371 890 strum
1389 858 1518 904 Patrias,
1543 859 1706 899 Dominia‚
1730 861 1852 900 Terras,
1878 861 2032 902 Civitates,
2056 866 2188 905 Oppida,
2213 865 2332 902 Portus,

1278 897 1412 928 Castrum
1438 898 1547 929 alterius
1572 898 1710 930 hostiliter
1736 900 1850 931 invadet
1875 908 1922 932 aut
1949 904 2118 940 expugnabit
2132 927 2142 942 ,
2167 913 2214 935 aut
2237 914 2253 934 a
2279 903 2333 933 suis

1279 936 1404 967 Subditis
1427 937 1464 967 fic
1481 935 1578 967 invadi
1592 947 1639 968 aut
1657 939 1805 977 expugnari
1820 941 1984 976 permittet:
2011 940 2055 970 sed
2073 942 2195 978 expresse
2210 944 2243 973 &
2264 950 2333 971 cum

1278 974 1386 1017 effeetu
1408 975 1571 1014 prohibebit
1589 977 1623 1007 δε
1638 977 1797 1014 impediet,
1825 988 1879 1008 nec
1893 979 1992 1016 aliquis
2009 978 2141 1009 nostrum
2158 981 2239 1010 alicui
2256 979 2335 1009 alteri

1279 1013 1469 1057 cujuscunque
1487 1012 1607 1056 Status,
1634 1014 1750 1057 Gradus
1762 1038 1771 1052 ,
1793 1024 1840 1046 aut
1863 1015 2049 1048 Conditionis
2068 1017 2163 1048 existat
2179 1041 2189 1055 ,
2212 1017 2333 1054 Patrias,

1280 1051 1439 1090 Dominia,
1457 1052 1576 1089 Terras,
1596 1051 1748 1091 Civrrates,
1764 1053 1895 1092 Oppida,
1915 1054 2036 1093 Portus,
2054 1054 2154 1087 Castra
2168 1057 2275 1086 alterius
2288 1055 2335 1085 In-

1279 1090 1392 1134 vadenti
1408 1099 1456 1121 aut
1470 1090 1664 1129 Expugnanti‚
1683 1090 1853 1123 Invadereve
1865 1101 1913 1124 aut
1926 1093 2094 1134 Expugnare
2107 1096 2223 1125 conanti
2236 1094 2337 1124 Consi-

1279 1128 1367 1166 lium,
1386 1129 1547 1166 Auxilium,
1567 1129 1722 1167 Pavorem,
1739 1131 1918 1168 Subsidium,
1938 1133 2053 1171 Naves,
2079 1132 2230 1171 pecunias,
2254 1132 2337 1163 Gen-

1280 1174 1322 1211 tes
1338 1167 1511 1205 Armorum,
1533 1167 1669 1198 victualia
1678 1191 1688 1206 ,
1706 1178 1753 1199 aut
1763 1169 1844 1199 aliam
1858 1169 2051 1201 Affistentiam
2065 1181 2267 1209 quamcunque
2284 1180 2338 1209 pu-

1281 1205 1358 1235 blice
1371 1206 1416 1235 vel
1428 1207 1545 1237 occulte
1561 1207 1637 1237 dabit
1652 1216 1697 1237 aut
1712 1207 1870 1246 praestabit‚
1886 1218 1940 1239 nec
1953 1219 1968 1239 a
1995 1209 2116 1240 Subditis
2140 1210 2192 1240 suis
2211 1211 2267 1240 dari
2290 1219 2339 1240 aut

1279 1243 1405 1311 tpraestari
1425 1245 1580 1276 consentiet
1593 1267 1604 1283 ‚
1626 1245 1670 1275 sed
1695 1246 1786 1282 palam
1806 1246 1839 1277 &
1858 1247 1983 1286 expresse
2007 1247 2170 1285 prohibebit
2187 1248 2221 1279 &
2245 1249 2336 1286 impe-

1301 1290 1346 1313 iet.

1319 1320 1445 1359 Irim,
1461 1313 1650 1354 Conventum
1672 1323 1705 1354 &
1728 1316 1949 1356 Concordatum
1975 1315 2034 1363 est,
2053 1325 2132 1364 quod
2147 1334 2263 1364 uterque
2285 1325 2339 1355 no-

1286 2634 1441 2665 Inimicum
1454 2634 1512 2664 five
1525 2633 1663 2663 Inimicos
1680 2632 1839 2671 Capitalem
1860 2632 1918 2663 five
1933 2632 2075 2670 Capitales
2091 2635 2198 2671 ubique
2210 2634 2345 2664 locorum

1286 2673 1484 2712 prosequetur:
1501 2671 1542 2702 Ita
1558 2672 1638 2710 quod
1652 2671 1816 2710 ubicunque
1830 2681 1898 2702 eum
1913 2672 1958 2703 vel
1971 2681 2020 2702 eos
2036 2680 2136 2708 capere
2151 2674 2270 2710 poterit,
2289 2673 2344 2703 sta-

1286 2713 1338 2741 titn
1362 2713 1396 2742 &
1417 2712 1472 2742 fine·
1491 2711 1623 2741 dilatione
1637 2717 1684 2740 aut
1699 2710 1877 2741 excusatione
1892 2719 2062 2753 quacunque
2076 2709 2170 2741 Poeni
2188 2709 2296 2748 Capitis
2309 2713 2343 2743 ὃς

1287 2750 1394 2780 Mortis
1410 2751 1506 2787 puniet
1517 2758 1563 2779 aut
1574 2749 1667 2786 puniri
1682 2748 1783 2786 faciet;
1799 2750 1833 2779 ὃ(
1849 2748 2001 2785 praesertim
2014 2753 2034 2778 ii
2047 2748 2210 2787 hujusmodi
2234 2750 2341 2780 Rebel-

1285 2789 1341 2819 lem
1360 2788 1416 2819 five
1432 2787 1579 2824 Rebelles,
1595 2786 1777 2817 Proditorem
1795 2786 1852 2816 sive
1866 2785 2028 2817 Proditores
2042 2787 2076 2816 ad
2091 2787 2214 2824 aliquem
2224 2787 2340 2818 Locum

1285 2827 1466 2858 Obedientiae
1486 2825 1591 2855 nostrae
1606 2847 1615 2862 ‚
1641 2825 1687 2855 vel
1709 2825 1818 2855 alterius
1837 2823 1969 2854 nostrum
1982 2824 2138 2860 declinare,
2157 2825 2252 2862 ibique
2266 2826 2341 2864 effe,

1284 2867 1389 2896 morari
1411 2865 1456 2896 vel
1478 2863 1583 2893 latitare
1604 2863 1796 2900 cognoverit:
1824 2861 1884 2892 Aut
1903 2862 1928 2891 'si
1949 2863 2008 2892 hoc
2032 2871 2081 2899 per
2096 2861 2215 2893 Litteras
2229 2864 2341 2894 alterius

1283 2903 1416 2933 nostrum
1429 2926 1438 2940 ,
1466 2903 1545 2939 cujus
1565 2900 1725 2938 hujusmodi
1747 2899 1873 2929 Rebellis
1892 2900 1950 2931 five
1970 2899 2122 2938 Rebelles,
2147 2900 2258 2932 Subditi
2280 2902 2337 2933 five

1283 2941 1416 2972 Subditus
1435 2940 1578 2971 extiterint
1599 2939 1654 2968 live
1666 2939 1801 2975 extiterit,
1819 2937 1896 2968 alteri
1909 2946 1944 2968 ex
1964 2937 2065 2968 Nobis
2077 2937 2261 2976 fignificatum
2276 2940 2340 2971 fue-

1284 2981 1337 3018 rit,
1355 2979 1430 3009 Eum
1442 2978 1487 3008 vel
1503 2977 1563 3007 Eos
1577 2976 1757 3013 immediate,
1772 2986 1803 3006 ut
1815 2976 1975 3015 praefertur,
1994 2978 2084 3014 capiet
2096 2984 2146 3007 aut
2158 2979 2221 3015 capi
2237 2978 2336 3016 faciet,

1283 3019 1317 3048 δε
1332 3019 1389 3048 fine
1405 3017 1537 3048 dilatione
1552 3024 1598 3045 aut
1608 3015 1785 3045 excusatione
1800 3024 1970 3053 quacunque
1979 3013 2074 3045 Poena
2081 3014 2189 3053 Capitis
2202 3017 2235 3047 &
2252 3016 2339 3047 Mor-

1283 3059 1317 3088 tis
1340 3057 1435 3094 puniet
1449 3063 1502 3123 ἶυτ
1517 3055 1607 3092 puniri
1626 3053 1726 3091 faciet,
1747 3053 1854 3091 Vigore
1869 3053 1952 3093 hujus
1965 3053 2127 3092 Amicitiae,
2145 3053 2337 3086 Confoedera-

1283 3097 1367 3127 tionis
1402 3097 1435 3127 ὃς
1477 3095 1538 3130 igae.

1318 3134 1365 3165 Ιτ
1376 3119 1395 3163 ἒ
1407 3141 1450 3170 M,
1470 3131 1638 3162 Coventum
1662 3131 1695 3160 &
1712 3128 1928 3160 Concordatuin
1947 3129 1988 3159 est
2004 3130 2101 3168 quod,
2119 3130 2139 3161 fi
2153 3132 2225 3161 inter
2235 3132 2334 3170 praefa‘-

1280 3178 1343 3204 tum
1359 3170 1568 3202 Sereniffimum
1588 3168 1701 3206 Angliae
1721 3167 1760 3203 ὠν
1784 3171 1905 3198 Franciae
1927 3170 2038 3205 Regem,
2053 3168 2113 3203 &c.
2132 3169 2166 3200 δε
2183 3170 2332 3206 praefatum

1280 3209 1495 3241 illustrissimum
1518 3210 1666 3245 Principem
1681 3229 1690 3244 ,
1711 3216 1849 3237 eorumve
1869 3206 1968 3245 Regna
1982 3229 1991 3243 ,
2016 3207 2118 3238 Patrias
2132 3229 2142 3245 ,
2166 3207 2304 3239 Dominia
2320 3233 2331 3248 ,

1279 3250 1382 3279 Terras
1397 3271 1406 3287 ,
1436 3247 1573 3277 Civitates
1589 3270 1598 3283 ,
1624 3245 1738 3283 Oppida
1752 3267 1762 3283 ,
1785 3245 1900 3283 Portus,
1919 3244 2034 3282 Castra,
2049 3247 2138 3283 aliqua
2155 3245 2329 3286 Contentio,

1279 3286 1479 3318 Controverlia
1505 3285 1561 3315 five
1593 3284 1715 3321 Qietela
1736 3292 1833 3313 exorta
1852 3283 1935 3312 fuerit
1949 3305 1959 3320 ,
1983 3284 2080 3313 eidem
2103 3283 2303 3316 Controverlia
2318 3309 2329 3325 ,

1279 3326 1439 3356 Contentio
1450 3347 1459 3362 ,
1478 3324 1534 3353 five
1550 3323 1671 3361 Qerela
1686 3332 1735 3359 per
1751 3321 1834 3352 Duos
1851 3321 2033 3351 Conliliarios
2050 3321 2219 3353 Sereniffimi
2234 3325 2331 3363 Regis,

1277 3365 1311 3395 ὃ(
1331 3365 1398 3394 alios
1422 3362 1506 3393 Duos
1528 3360 1708 3390 Consiliarios
1730 3359 1834 3397 praefati
1852 3358 2028 3389 illustrissimi
2049 3362 2177 3398 Principis
2191 3384 2201 3398 ,
2227 3364 2276 3400 qui
2298 3364 2328 3393 in

1275 3403 1346 3434 Villa
1362 3401 1476 3432 Caleliae
1489 3400 1559 3430 infra
1578 3399 1662 3429 Duos
1679 3398 1790 3428 Menses
1806 3407 1821 3427 a
1841 3406 1970 3436 tempore
1992 3397 2090 3428 delatae
2108 3399 2242 3438 Querelae
2256 3409 2330 3431 con-³

1276 3442 1373 3471 venire
1394 3440 1499 3470 debent
1514 3461 1524 3476 ,
1554 3437 1737 3468 amicabiliter
1759 3436 1886 3474 primurn
1905 3436 2037 3466 [metetur
2052 3459 2061 3474 ,
2084 3437 2117 3467 &
2139 3437 2210 3467 infra
2232 3444 2324 3471 unum

1274 3479 1406 3510 Mensem
1427 3488 1443 3508 a
1467 3486 1594 3514 tempore
1609 3485 1667 3514 quo
1683 3474 1720 3505 sic
1736 3475 1764 3504 in
1785 3474 1883 3504 eadem
1897 3473 1923 3503 V
1927 3474 1968 3504 illi
1986 3473 2101 3506 Calefiae
2119 3479 2324 3516 convenerint,

1268 3517 1408 3548 amicabili
1424 3515 1642 3555 Compofitione
1655 3514 1821 3543 terminetur
1833 3513 1866 3543 &
1885 3511 2009 3555 finiatur:
2029 3513 2175 3544 Caeterum
2188 3516 2205 3545 fi
2221 3516 2323 3546 eadem

1272 3556 1412 3594 Querela,
1430 3553 1607 3590 Contentio,
1626 3552 1681 3581 sive
1695 3551 1910 3587 Controversia,
1925 3552 1979 3588 fic,
1999 3559 2029 3581 ut
2044 3553 2237 3590 praeinitttur,
2255 3553 2320 3584 Dif-

1269 3595 1346 3625 finita
1367 3594 1423 3624 five
1445 3593 1610 3622 Terminata
1632 3599 1691 3619 non
1712 3590 1818 3626 fuerit,
1841 3589 2029 3619 Conventum
2049 3591 2082 3622 δε
2098 3590 2319 3624 Concordarum

1269 3633 1328 3671 est,
1347 3631 1426 3670 quod
1446 3630 1533 3660 iidem
1554 3628 1713 3659 Conliliarii
1725 3650 1736 3665 ,
1758 3626 1877 3665 sepositis
1900 3628 2034 3658 omnibus
2054 3629 2162 3659 Amore
2176 3652 2186 3666 ,
2213 3629 2293 3660 Odio
2307 3654 2320 3669 ‚

1267 3671 1377 3702 Favore
1388 3693 1397 3707 ,
1415 3669 1581 3699 Partialitate
1595 3689 1604 3704 ,
1621 3667 1654 3697 Sc
1667 3666 1789 3695 Timore
1804 3673 1976 3703 quocunque
1993 3665 2063 3697 infra
2078 3676 2166 3697 unum
2182 3665 2317 3700 Mensem

1265 3718 1336 3741 tunc
1349 3709 1480 3746 proxime
1494 3707 1527 3736 &
1546 3705 1707 3734 immediate
1721 3704 1897 3746 sequentem,
1911 3703 2030 3734 eandem
2042 3705 2197 3743 Qierehm
2209 3728 2218 3743 ‚
2236 3705 2319 3737 Con-

1266 3749 1441 3782 tentionem,
1459 3745 1516 3774 sive
1530 3742 1781 3779 Controverfiam,
1795 3750 1872 3779 Juxtta
1891 3742 1925 3772 &
1943 3742 2096 3773 secundum
2112 3742 2191 3780 quod
2207 3743 2260 3774 suis
2274 3745 2315 3776 sa-

1267 3788 1310 3816 nis
1329 3783 1529 3819 Conscientiis,
1548 3790 1619 3820 quos
1631 3782 1659 3809 in
1673 3790 1705 3810 ea
1718 3789 1796 3817 parte
1810 3781 1839 3809 iri
1856 3779 1992 3811 Domino
2005 3788 2172 3814 oneramus,
2189 3782 2224 3814 &
2236 3792 2314 3813 uter.

1264 3834 1320 3862 que
1344 3821 1475 3853 nostrum
1498 3828 1619 3857 onerat,
1641 3827 1754 3856 aequum
1778 3818 1919 3849 videbitur
1934 3842 1944 3858 ,
1969 3820 2092 3849 omnino
2109 3817 2263 3852 Diffinient
2278 3822 2315 3853 &

1262 3863 1453 3896 Tei-minent,
1468 3868 1589 3895 quorum
1603 3857 1721 3894 quidem
1734 3856 1906 3887 Sententiam
1918 3880 1927 3896 ,
1945 3857 2102 3887 Decretum
2120 3879 2129 3893 ‚
2147 3856 2318 3890 Deffinitios

1264 3910 1330 3932 nem
1341 3923 1350 3938 ,
1368 3899 1424 3928 sive
1445 3896 1721 3926 Determinationem
1740 3904 1857 3932 uterque
1875 3894 2009 3925 nostrum
2023 3896 2205 3933 approbabit,
2225 3898 2312 3929 nichil

1263 3946 1390 3976 unquam
1411 3935 1553 3973 quibusvis
1575 3933 1719 3963 Remediis
1735 3956 1744 3971 ,
1763 3935 1865 3970 quibus
1878 3933 2011 3964 omnibus
2025 3934 2059 3964 &
2072 3933 2184 3971 singulis
2199 3941 2315 3976 uterque

1264 3974 1394 4008 nostrum
1410 3974 1551 4003 renunciat
1566 3982 1616 4010 per
1631 3972 1796 4008 praesentes,
1815 3979 1915 4001 contra
1927 3976 1990 4001 earn
2003 3979 2223 4008 attemptaturus.

1303 4015 1410 4049 ITEM,
1429 4020 1459 4042 ut
1471 4009 1639 4047 dilpendiosa
1656 4010 1762 4040 Litium
1779 4010 1952 4046 Prorogatio
1965 4008 2119 4047 AEquitatis
2140 4020 2210 4042 com
2232 4012 2319 4044 endio

1265 4053 1446 4084 coherceatur
1463 4073 1471 4085 ,
1495 4050 1528 4078 ὃ(
1543 4048 1683 4086 utriusque
1702 4046 1831 4077 nostrum
1847 4047 1971 4078 Subditis
1980 4047 2100 4086 justitiae
2115 4059 2183 4080 com
2215 4061 2314 4082 ernen-

1265 4100 1328 4124 tum
1343 4089 1450 4122 facilius
1464 4086 1635 4117 ministretur
1647 4108 1658 4125 ‚
1672 4085 1862 4153 Qongentutn
1876 4087 1910 4118 &
1926 4084 2145 4119 Coneordanim
2216 4088 2295 4128 quod
2304 4103 2318 4126 ,-

1768 4133 1784 4153 e
1801 4133 1819 4153 2
2246 4137 2322 4163 quo-⁴
