2555 4266
683 157 1490 206 CONVENTIONEs,
1545 156 1934 209 L1TERAE,

218 183 268 222 70

63 255 142 287 Ann.
154 253 195 284 D.
252 254 351 285 Sciatis
371 251 451 292 quod
474 249 561 287 Noa,
667 288 672 294 ¹
697 290 702 294 .
766 289 770 294 ⁵
937 289 942 295 ⁸
986 288 993 295 ²
1127 289 1132 294 ι

86 303 171 333 1493.
252 293 302 324 De
328 291 527 333 Fidelitatibus‘
538 291 573 321 &
591 288 716 326 providis
734 287 1048 333 Circumspedtionibus
1063 309 1073 326 ‚
1091 287 1276 319 Dilee'torum

64 338 126 361 Heu.
145 342 170 368 7.
214 332 380 363 nostrorum
401 328 527 367 Magistri
544 350 554 365 ,
581 327 703 371 Galftidi
721 327 789 366 Elyi·
812 337 892 357 unius
919 326 1143 363 Capellanorum
1162 326 1276 356 nostro-

1318 244 1401 277 clesia
1418 243 1531 275 Sandiae
1550 242 1650 274 Mariae
1669 243 1794 281 perprius
1813 242 1873 273 fieri
1899 243 2082 276 consueverat
2105 246 2188 276 certis
2214 243 2387 276 Festivitati-
2408 241 2485 274 Ann.
2493 244 2536 278 D.

1317 285 1370 315 bus
1391 285 1425 315 &
1454 282 1566 313 Diebus
1584 292 1653 314 tunc
1673 280 1803 318 expressis
1851 282 1880 310 in
1906 282 2008 319 quibus
2033 284 2119 314 iidem
2138 285 2321 315 Parrochiani
2345 283 2379 314 ad
2426 292 2511 324 1493.

1316 321 1463 361 praefatam
1479 321 1635 352 Ecclesiam
1656 319 1767 351 San&ae
1787 303 1889 349 Mariae
1907 321 2062 351 convenire
2081 322 2191 359 possent
2208 346 2218 362 ,
2241 333 2273 353 ac
2293 323 2378 353 etiam
2397 326 2460 351 Heri.
2481 333 2509 359 7.
2526 338 2530 342 ·

215 380 300 408 rum,
346 369 458 399 ohannis
470 370 555 396 Curre
569 366 704 405 Janitoris
722 365 807 395 Villae
825 366 931 396 nostrae
950 365 1089 405 Berwyk,
1102 367 1135 397 &
1154 363 1275 396 Williel-

214 413 251 439 mi
271 411 398 445 Hungate
416 406 497 437 unius
512 404 547 435 N
551 413 745 435 umeratorum
764 403 904 443 Receptae
921 404 1026 435 nostrae
1037 428 1047 443 ,
1072 404 1182 443 plenius
1201 413 1274 435 con-

215 447 331 478 fidentes

250 469 467 522 Ipsos’nostros
488 491 572 512 veros
597 482 632 514 δε
651 481 823 512 indubitatos
845 480 1086 518 Commissarios,
1113 481 1274 518 Deputatos

211 525 246 556 &
266 523 401 553 Nuncios
422 519 613 559 ordinamus,
631 522 664 552 &
683 519 913 559 constituimus,
932 530 981 558 per
998 519 1164 556 praesentes,

249 561 358 591 Dantes
383 560 417 590 ὅ(
442 558 642 590 Concedentes
668 560 707 589 eis
729 560 842 597 plenam
868 558 1043 589 Potestatem
1060 558 1094 588 &
1113 557 1274 587 Audierita-

212 608 272 631 tem
291 609 324 630 ac
345 597 517 629 Mandatum
531 597 661 635 generale
679 599 713 630 δε
732 598 868 636 speciale,
888 598 946 628 tam
965 595 1075 626 easdem
1096 595 1200 626 Literas
1219 606 1274 625 no-

211 638 279 668 stras
298 639 427 670 Patentes
444 636 540 667 eidem
560 635 782 675 Consanguineo
798 635 898 666 nostro
917 633 1119 671 Deliberandi,
1138 633 1273 664 consimi-

211 677 304 715 lesque
329 676 435 707 Literas
463 675 498 705 ab
526 673 571 705 Eo
588 674 725 706 Nomine
745 675 842 705 nostro
860 672 1031 710 Recipiendi
1048 696 1057 708 ,
1082 672 1168 712 quam
1186 672 1274 716 Surri-

213 726 291 746 mam
310 714 392 745 Mille
410 717 589 751 Marcarum,
608 714 636 743 in
652 713 735 744 dietis
754 713 856 744 Literis
876 712 1081 750 specificatam,
1104 720 1156 749 pro
1176 710 1274 740 Resti-

211 755 322 785 tutione
340 754 373 785 &
393 752 513 791 plenaria
531 752 728 783 Satisfaetione
751 750 987 782 omnimodarum
1005 749 1197 793 Injuriarum‚¹
1210 748 1273 779 De-

209 793 416 830 praedationum
441 792 475 823 &
504 790 748 828 Attemptatorum
767 813 776 827 ‚
802 789 987 827 pendentibus
1009 788 1066 817 aliis
1090 787 1211 825 Treugis
1237 789 1271 818 &

211 831 390 862 Guerrarum
409 830 593 861 Abstinentiis
611 830 683 858 inter
701 828 770 858 Nos
787 829 820 858 ὅ(
839 827 963 858 eundem
982 825 1211 865 Confiznguineurn
1225 837 1273 854 no-

208 870 312 909 strum,
332 879 381 907 per
400 868 534 899 Subditos
553 866 664 896 nostros
685 866 808 897 Subditis
826 866 878 896 suis
894 874 1114 903 perpetratarum
1129 887 1138 901 ,
1157 874 1272 894 necnon

208 909 354 940 summam
373 908 584 948 Quinquaginta
601 905 750 934 Librarum
775 904 967 941 sterlingorum
984 904 1076 934 eidem
1094 902 1272 942 Consangui-

212 958 271 979 nco
286 947 386 977 nostro
404 947 494 983 ejusve
503 944 729 981 Commissariis,
750 943 899 980 Deputatis
917 943 973 973 sive
987 942 1112 979 nuncin,
1132 940 1274 976 sufficien-

211 994 271 1017 tem
291 984 460 1023 potestatem
478 983 515 1013 ab
534 983 591 1019 ipso
607 981 641 1011 ad
658 982 716 1012 hoc
734 981 920 1019 habentibus,
939 991 992 1018 pro
1008 980 1091 1010 nobis
1107 980 1140 1011 &
1154 982 1273 1011 nomine

210 1024 327 1060 nostro,
347 1022 492 1059 tradendi,
510 1020 653 1057 solvendi,
672 1020 705 1050 δι’
723 1019 911 1057 deliberandi,
932 1019 1092 1056 Literasque
1111 1020 1274 1057 acquietati-

211 1065 257 1094 tiae
281 1060 447 1092 sufficientes
461 1084 469 1096 ,
488 1059 639 1089 solutiones
657 1059 832 1089 summarum
855 1059 1053 1096 praedietarum
1071 1057 1250 1088 testificantes
1263 1082 1273 1096 ,

208 1103 245 1132 ab
260 1100 362 1131 eodem
381 1098 601 1136 Consanguineo
617 1096 716 1127 nostro
729 1105 776 1128 aut
791 1098 848 1136 ejus
864 1096 1093 1133 Commiffariis,
1111 1096 1273 1134 Deputatis,

208 1140 266 1170 five
286 1138 412 1168 Nunciis
425 1160 435 1175 ,
458 1138 486 1166 in
506 1137 558 1166 hac
578 1144 654 1173 parte
673 1135 847 1166 Potestatem
867 1135 1051 1174 habentibus,
1069 1145 1122 1174 pro
1140 1136 1222 1167 nobis
1238 1138 1272 1167 &

207 1178 325 1209 nomine
344 1175 461 1213 nostro,
479 1174 611 1213 petendi,
629 1174 757 1212 exigendi
774 1175 807 1205 &
826 1173 999 1212 recipiendi,

245 1216 414 1253 Caeteraque
439 1215 537 1244 omnia
562 1214 595 1244 ὃ(
621 1212 747 1252 fingula,
771 1222 836 1251 quae
860 1213 890 1242 in
915 1212 1061 1251 praemiffis
1084 1213 1129 1243 seu
1147 1214 1224 1244 circa
1239 1223 1271 1244 ea

207 1254 357 1286 necessatia
379 1253 483 1283 fuerint
509 1252 554 1282 seu
581 1251 804 1289 quomodolibet
824 1259 964 1289 oportuna
980 1276 989 1290 ,
1014 1251 1155 1290 faciendi,
1176 1262 1273 1283 excer-

208 1293 314 1332 cendi,
332 1290 506 1330 exequendi,
526 1291 559 1321 ὃς
579 1289 764 1329 expediendi,
778 1291 815 1320 ita
834 1291 867 1321 &
887 1291 990 1321 eodem
1011 1289 1102 1320 modo
1120 1299 1205 1328 prout
1219 1301 1273 1323 nos

208 1332 258 1401 ipiIi
275 1332 436 1400 faceretni‘igjt
450 1329 496 1360 seu
513 1329 607 1360 facere
625 1328 769 1367 possemus
785 1329 805 1360 fi
822 1329 971 1368 praesentes
988 1328 1195 1361 interessemus.

257 1380 276 1401 n
292 1379 387 1409 quuS,
439 1378 465 1400 c.

241 1446 330 1478 Teste
348 1446 432 1486 Rege
449 1445 524 1484 apud
542 1445 819 1485 Wstmonasterium,
835 1447 901 1485 xviij
917 1446 964 1477 die
977 1445 1056 1486 Julii.

281 1580 514 1612 conventionum
528 1581 628 1612 Scotiae
646 1580 818 1626 Ratficatio
827 1591 882 1627 per
899 1582 1054 1613 Scotorum
1073 1582 1191 1628 Regem.

1316 361 1456 393 Fontibus
1481 359 1688 400 baptismalibus
1711 359 1855 396 exceptu,
1885 367 1956 400 quos
1979 359 2028 396 ipsi
2054 362 2134 390 Prior
2156 361 2195 396 ὠ·
2222 365 2379 392 Conventus

1314 401 1449 431 volebant
1475 400 1504 429 in
1528 398 1630 430 eadem
1654 397 1823 428 Patrochiali
1848 395 1973 427 Ecclesia
1992 401 2129 435 perpetuo
2148 409 2314 438 remanere,
2337 400 2375 431 de

1311 449 1393 470 novo
1411 437 1549 469 Construi
1568 437 1765 475 permiserant,
1785 445 1817 466 ac
1837 443 1940 465 extunc
1958 434 2029 479 dieti
2050 435 2229 469 Patrochiani
2251 439 2373 478 Missas,

1312 478 1346 508 &
1373 478 1423 508 alia
1448 476 1557 506 Divina
1576 475 1684 507 Officia
1703 475 1864 506 audiverant
1891 475 1924 505 &
1943 473 2116 511 audiebant,
2143 486 2257 508 necnon
2276 478 2376 509 Sacra-

1313 524 1408 546 menta
1427 514 1588 553 hujusmodi
1612 523 1773 552 receperant
1796 514 1831 544 &
1856 512 2029 550 recipiebant
2048 513 2076 543 in
2096 513 2213 552 Capella
2231 525 2376 548 memora-

1312 553 1340 584 ta
1351 576 1361 591 ,
1378 553 1514 591 quodque
1533 553 1644 584 SancCtae
1660 552 1763 583 Mariae
1779 551 1938 590 praedi&ae,
1956 551 1989 581 &
2008 550 2191 583 Parrochialis
2207 553 2301 585 Sancti
2319 555 2375 586 Bo-

1311 591 1372 622 tolfi
1395 601 1484 629 prope
1509 591 1623 622 dictum
1648 590 1859 622 Monasterium
1873 613 1882 628 ,
1907 590 1940 620 δε
1968 598 2045 620 extra
2072 589 2192 621 Portam
2221 591 2258 621 de
2275 593 2375 631 Algate

1312 628 1465 668 Ecclefiae,
1482 639 1569 667 quam
1588 629 1706 668 quidem
1724 629 1881 660 Ecclesiam
1900 628 1997 659 Sansti
2018 627 2139 667 Botolfi,
2155 629 2284 667 praedicti
2295 634 2375 661 Prior

1311 666 1349 702 ὠ·
1366 672 1540 706 Conventus,
1556 675 1588 699 ut
1606 668 1780 706 afferebant,
1799 666 1950 698 Canonice
1969 668 2101 698 tenebant
2117 669 2147 697 in
2166 668 2227 700 usus
2245 671 2374 707 proprios

1312 707 1483 737 eorumdem
1493 729 1503 745 ,
1527 716 1578 744 per
1592 706 1732 737 Ydoneos
1748 706 1914 737 Canonicos
1930 706 1999 737 dieti
2018 705 2188 737 Monasterii
2203 730 2213 745 ‚
2229 708 2263 738 ad
2281 707 2373 739 solum

1310 753 1413 775 nutum
1437 747 1540 775 Prioris
1565 744 1690 783 ejusdem
1717 743 1885 775 Monasterii
1912 754 1965 782 pro
1979 754 2110 782 tempore
2127 745 2271 777 existentis
2287 770 2296 785 ,
2315 745 2374 778 Po-

1309 783 1417 814 nendos
1434 785 1469 815 &
1487 783 1693 821 Amovendos,
1711 784 1796 814 etiam
1816 794 1831 814 a
1851 783 1993 814 Ducentis
2013 784 2121 821 Annis,
2139 794 2172 815 ac
2189 786 2257 815 citra
2275 787 2309 817 ὃς
2331 786 2375 816 ul-

1310 830 1350 851 tra
1366 845 1375 860 ,
1402 823 1486 852 etiam
1506 823 1608 860 absque
1627 822 1800 860 quicunque
1816 822 2044 853 contradictione
2058 845 2069 862 ,
2093 823 2127 855 &
2145 824 2349 863 interruptione
2363 847 2374 862 ,

1309 868 1379 890 tunc
1399 861 1601 891 consueverant
1618 861 1786 900 gubernare:
2005 867 2008 869 ’

1349 898 1412 937 Et,
1439 909 1492 937 pro
1516 898 1599 930 Parte
1625 899 1748 936 ipsorum
1773 901 1876 928 Priori‘s
1896 897 1934 934 ὠ
1955 902 2135 940 Conventui,
2160 902 2244 931 eidem
2260 900 2370 939 Angelo

1309 936 1493 976 Supplicato,
1509 946 1540 968 ut
1557 939 1585 967 in
1605 936 1759 968 Praemiffis
1785 938 1833 975 (ne
1851 939 1926 967 circa
1945 947 1976 967 ea
1995 939 2066 975 ipsos
2085 940 2115 969 in
2132 939 2261 971 futurum
2281 942 2375 971 mole-

1309 975 1373 1005 stari
1397 977 1588 1015 contingeret)
1614 975 1676 1014 ipsis
1702 977 1846 1014 oportune
1873 975 2022 1013 providere
2045 977 2073 1007 di
2093 986 2221 1017 naretur,
2236 978 2373 1018 praefatur

1308 1015 1433 1051 Angelus
1451 1014 1611 1052 hujusmodi
1626 1014 1884 1052 Supplicationibus
1900 1024 2045 1051 annuens,
2099 1015 2185 1047 ilceto
2204 1017 2280 1049 Filio
2294 1021 2372 1048 Prio-

1307 1057 1333 1083 ri
1353 1053 1497 1083 Prioratu‘s
1520 1055 1538 1073 '¹‘
1558 1055 1652 1084 Sandli
1670 1052 1857 1083 Bartholomei
1879 1062 1956 1083 extra
1976 1053 2080 1084 Muros
2098 1053 2260 1087 Londoniae
2275 1080 2285 1095 ,
2313 1059 2371 1095 ejus
2392 1062 2408 1079 ‘
2429 1062 2500 1091 XII,

1306 1094 1426 1123 nomine
1453 1093 1569 1130 proprio
1594 1102 1653 1123 non
1673 1092 1802 1129 expresso
1816 1116 1825 1130 ,
1851 1091 1903 1122 suis
1928 1091 2005 1122 dedit
2025 1092 2139 1124 Litteris
2157 1095 2185 1124 in
2204 1094 2368 1141 Mandatisn,
2387 1110 2455 1137 547.

1310 1139 1341 1161 ut
1368 1131 1404 1162 de
1430 1131 1586 1162 Praemiffis
1609 1131 1746 1162 omnibus
1769 1131 1804 1162 δε
1823 1130 1956 1168 singulis,
1984 1130 2018 1161 ὅ(
2032 1141 2132 1162 eorum
2152 1133 2371 1167 circumstantiis

1308 1170 1442 1201 univerfis
1460 1170 1486 1201 se
1503 1170 1649 1209 diligenter
1665 1170 1831 1200 informaret
1865 1170 1898 1200 ὃς
1918 1169 1936 1199 si
1956 1179 2004 1208 per
2022 1168 2259 1202 informationem
2278 1173 2371 1212 hujus-

1310 1208 1391 1240 modi
1407 1211 1443 1239 ita
1461 1209 1517 1240 effe
1532 1210 1693 1246 inveniret,
1719 1192 1857 1248 praemiisa
1879 1208 2058 1239 Aufioritate
2081 1209 2249 1246 Apostolica
2265 1212 2372 1243 confir..

1309 1257 1415 1286 maret,
1432 1248 1551 1286 ipsisque
1565 1247 1657 1278 Priori
1670 1248 1703 1278 ὃς
1719 1247 1886 1278 Conventui
1901 1256 1934 1277 ex
1950 1247 2124 1279 habundanti
2140 1249 2247 1280 cautela
2264 1260 2372 1283 conce-

1308 1286 1404 1325 deret,
1420 1295 1452 1318 ut
1467 1286 1712 1326 quemadmodum
1731 1286 1767 1316 ab
1781 1285 1885 1316 eisdem
1900 1287 2077 1323 temporibus
2091 1311 2101 1323 ,
2119 1288 2152 1318 &
2167 1297 2216 1325 per
2231 1288 2284 1326 ipsa
2299 1299 2373 1321 tem-

1309 1336 1395 1364 pora,
1414 1324 1584 1362 Praemiffis,
1603 1334 1634 1356 ut
1651 1324 1817 1363 praefertur,
1840 1325 1877 1354 uli
1898 1325 2007 1355 fuerant
2021 1325 2138 1362 pacifice
2155 1326 2188 1357 &
2204 1329 2316 1366 quiete,
2337 1329 2373 1360 ita

1309 1365 1395 1395 etiam
1420 1366 1459 1394 eis
1483 1366 1522 1395 uti
1541 1365 1665 1396 valerent
1686 1365 1715 1394 in
1740 1365 1867 1394 futurum
1883 1385 1894 1401 ‚
1916 1371 2001 1401 prout
2014 1365 2045 1394 in
2058 1364 2122 1403 ipris
2138 1364 2250 1396 Litteris
2264 1367 2375 1405 plenius

1307 1412 1486 1434 continetur:

1348 1441 1430 1472 Cum
1454 1451 1547 1472 autem
1572 1441 1641 1472 sicut
1662 1441 1786 1472 exhibita
1808 1440 1910 1471 Nobis
1935 1451 2024 1480 nuper
2047 1452 2100 1480 pro
2124 1441 2207 1474 Parte
2227 1443 2375 1475 diCtorum

1307 1483 1410 1510 Prioris
1424 1479 1462 1516 ὠ·
1478 1481 1653 1517 Conventus,
1672 1482 1771 1518 petitio
1785 1481 1967 1517 continebat,
1987 1480 2119 1513 Diieecus
2142 1482 2227 1513 Filius
2242 1483 2376 1514 Robertus

1307 1519 1404 1549 Soucho
1421 1519 1586 1550 Canonicus
1599 1519 1837 1556 Lichefeldensis,
1855 1520 1901 1549 cui
1918 1519 2005 1549 daus
2025 1522 2105 1550 Prior
2119 1521 2243 1559 ejusdem
2258 1521 2374 1553 Priora-

1307 1557 1353 1589 tsis
1375 1558 1454 1596 super
1476 1557 1628 1589 Praemiffis
1651 1558 1775 1590 totaliter
1795 1557 1972 1588 commiserat
1989 1558 2073 1590 Vices
2092 1560 2150 1591 suas
2166 1568 2263 1599 Vigore
2280 1561 2372 1592 Litte-

1307 1606 1401 1626 rarum
1417 1597 1448 1627 &
1468 1596 1688 1628 Commiffionis
1721 1597 1917 1634 raedietaium,
1934 1596 1967 1627 ad
1984 1596 2192 1629 Executionem
2207 1600 2374 1631 earumdem

1306 1634 1480 1666 Litterarum
1497 1636 1674 1674 procedens,
1715 1634 1834 1666 raemissa
1848 1637 1945 1666 omnia
1956 1636 1988 1666 ὃς
2004 1636 2125 1675 lingula,
2146 1639 2210 1676 quia
2226 1648 2257 1669 ea
2272 1648 2375 1677 reppe-

54 1672 132 1703 Ann.
143 1671 183 1702 D.
234 1668 359 1707 Ambus,
376 1667 434 1713 Dei
447 1668 553 1706 gratia,
571 1672 633 1699 Rex
650 1673 784 1713 scotorum
800 1669 931 1714 universis
945 1669 979 1700 &
993 1667 1124 1707 singulis,
1144 1669 1179 1699 ad
1195 1679 1270 1709 quo-
1306 1674 1341 1704 rit
1357 1674 1420 1705 fore
1435 1685 1517 1712 vera,
1533 1674 1641 1705 duxerit
1658 1673 1884 1711 Confirmanda,
1911 1684 1995 1711 prout
2009 1676 2038 1705 in
2054 1675 2179 1713 quodam
2196 1676 2374 1708 Instrumen-

76 1720 162 1750 1493.
252 1718 316 1738 rum
332 1716 444 1738 notitias
463 1707 609 1744 praesentes
629 1708 732 1739 Literae
748 1717 944 1747 pervenerint,
968 1707 1104 1738 Salutem.
1305 1721 1337 1742 to
1352 1712 1474 1743 publico
1487 1713 1553 1743 inde
1567 1713 1703 1744 confecto
1714 1736 1723 1749 ,
1737 1712 1838 1750 Sigillo
1858 1712 1928 1742 dieii
1944 1712 2086 1744 Canonici
2109 1716 2222 1746 munito
2233 1738 2242 1753 ,
2266 1715 2372 1747 dicitur

52 1754 106 1778 An.
126 1751 154 1778 8.
252 1746 420 1776 ScIA'rts
462 1744 549 1776 Nos
581 1746 823 1778 INSPEXISSE
860 1755 913 1778 ΕΤ
945 1745 1269 1778 INTELLEXISSE
1307 1751 1417 1789 plenius
1433 1752 1594 1787 contineri,
1613 1761 1666 1789 pro
1681 1751 1764 1781 Parte
1776 1750 1923 1781 dierorum
1939 1753 2041 1781 Prioris
2057 1751 2096 1787 όν
2116 1753 2274 1784 conventus
2297 1754 2372 1786 Mo-

53 1793 88 1816 Η.
109 1798 134 1823 7.
208 1793 260 1823 QU
272 1794 290 1814 Α
302 1793 330 1815 Μ
339 1794 360 1814 D
371 1794 388 1814 Α
400 1792 427 1814 Μ
454 1782 498 1813 ΙΝ
510 1793 531 1814 D
542 1794 559 1814 E
568 1793 591 1814 N
600 1793 622 1814 'r
633 1794 655 1815 υ
667 1794 689 1816 R
699 1795 719 1816 Α
730 1793 766 1816 Μ.
1056 1824 1061 1830 .
1309 1789 1418 1820 nasterii
1433 1790 1547 1821 Samstae
1560 1790 1706 1820 Trinitatis
1720 1790 1804 1819 nobis
1826 1789 1877 1819 fuit
1891 1789 2036 1820 humiliter
2050 1790 2245 1830 Supplicatum
2254 1816 2264 1832 ,
2281 1801 2313 1824 ut
2331 1795 2373 1824 ei-

52 1831 94 1856 Ex
111 1831 168 1855 Aa.
243 1823 267 1853 F
276 1831 378 1867 AtcTA
390 1830 417 1852 M
445 1823 519 1861 apud
533 1824 787 1868 Burgum-nostrum
800 1825 832 1854 de
846 1823 1008 1862 Edinhurgh
1023 1822 1172 1868 Vicesimo
1187 1826 1272 1863 quin·
1309 1829 1378 1859 dem
1403 1828 1598 1860 Instrumento
1614 1853 1624 1866 ,
1648 1829 1694 1859 seu
1718 1827 1941 1858 Confirmationi
1964 1827 2085 1866 ejusdem
2107 1828 2252 1861 Canonici
2265 1830 2373 1862 Robur

51 1874 115 1901 mgr,
205 1869 236 1892 to
262 1861 321 1892 Die
348 1860 456 1892 Mensis
482 1863 497 1878 *
512 1860 593 1899 Junii
613 1861 717 1893 ultimo
737 1863 829 1901 elapso
845 1887 854 1902 ‚
882 1864 954 1894 inter
972 1862 1196 1893 Commlffarios
1215 1874 1270 1894 no·-
1309 1868 1486 1906 Apostolicae
1503 1867 1740 1898 Confirmationis
1753 1867 1872 1905 adjicere
1888 1866 1924 1896 de
1940 1866 2048 1904 speciali
2060 1868 2147 1906 gratia
2160 1869 2359 1908 dignaremur:

52 1905 69 1920 ⁶
87 1905 152 1933 ΧΠ.

53 1944 120 1978 54⁶·

204 1900 273 1931 stros
297 1910 331 1931 ex
357 1910 412 1930 una
428 1922 438 1937 ‚
464 1899 498 1930 &
518 1899 738 1932 Commissarios
756 1901 989 1933 Excellentiffimi
1008 1900 1147 1939 Principis
1170 1901 1270 1933 Fratris

203 1940 236 1970 &
255 1938 467 1978 consanguinei
487 1938 578 1969 nostri
594 1939 741 1970 Cariffimi
759 1940 882 1971 Henrici
902 1940 993 1978 Regis
1011 1940 1124 2008 ΑῐιὶΙΙίῘεε
1140 1939 1270 1973 Partibus

202 1979 239 2008 ab
265 1978 371 2015 altera,
398 1976 447 2007 sub
473 1987 577 2008 eorum
603 1978 702 2016 Sigillis
723 1980 756 2010 &
781 1979 1039 2017 Subscriptionibus
1104 1980 1270 2019 annalibus,

202 2016 333 2053 Treugas
351 2017 383 2047 &
401 2015 579 2047 Guerrarum
595 2017 785 2049 Abstinentias
803 2028 836 2049 ac
851 2019 1073 2057 Prorogationes
1089 2018 1269 2056 earumdem,

204 2056 278 2086 inter
300 2055 407 2085 Scotiae
431 2055 465 2084 ὃ(
493 2054 605 2092 Angiiae
634 2055 756 2094 Regna,
784 2066 902 2088 necnon
917 2057 979 2087 alias
999 2055 1217 2088 Conventiones
1236 2058 1270 2089 &

203 2094 472 2132 Appunetuamenta
493 2094 521 2122 in
540 2094 566 2124 se
583 2096 796 2124 continentem.

240 2132 322 2171 eujus
341 2132 445 2174 quidem
462 2132 619 2162 Indenturae
637 2137 722 2164 Tenor
733 2134 860 2173 sequitur
877 2137 906 2165 in
925 2132 994 2164 hunc
1009 2134 1121 2164 modum.

238 2210 338 2241 Hinc
366 2209 651 2249 lunen-runa,

240 2249 378 2279 FacTA
408 2249 481 2291 apud
500 2247 669 2288 Edinbuigh
686 2273 695 2289 ‚
713 2248 860 2281 Vicesimo
880 2250 994 2289 Qiinto
1013 2249 1074 2281 Die
1094 2249 1201 2280 Mensis
1216 2249 1269 2288 Ju-

203 2289 256 2325 nii,
277 2288 364 2318 Anno
385 2286 508 2316 Domini
526 2286 682 2317 Millelimo
696 2312 705 2324 ,
734 2289 1022 2327 Quadringentesimo
1035 2312 1044 2327 ‚
1067 2289 1267 2329 Nonagesimo

201 2327 305 2406 Terstio
323 2351 332 2365 ,
358 2328 428 2356 inter
447 2326 479 2356 N
484 2336 516 2356 os
532 2350 541 2364 ,
567 2326 746 2356 Willielmum
765 2327 980 2367 Abirdonensem
998 2327 1153 2367 Epifiopum
1171 2351 1180 2367 ‚
1205 2327 1266 2364 &c.

202 2373 234 2396 ut
266 2374 340 2403 upra.

240 2407 301 2442 Qu
316 2411 370 2434 AM
387 2410 551 2443 qumi-,M
572 2402 886 2443 mummium,
905 2404 1183 2444 acConventiones,
1204 2406 1267 2444 Ap-

203 2444 424 2481 punc'tuanienta
450 2443 483 2472 ὃς
503 2442 711 2474 Conclusiones
727 2444 756 2473 in
774 2445 874 2474 eadem
894 2453 1029 2475 contenta
1050 2467 1060 2482 ‚
1084 2446 1112 2474 in
1132 2445 1269 2476 omnibus

203 2483 255 2512 suis
281 2481 398 2511 Punstis
427 2481 459 2511 &
487 2480 618 2511 Articulis
645 2491 678 2511 ac
705 2481 936 2513 Circumstantiis
956 2482 1007 2514 suis
1024 2483 1269 2524 quibuscumque,

204 2521 406 2589 {improbamus
421 2542 431 2556 ‚
455 2518 618 2550 Laudamus
633 2542 643 2558 ,
662 2520 864 2560 RatisicamuS,
883 2524 915 2553 &
938 2532 987 2560 per
1008 2521 1163 2554 Praesentes
1184 2522 1269 2554 Con-

227 2569 352 2588 rmamiis

243 2581 465 2638 Promiti’entes,
483 2596 551 2626 Nos
571 2596 649 2627 boni
667 2596 736 2627 Fide
753 2598 785 2628 ὃς
804 2598 832 2627 in
853 2597 954 2629 Verbo
972 2598 1068 2639 Regio
1084 2623 1094 2638 ‚
1117 2602 1216 2632 omnia
1234 2602 1267 2633 &

204 2636 307 2674 singula
324 2636 352 2664 in
371 2634 533 2670 huiusmodi
552 2634 704 2666 Iiidentura
721 2644 870 2675 contenta,
887 2646 940 2675 pro
959 2638 1106 2669 Terminis
1122 2640 1152 2670 in
1166 2640 1267 2672 eadem

203 2673 364 2715 expressatis
373 2697 382 2711 ,
400 2672 616 2704 Observaturos.

241 2750 276 2781 In
299 2752 376 2788 cujus
400 2752 440 2781 rei
459 2750 677 2782 Testimonium
703 2751 752 2782 has
770 2751 878 2784 Literas
895 2753 1003 2784 nostras
1021 2753 1071 2785 sub
1091 2753 1205 2794 Magno
1223 2755 1267 2786 Si-

204 2790 271 2833 gillo
290 2790 388 2820 nostro
407 2789 466 2820 fieri
486 2790 606 2821 fecimus
648 2790 721 2828 apud
734 2791 910 2829 Edinburgh,
934 2792 1079 2823 Vicefimo
1099 2792 1157 2823 Die
1179 2793 1269 2825 Men-

204 2832 236 2860 iis
250 2828 315 2866 Julii
335 2829 422 2873 Anno
442 2829 567 2872 Domini
587 2812 760 2872 Nfilleiimo,
781 2831 1089 2870 Quadringentesimo,
1107 2831 1270 2873 Nonagesi-

207 2877 258 2899 uio
275 2868 398 2906 TertiO,
413 2868 446 2900 &
466 2868 561 2907 Regni
579 2866 669 2899 nostri
687 2867 784 2900 Sexto.

1346 1907 1416 1939 Nos
1431 1908 1532 1946 igitur,
1551 1905 1712 1945 hujusmodi
1730 1905 1986 1944 supplicationibus
2000 1906 2145 1946 inclinati,
2164 1906 2376 1939 Confirmatio-

1310 1955 1377 1977 nem
1395 1946 1537 1984 praefatam
1589 1944 1695 1976 etiamsi
1729 1944 1861 1982 ostquam
1878 1943 2059 1976 Venerabiles
2077 1945 2183 1976 Fratres
2198 1946 2288 1978 nostri
2303 1947 2374 1978 San-

1311 1984 1367 2015 &ae
1381 1984 1525 2015 Romanae
1541 1969 1675 2015 sscciefiae
1737 1983 1872 2022 rdinaleS,
1888 1982 1924 2014 de
1938 1993 2060 2021 quorum
2077 1983 2216 2015 Numero
2231 1994 2299 2016 tunc
2313 1996 2374 2016 era-

1309 2033 1397 2061 mus,
1408 2025 1444 2054 ab
1461 2024 1516 2054 eod
1887 2032 1955 2053 cum
1973 2022 2018 2053 sua
2035 2022 2122 2053 Curia
2134 2024 2163 2053 in
2180 2023 2305 2055 Civitate
2314 2024 2377 2056 Lu-

1306 2062 1419 2094 canensi
1440 2062 1600 2100 residebat,
1626 2060 1788 2092 recedentes
1810 2060 1844 2091 ad
1868 2059 2024 2092 Civitatem
2043 2061 2242 2101 Pisanensem,
2265 2064 2292 2093 in
2317 2063 2374 2101 qua

1307 2112 1378 2133 cum
1392 2101 1488 2132 nostra
1504 2101 1594 2132 Curia
1611 2100 1798 2138 Refidemus,
1815 2099 1987 2131 accesserant
2003 2123 2013 2138 ,
2038 2110 2087 2140 per
2104 2100 2226 2132 eundem
2244 2100 2375 2133 Canoni-

1308 2151 1377 2171 cum
1393 2141 1465 2172 faCia
1482 2140 1581 2177 fuerit,
1600 2141 1633 2171 &
1655 2140 1754 2170 omnia
1772 2138 1837 2169 inde
1857 2138 1948 2170 secuta
1962 2163 1972 2178 ,
1989 2140 2059 2170 sicut
2072 2141 2193 2177 provide
2207 2140 2280 2171 facia
2295 2140 2375 2180 sunt,

1307 2179 1380 2210 Rata
1395 2179 1545 2216 habentes,
1562 2180 1594 2210 &
1613 2177 1718 2216 Grata,
1733 2187 1766 2208 ea
1780 2177 1961 2209 Auetoritate
1976 2177 2141 2214 Apostolica
2150 2177 2374 2218 Confirmamus,

1305 2219 1339 2249 ὃ(
1367 2218 1506 2255 praesentis
1526 2218 1630 2255 Scripti
1648 2217 1812 2248 Patrocinio
1835 2215 2079 2255 Communimus,
2097 2217 2255 2256 supplentes
2268 2228 2372 2248 omnes

1308 2257 1468 2295 Defetstus,
1485 2256 1555 2294 siqui
1581 2256 1673 2287 forsan
1694 2257 1897 2286 intervenerint
1917 2256 1946 2285 in
1973 2255 2088 2287 eisdem.
2114 2256 2200 2287 Nulli
2219 2266 2292 2293 ergo
2309 2266 2376 2287 om·

1306 2298 1376 2327 nino
1404 2295 1569 2326 Hominum
1589 2295 1670 2325 liceat
1695 2295 1767 2326 hanc
1791 2292 1928 2333 Paginam
1942 2293 2049 2326 nostrae
2064 2294 2320 2333 Confirmationis,
2340 2297 2376 2328 &

1309 2334 1558 2366 Communitionis
1571 2334 1723 2373 infringere
1732 2357 1741 2372 ,
1761 2333 1821 2364 &c.

1346 2390 1456 2442 Datum
1480 2409 1545 2451 Pifis
1559 2434 1569 2449 ‚
1592 2410 1696 2441 Tertio
1719 2408 1848 2442 Decimo
1864 2409 1940 2442 Kali.
1959 2409 2100 2451 Augusti,
2119 2408 2306 2443 pontificatus
2319 2420 2376 2442 no-

1310 2450 1357 2482 stri
1373 2451 1461 2482 Anno
1477 2449 1589 2485 Primo.

1757 2529 1782 2557 R
1788 2534 1808 2552 ¹³
1817 2551 1823 2557 .
1836 2530 1936 2566 gratis.

1903 2601 1938 2634 P.
1963 2611 2014 2634 DE
2042 2602 2339 2635 PizoLPAssu.

1356 2754 1519 2800 Commiffio
1539 2753 1584 2788 ad
1600 2754 1812 2803 Recipiendum
1832 2758 1996 2788 Summam
2012 2755 2108 2788 Mille
2125 2757 2326 2789 Marcarum.

1300 2843 1462 2917 JAcobus,
1479 2840 1535 2887 Dei
1553 2841 1655 2882 gratia,
1671 2844 1731 2871 Rex
1746 2845 1896 2879 Scotorum,
1915 2840 2049 2872 universis
2065 2841 2098 2872 &
2113 2840 2284 2880 fingulis‚ad
2299 2850 2372 2880 quo-
2387 2842 2465 2874 Ann.
2482 2844 2527 2876 D.

1353 2891 1415 2912 rum
1435 2881 1561 2912 Notitias
1577 2882 1724 2919 praesentes
1744 2881 1847 2910 Literae
1866 2881 2061 2918 pervenerint,
2080 2879 2214 2910 Salutem.

1355 2921 1363 2928 ,
1386 2922 1390 2926 .
1424 2922 1428 2926 .
1612 2921 1617 2926 .
1817 2921 1820 2924 .
1859 2920 1863 2924 .
2085 2919 2091 2924 .
2150 2919 2155 2924 .
2411 2892 2499 2923 1493·

1344 2922 1442 2951 Sciatis
1458 2919 1537 2958 quod
1550 2920 1682 2951 Fecimus
1693 2943 1702 2958 ,
1719 2918 1948 2957 Constituunus,
1967 2919 2001 2950 &
2016 2917 2236 2955 Ordinavimus,
2255 2926 2288 2948 ac
2308 2916 2370 2947 Te·
2388 2925 2441 2951 Aa,
2458 2925 2487 2951 8,

1308 2969 1378 2989 nore
1400 2958 1581 2989 Praesentium
1600 2958 1746 2996 Facimus,
1764 2957 1993 2995 constituimus,
2008 2957 2041 2987 &
2065 2956 2256 2992 ordinamus,
2274 2954 2372 2986 Vene-
2389 2965 2424 2988 H.
2448 2970 2474 2996 7.

1306 2999 1422 3029 rabilem
1439 2998 1468 3027 in
1483 2996 1602 3028 Christo
1616 2997 1729 3028 Patrem
1746 2996 1937 3035 nostrumque
1952 2995 2151 3027 consiliarium
2166 2994 2200 3024 &
2214 2993 2370 3025 Thesaura-
2392 3004 2433 3027 Ex
2446 3003 2506 3027 Au—

1308 3039 1384 3067 rium
1407 3039 1554 3066 Henricum
1576 3036 1717 3066 Abbatem
1737 3036 1769 3065 de
1790 3033 2038 3070 Cambuskynneth,
2056 3032 2265 3069 Diled'tumque
2279 3032 2372 3064 Fami·
2387 3045 2456 3076 ugr.

903 2947 1043 2987 JAMizs
1070 2946 1165 2978 Rex.

55 3169 131 3202 Ann.
146 3169 189 3201 D.

538 3073 627 3105 Bulla
643 3072 680 3105 de
698 3073 936 3118 confirmatione.

210 3157 424 3218 ALexander
441 3155 579 3197 Episcopus
592 3181 602 3196 ,
627 3158 732 3189 Servus
749 3157 904 3190 Servorum
924 3158 1008 3198 Dei,
1034 3160 1069 3191 ad
1088 3159 1210 3190 futuram
1230 3160 1269 3190 rei

287 3206 467 3227 memoriam.

1309 3077 1406 3106 liarem
1422 3075 1570 3105 Clericum
1585 3076 1619 3106 &
1642 3074 1841 3105 Consiliarium
1860 3073 1992 3104 nostrum
2019 3070 2192 3109 Magistrum
2211 3069 2375 3109 Johannem

1309 3114 1418 3155 Frefhle
1441 3113 1593 3144 Decanum
1614 3112 1650 3144 de
1674 3113 1815 3149 Lestalrig
1838 3122 1872 3143 ac
1895 3111 2078 3154 Canonicum
2095 3108 2300 3153 Glasguensem
2321 3121 2377 3141 no—

1309 3154 1435 3184 strorum
1458 3152 1637 3182 Rotulorum
1654 3153 1688 3183 &
1710 3151 1838 3189 Registri
1860 3160 1893 3181 ac
1914 3148 2040 3181 Concilii
2060 3146 2225 3186 Clericum,
2244 3149 2279 3180 ὃς
2293 3149 2381 3180 Dile-

1309 3193 1391 3224 &cum
1411 3191 1589 3221 Familiarem
1612 3190 1799 3228 Armigerum
1825 3188 1954 3219 nostrum
1973 3190 2114 3224 Georgium
2134 3189 2224 3216 Hume
2245 3187 2280 3217 de
2299 3187 2376 3218 We-

57 3218 171 3276 aff&
246 3234 338 3264 3³0¹*ae
358 3234 532 3304 RelifiioniS,
547 3234 597 3265 sub
616 3234 671 3273 qua
690 3234 798 3266 Diieffi
816 3235 877 3266 Filii
1026 3237 1124 3274 Prior,
1140 3234 1178 3270 ὠ·
1196 3239 1267 3266 Con-
1309 3231 1474 3274 thirburne,
1492 3228 1629 3273 achuos
1653 3239 1754 3260 eorum
1774 3227 1970 3266 conjunfflm,
1985 3224 2099 3257 nostros
2118 3225 2319 3256 Procuratores
2340 3227 2376 3257 ὅ(

55 3291 91 3314 H.
110 3296 135 3319 7·
210 3280 308 3316 ‘evemus
329 3273 421 3304 Mona
448 3274 496 3318 erii
513 3273 627 3317 Sanctae
645 3274 793 3319 Trinitatis
810 3273 1018 3319 Londqniensis
1034 3297 1044 3312 ,
1071 3284 1119 3318 per
1140 3274 1270 3319 Priorem
1313 3270 1450 3301 Nuncios
1467 3268 1616 3306 speciales,
1755 3306 1760 3311 ι
1934 3304 1939 3310 ι
2150 3303 2155 3309 ,

57 3328 97 3351 Ιχ
112 3325 182 3362 Ort-g·
210 3311 282 3340 ioliti
301 3310 461 3343 Gubernari
479 3337 488 3349 ,
516 3311 634 3342 Ordinis
651 3313 746 3342 banCti
766 3312 943 3350 Augustini,
973 3313 1119 3343 mundanis
1137 3312 1271 3344 abdicatis
1349 3309 1458 3339 Dantes
1471 3308 1504 3337 δί
1520 3305 1721 3336 concedentes
1736 3304 1840 3335 effidem
1853 3302 1953 3334 ¹¹0stf²⁵
1972 3303 2211 3334 Procuratonbus
2231 3302 2265 3334 δῖ
2286 3302 2377 3333 Nun·

211 3348 368 3387 illecebris,
391 3350 528 3381 devotum
553 3351 586 3381 &
610 3350 737 3381 sedulum
762 3351 896 3382 exhibent
916 3351 1059 3382 Altissimo
1078 3351 1245 3381 famulatum
1259 3373 1269 3388 ,

211 3396 386 3423 promeretur
410 3389 541 3420 honestas
558 3412 567 3425 ,
592 3398 622 3419 ut
640 3389 691 3419 illis
704 3412 713 3426 ,
734 3399 783 3427 per
802 3399 866 3427 quae
884 3391 1011 3427 ipsorum
1028 3390 1128 3427 Quieti
1147 3389 1271 3420 consuli-

211 3433 273 3459 tur,
290 3425 421 3457 favorem
439 3427 638 3464 Apostolicum
655 3427 872 3467 impendamus,

249 3462 374 3493 Dudum
397 3465 532 3502 siquidem
559 3476 611 3503 pro
634 3475 709 3503 parte
735 3466 885 3496 didtorum
911 3464 1016 3496 Prioris
1041 3466 1074 3497 &
1096 3463 1270 3496 Conventus

211 3500 311 3531 Nobis
328 3503 455 3538 exposito
468 3527 477 3542 ,
503 3504 580 3541 quod
596 3504 667 3534 olim
684 3514 738 3541 pro
757 3504 840 3535 Parte
858 3504 983 3542 ipsorum
1004 3503 1112 3541 Angelo
1132 3507 1242 3533 Corario
1258 3526 1267 3541 ,

211 3541 260 3577 qui
275 3548 344 3570 tunc
363 3541 393 3570 in
412 3540 458 3571 sua
479 3541 651 3573 Obedientia
668 3545 808 3580 Gregorius
826 3546 867 3572 xii
884 3543 1083 3573 nominabatur
1134 3542 1272 3580 fignifica-

212 3586 263 3616 ιο,
283 3578 362 3622 quod
382 3579 432 3616 ipsi
449 3579 481 3609 ad
499 3581 660 3611 evitandum
678 3580 807 3619 strepitus
822 3605 832 3620 ,
859 3582 907 3619 qui
923 3591 959 3611 ex
975 3565 1116 3612 concurffi
1136 3580 1271 3611 Diieeto-

213 3626 279 3646 rum
298 3617 433 3647 Filiorum
444 3641 454 3655 ,
472 3618 726 3650 Parrochianorum
744 3618 878 3650 Ecclesiae
895 3619 964 3650 disti
986 3619 1155 3649 Monasterii
1170 3642 1178 3655 ,
1206 3628 1271 3655 quae

213 3655 247 3684 ad
265 3655 408 3686 honorem
422 3679 432 3694 ,
449 3656 481 3685 &
500 3657 548 3686 sub
567 3658 711 3688 vocabulo
728 3658 820 3688 Beatae
840 3658 944 3688 Mariae
964 3657 1142 3697 Magdalenae
1162 3656 1273 3687 Funda-

214 3701 242 3723 ta
267 3695 356 3724 extitit
383 3695 416 3725 &
443 3693 612 3725 Parochialis
632 3695 671 3725 est
687 3719 697 3734 ,
724 3697 757 3726 ὃς
784 3697 813 3726 in
832 3696 933 3727 eadem
952 3695 1078 3727 Ecclesia
1095 3694 1200 3725 fiebant
1219 3705 1271 3732 pro

215 3739 346 3769 tempore
362 3755 371 3769 ,
396 3742 511 3762 necnon
537 3732 790 3765 Incommoditates
807 3745 874 3773 quas
894 3734 944 3772 ipsi
962 3737 1042 3764 Prior
1059 3733 1097 3769 &
1117 3737 1273 3763 Conventus

214 3778 358 3807 propterea
376 3769 544 3801 sustinebant
560 3794 570 3808 ,
596 3772 629 3801 &
648 3773 713 3809 quia
731 3774 813 3804 etiarn
832 3773 888 3811 ipsa
904 3773 1029 3804 Ecclesia
1048 3773 1107 3803 satis
1126 3780 1184 3802 arta
1200 3780 1273 3810 erat,

215 3816 299 3843 prout
317 3809 356 3838 est
376 3819 426 3846 pro
443 3809 559 3847 Priore,
578 3809 611 3840 &
630 3808 785 3841 Conventu
803 3811 922 3849 praefatis
936 3834 946 3850 ,
972 3822 1025 3851 pro
1044 3820 1144 3841 eorum
1157 3832 1166 3847 ,
1181 3810 1214 3841 &
1231 3811 1275 3847 ip-

216 3844 312 3875 sorum
332 3846 590 3878 Parrochianorum
610 3845 803 3886 Commodo,
828 3851 911 3880 etiam
934 3850 1092 3881 eorundem
1112 3848 1276 3878 Parrochia-

217 3891 322 3924 ljorum
347 3886 500 3916 accedente
518 3885 662 3916 Consensu
680 3909 690 3923 ,
714 3885 860 3924 Capellam
887 3887 999 3919 Sanetae
1017 3887 1178 3918 Catherinae
1196 3887 1275 3917 fitam

217 3920 287 3949 infra
312 3922 412 3960 Scepta
435 3923 505 3954 dieti
525 3924 713 3961 Monasterii,
740 3925 773 3955 ὃς
792 3924 827 3954 ab
850 3926 952 3957 eodem
971 3926 1152 3957 Monasterio
1167 3925 1275 3963 depen-

219 3956 350 4002 dentem,
368 3961 402 3990 ad
420 3961 507 3992 finem
524 3965 557 3993 &
578 3962 715 3993 effet‘tum
752 3962 832 4001 quod
856 3965 984 4000 praediffl
997 3964 1178 3996 Parrochiani
1192 3964 1273 3993 dein-

220 4004 290 4038 ceps·
308 3996 401 4027 Minas
412 4022 421 4035 ,
435 4000 468 4029 &
487 4001 537 4030 alia
556 4000 663 4031 Divina
681 3985 777 4032 officia
795 4001 938 4040 audirent,
958 4013 1072 4034 necnon
1089 4002 1151 4039 ipsis
1171 4001 1277 4032 Eccle—

221 4032 334 4077 siastica·
345 4034 518 4077 Sacramenta
535 4039 754 4070 ministrarentur
772 4041 801 4069 in
820 4039 895 4069 dieta
922 4041 1038 4078 Capella
1064 4051 1113 4079 per
1133 4050 1223 4070 unum
1240 4048 1275 4069 ex

220 4069 375 4108 Canonicis
393 4075 519 4112 praedicti
535 4075 704 4110 Monasterii
721 4087 774 4117 pro
791 4086 933 4118 tempore,
949 4088 1037 4119 prout
1052 4080 1082 4111 in
1100 4078 1199 4111 eadem
1219 4077 1279 4111 Ec-

1309 3348 1377 3384 ciis,
1394 3356 1427 3377 ac
1444 3345 1565 3375 Duobus
1587 3354 1688 3374 eorum
1712 3343 1909 3381 conjunCtim,
1928 3342 2053 3373 nostram
2073 3342 2224 3379 plenariam
2247 3341 2378 3372 Potesta-

1310 3395 1371 3415 tem
1393 3387 1426 3415 δε
1442 3382 1613 3413 Mandatum
1631 3381 1746 3420 speciale
1766 3381 1902 3418 Petendi,
1921 3380 2082 3418 Exigendi,
2097 3380 2130 3410 &
2154 3378 2324 3417 Recipiendi
2340 3380 2378 3410 ab

1310 3421 1553 3454 Excellentiffimo
1574 3420 1706 3457 Principe
1730 3423 1846 3450 Henrico
1867 3422 1936 3456 Rege
1953 3418 2065 3456 Angliae
2081 3417 2177 3449 Fratre
2197 3418 2231 3449 ὃ(
2246 3417 2378 3449 Consan-

1309 3463 1416 3500 guineo
1437 3459 1537 3490 nostro
1560 3457 1735 3495 Carissimo,
1752 3458 1837 3489 suisve
1859 3457 2097 3488 Procuratoribus
2116 3457 2150 3488 &
2175 3456 2302 3487 Nunciis
2327 3466 2378 3495 per

1313 3510 1380 3530 eui-n
1398 3497 1585 3535 destinandis,
1603 3496 1755 3527 Summam
1771 3495 1853 3525 Mille
1871 3499 2034 3525 Marcarum
2056 3497 2179 3526 Monetae
2199 3494 2330 3533 Anghae,
2347 3498 2377 3525 in

1312 3542 1395 3568 Auro
1408 3536 1447 3573 ὠ·
1459 3535 1557 3575 Groffis
1569 3534 1732 3573 Anglicanis
1747 3546 1816 3565 nunc
1828 3538 1858 3564 in
1872 3537 1960 3572 Regno
1974 3533 2088 3572 Angliae
2102 3533 2293 3571 Currentibus,
2304 3533 2376 3563 No-

1311 3578 1354 3607 bis
1377 3577 1410 3607 &
1431 3575 1531 3606 nostris
1554 3573 1788 3604 Procuratoribus
1810 3573 1844 3604 &
1867 3572 1902 3603 N
1906 3573 1995 3604 unciis
2008 3596 2018 3610 ,
2036 3573 2106 3604 citra
2128 3572 2260 3603 ultimum
2285 3571 2377 3602 Diem

1312 3614 1421 3646 Mensis
1444 3613 1568 3644 instantis
1586 3611 1653 3651 Julii
1664 3635 1673 3650 ,
1691 3611 1765 3650 apud
1785 3611 1906 3642 Turrim
1927 3613 1960 3643 δε
1985 3611 2101 3642 Locum
2116 3610 2153 3641 de
2168 3610 2377 3641 Wethirburne

1312 3655 1341 3684 in
1357 3654 1381 3685 le
1397 3652 1478 3683 Mers
1488 3675 1498 3690 ,
1515 3650 1781 3690 persolvendarum,
1799 3660 1854 3688 pro
1866 3650 2084 3688 Recompensa,
2096 3648 2322 3680 Contentatione
2342 3647 2377 3678 &

1314 3690 1435 3731 plenaria
1448 3691 1642 3721 Satisfaifitione
1652 3712 1662 3727 ,
1677 3699 1710 3720 ac
1729 3689 1850 3728 generali
1873 3689 2040 3720 Abolitione
2060 3689 2194 3719 omnium
2208 3687 2242 3717 &
2256 3685 2380 3729 singulo-

1314 3740 1398 3767 rum,
1416 3740 1465 3767 per
1482 3729 1567 3759 Mare
1580 3729 1614 3759 &
1628 3729 1724 3766 Aquas
1743 3728 1858 3766 dulces,
1876 3738 1925 3766 per
1949 3727 2085 3758 Subditos
2106 3725 2211 3769 praefati
2233 3723 2380 3767 Serenusi-

1317 3771 1358 3799 mi
1376 3768 1471 3798 Princi
1495 3768 1515 3797 is
1530 3771 1609 3805 Regis
1623 3766 1755 3804 Angliae,
1772 3767 2035 3804 Attemptatorum,
2053 3765 2138 3803 usque
2152 3772 2182 3806 in
2198 3761 2288 3806 Diem
2306 3772 2380 3793 con-

1315 3808 1446 3838 feffionis
1480 3806 1680 3836 ndenturarum
1702 3806 1777 3836 inter
1797 3805 1909 3835 nostros
1924 3806 1957 3836 ὃς
1972 3805 2032 3835 suos
2047 3800 2281 3839 commissarios,
2299 3801 2379 3840 super

1316 3846 1440 3884 Treugis
1461 3846 1494 3876 &
1507 3844 1682 3874 Guettarum
1698 3843 1899 3881 Abstinentiis,
1917 3843 1992 3880 apud
2005 3842 2131 3884 Burgum
2147 3837 2277 3882 nostrum
2295 3840 2332 3871 de
2339 3838 2380 3870 E-

1317 3884 1481 3921 dinburgh,
1500 3883 1604 3913 ultimo
1621 3882 1722 3922 captis,
1744 3892 1828 3920 prout
1843 3882 1872 3912 in
1888 3882 1990 3912 eisdem
2006 3879 2115 3918 plenius
2126 3886 2303 3909 continetur:
2358 3917 2365 3923 ⁶

1354 3922 1418 3960 Ac,
1434 3921 1512 3952 dieta
1533 3920 1654 3951 Summa
1677 3919 1761 3951 Mille
1783 3923 1945 3950 Marcarum
1963 3916 2250 3955 Monetaepraediczae,
2270 3915 2381 3960 perdi-

1316 3960 1380 3991 dtos
1395 3960 1507 3990 nostros
1530 3957 1733 3990 Procuratores
1752 3960 1786 3990 ὃς
1802 3959 1955 3995 Nuncios,
1971 3965 2019 3987 aut
2038 3954 2123 3998 Duos
2140 3964 2242 3999 eorum
2260 3963 2381 4001 conjugi-

1317 4000 1403 4036 ctim,
1423 4000 1452 4028 in
1474 3998 1556 4029 Auro
1577 3998 1610 4028 &
1636 3996 1748 4027 Grossis
1772 3997 1955 4037 AriglicaniS,
1972 4002 2003 4024 ut
2017 4001 2212 4037 praejmittitur,
2232 3992 2381 4037 Recepta,

1317 4037 1519 4069 Procuratores
1539 4037 1573 4066 &
1597 4034 1735 4065 Nuncios
1757 4034 1888 4072 praediffi
1912 4030 2145 4062 Excellentisfimi
2162 4030 2321 4068 Principis,
2337 4039 2380 4067 ip-

1316 4075 1378 4110 sam
1391 4074 1544 4111 Summam
1558 4073 1754 4115 Deliberantes
1771 4073 1805 4106 &
1817 4071 2032 4110 Persolventes,
2047 4069 2084 4102 de
2104 4068 2223 4108 eadem,
2239 4067 2340 4101 nostro
2359 4068 2378 4087 ³¹²
2400 4074 2415 4091 a
2436 4075 2510 4107 χιι,
2523 4087 2532 4100 4

2311 4105 2383 4139 NO-
2396 4111 2464 4152 548.
