2555 4266
25 253 141 320 2353:

50 1701 117 1733 Ann
136 1699 179 1730 D.

70 1749 157 1779 1474-

49 1785 102 1807 Au.
128 1789 169 1814 14.

49 1839 161 1892 Fani4.

50 1900 179 1931 E.4.p.z.

51 1936 143 1961 m.16.

51 1972 111 2009 ders.

61 2506 77 2521 ⁸
100 2506 152 2533 XI.

61 2543 125 2580 839.

181 133 233 174 54

175 254 300 314 palesl’
311 282 382 322 alfoe
399 281 466 311 that
484 291 531 311 our
543 280 615 320 fhid
625 282 788 317 Saveraigne
804 279 886 308 Lord
901 276 972 307 hath
986 278 1088 316 Made,
1104 277 1245 315 Deputed‚

179 323 240 354 and
250 321 385 362 Affigned
395 328 500 361 certeyn
515 318 641 358 Persones
650 341 660 354 ,
678 316 885 358 Commiffloners
898 324 927 346 to
947 317 1026 346 make
1048 316 1145 356 Prestz
1171 315 1248 345 herea

179 364 255 402 after
272 360 333 391 and
342 362 475 399 Payment
485 362 516 388 in
533 357 598 388 that
614 356 740 386 behalve.

217 438 256 470 Et
267 438 325 468 hoe
336 462 345 474 ,
362 438 413 468 iub
428 430 563 467 Periculo
576 434 770 471 incumbenti,
788 433 943 465 nullatenus
957 431 1100 463 omittatis.

257 476 347 507 Teste
362 476 442 516 Rege
456 473 532 515 apud

825 551 880 579 Per
890 548 972 588 ipsiam
985 549 1090 585 Regem.

182 631 350 664 Confimilia
364 630 463 662 Brevia
478 629 634 669 diriguntur
649 627 895 663 Vicecomitibus,
913 626 944 655 in
957 620 1167 666 ComitatibuS‚
1186 617 1250 648 vil*

243 671 294 710 lis,
312 671 345 702 &
363 669 532 701 Civitatibus
549 667 722 705 subscriptis,
740 666 852 696 mutatis
866 661 1022 699 mutand1s3
1037 658 1185 696 videlicet,

185 751 276 779 Kane.
735 744 811 771 Leic.

186 784 274 823 DorlT
736 783 827 809 Oxon.

184 825 280 863 Wilts.
736 816 917 847 Northumbr.

187 867 313 903 lVigorn.
736 857 783 885 No
823 879 828 884 .

186 903 321 942 Notingh.
737 897 763 923 Ε
787 905 829 923 ex.

186 942 272 980 Bedf.
737 931 889 970 Suthampt.

187 980 313 1012 Lincoln.
738 974 761 999 C
761 970 853 1000 ornub.

185 1019 315 1049 cantebr.
739 1008 801 1038 Salo
821 1032 827 1038 .

185 1062 263 1089 Surr.
739 1050 789 1077 Sta
815 1071 821 1076 .

187 1097 300 1134 Somers.
741 1085 825 1115 Berk.

188 1134 280 1165 Glouc.
741 1121 830 1153 Rotel.

186 1172 295 1205 Warr.'
740 1161 810 1200 Suff.

191 1210 279 1244 Derb.
741 1198 839 1237 Hertf.

190 1249 262 1281 Buk.
740 1241 862 1269 Civitati
877 1240 1009 1267 cantuar.

190 1290 318 1321 Eborum.
741 1281 861 1308 Civitati
874 1279 1003 1306 Coventr.

191 1332 284 1359 Hunt.
743 1319 771 1347 V
769 1316 824 1346 illae
841 1314 1031 1353 Suthampton.

191 1366 295 1407 Suffi’x.
744 1359 772 1386 V
773 1355 828 1385 illae
843 1353 1022 1391 Notingham.

193 1410 305 1437 Devon.
744 1397 865 1424 Civitati
880 1392 1005 1422 Lincoln.

195 1441 342 1482 Hereford.
745 1436 866 1463 Civitati
884 1431 1014 1461 Eburum.

198 1574 247 1606 De
267 1567 409 1613 Stuffura
429 1569 466 1604 ὠ
486 1563 662 1611 Neceffizriis
673 1573 728 1609 pro
744 1563 909 1594 Excercitu
930 1561 1019 1605 Regis
1039 1559 1118 1590 omni
1133 1554 1262 1601 festina-

455 1616 462 1625 “
580 1617 658 1645 tione
667 1608 872 1658 providendis.

204 1702 342 1761 REX,
362 1700 480 1769 Βὶὶεᾶἑ)
495 1699 563 1737 fibi,
580 1696 694 1728 Ricardo
709 1699 836 1734 Copcott,
854 1691 988 1726 Salutem.

300 1742 375 1773 Scias
414 1743 453 1770 uo
1162 1761 1165 1763 Α

239 1781 322 1812 Cum
342 1750 410 1810 No}
428 1801 437 1817 ,
463 1764 516 1816 pio
535 1776 671 1807 omnibus
688 1775 722 1805 &
741 1773 852 1812 singulis
870 1768 1104 1802 Ordinationibus
1121 1790 1131 1805 ,
1156 1766 1265 1797 Excer-

202 1820 272 1851 citui
298 1818 398 1849 nostro
411 1841 420 1854 ,
449 1825 536 1855 quem
559 1814 594 1845 ad
620 1811 864 1846 Proficiscendum
883 1809 1049 1840 Nobiscum
1067 1806 1103 1838 ad
1122 1806 1263 1849 Regnum

198 1858 329 1889 nostrum
349 1856 491 1893 Franciae,
508 1864 561 1892 pro
582 1852 809 1890 Recuperatione
827 1848 951 1889 ejusdem
971 1848 1004 1878 &
1020 1846 1095 1886 Juris
1109 1844 1266 1888 nostritibi7

199 1898 265 1928 dem
277 1920 286 1935 ‚
313 1894 458 1927 Altiffimo
476 1892 672 1930 concedente,
697 1889 856 1921 necessariis
871 1889 904 1920 &
922 1886 1071 1926 oportunis
1088 1907 1099 1923 ,
1123 1883 1266 1922 provideri

200 1937 326 1968 volentes

239 1974 315 2005 Inter
332 1959 397 2008 ilia,
413 1971 545 2002 Publicas
558 1968 687 2007 separales
703 1966 946 1998 Proclamationes
964 1965 994 1994 in
1005 1962 1197 2007 Comitatibus
1213 1971 1266 1991 no-

203 2013 264 2044 stris
282 2013 363 2044 Berk.
383 2011 483 2042 Oxon.
501 2009 572 2040 Buk.
591 2008 658 2039 Bed.
678 2007 787 2038 Norht.
806 2006 839 2036 &
858 2003 956 2035 Rotel.
974 2003 1033 2034 tam
1052 2006 1124 2031 intra
1139 2001 1269 2032 Liberta-

203 2061 243 2084 tes
257 2077 267 2089 ,
292 2052 379 2090 quam
397 2059 488 2088 extra,
514 2058 561 2087 pet
580 2047 778 2078 Vicecomites
797 2043 909 2075 nostros
928 2042 1130 2073 Comitatuum
1149 2039 1265 2070 illorum

204 2091 265 2122 fieri
283 2091 452 2127 fecerimus,

251 2130 346 2168 Quod
366 2128 455 2158 nullus
477 2125 634 2157 Petinarius
654 2122 769 2162 aliquod
790 2131 877 2162 genus
899 2120 1064 2152 Petillarum
1082 2141 1093 2157 ,
1124 2117 1174 2148 nisi
1195 2115 1270 2147 solo-

207 2169 299 2199 modo
313 2168 431 2203 sagittas
447 2174 559 2195 vocatas
571 2163 656 2194 Shefe
673 2163 791 2193 Arowes
801 2185 810 2199 ,
829 2160 931 2190 faciant
945 2168 1066 2197 quoquo
1081 2157 1188 2193 modo,

241 2207 277 2237 Et
304 2207 384 2244 quud
410 2203 543 2236 Petillarii
567 2203 607 2232 illi
631 2202 749 2238 Sagittas
763 2222 774 2237 ,
795 2209 827 2229 ac
846 2208 947 2229 omnes
964 2198 996 2228 δε
1016 2195 1118 2234 singuli
1137 2193 1269 2226 Artifices

204 2245 263 2276 sive
281 2244 412 2283 Operarii
432 2243 560 2273 Arcuum
581 2241 673 2272 Arcus
689 2263 698 2277 ,
724 2240 756 2270 &
773 2248 872 2269 omnes
897 2237 1015 2268 Baculos
1040 2235 1102 2265 suos
1117 2257 1126 2272 ,
1154 2241 1271 2263 vocatos

205 2284 383 2316 Bowestaves
437 2283 466 2311 in
486 2281 592 2315 Arcus,
615 2281 649 2311 δε
668 2278 765 2315 Fabri,
789 2275 891 2315 Capita
910 2286 963 2313 pro
983 2275 1095 2312 Sagittis
1113 2273 1248 2304 facientes
1262 2294 1272 2307 ,

205 2322 369 2362 hujusmodi
389 2305 505 2359 Capita,
522 2329 555 2350 ac
574 2316 720 2356 Artifices,
737 2316 832 2346 vocati
851 2315 1005 2352 Stringers,
1025 2312 1137 2344 Cordas
1151 2321 1204 2349 pro
1218 2311 1273 2341 Ar-

206 2365 314 2401 cubus,
333 2362 413 2392 omni
434 2358 625 2390 Festinatione
640 2366 694 2394 qua
714 2362 862 2393 poterunt,
886 2352 1071 2384 Excusatione
1090 2358 1273 2389 quacumque

209 2402 351 2438 cessante,
371 2401 448 2430 bona
465 2399 499 2429 &
517 2395 683 2428 sufficientia
701 2395 820 2433 faciant,
839 2403 869 2424 ut
890 2394 919 2422 in
935 2390 1208 2422 Proclamationibus
1222 2389 1273 2419 illis

211 2440 294 2477 plene
312 2440 416 2476 liquet,

249 2478 315 2508 Nos
334 2479 434 2516 igitur,

248 2517 266 2536 *
288 2516 348 2547 Pro
363 2514 509 2545 sufficienti
523 2512 648 2544 Stuffura
665 2512 814 2549 Arcuum,
827 2509 1014 2549 Sagittarum,
1031 2506 1202 2544 Capitorum
1219 2515 1272 2544 pro

210 2555 336 2593 Sagittis,
353 2555 387 2585 &
407 2552 568 2583 Cordarum
587 2561 640 2589 pro
659 2552 807 2587 Arcubus,
832 2558 864 2579 ex
882 2547 971 2578 Causa
986 2546 1121 2586 praedicta
1133 2569 1142 2584 ,
1167 2555 1275 2583 praepa-

212 2595 264 2625 rari
280 2593 425 2629 volentes,

250 2632 296 2663 Ac
315 2632 351 2661 de
367 2630 510 2661 Fidelitate
529 2638 575 2659 tua
593 2628 702 2665 plenius
721 2625 915 2662 confidentes,

251 2670 461 2709 Affignavimus
479 2668 527 2698 Te
542 2667 576 2698 ad
594 2667 753 2697 Solutiones
768 2665 804 2694 de
823 2663 947 2701 praestito
966 2661 1086 2700 praefatis
1104 2661 1251 2694 Petillariis
1267 2683 1276 2699 ,

214 2709 378 2742 Artificibus
392 2732 401 2746 ,
429 2708 461 2738 ὃς
488 2706 633 2744 Operariis
657 2705 787 2734 Arcuum
803 2725 813 2740 ,
839 2701 1010 2739 Capitorum
1026 2723 1035 2738 ,
1058 2702 1091 2731 &
1111 2700 1275 2730 Cordarum

215 2748 418 2787 praedietorum
436 2769 445 2783 ,
466 2754 515 2784 per
533 2744 697 2774 Indenturas
711 2766 720 2781 ,
743 2741 809 2772 inde
828 2742 901 2770 inter
920 2748 946 2769 te
965 2740 997 2770 δε
1014 2738 1084 2776 ipsos
1103 2738 1276 2775 Petillarios,

218 2786 363 2823 Artifices,
383 2786 415 2816 &
436 2784 605 2822 operarios,
624 2783 795 2812 Numerum
815 2780 962 2815 Arcuum,
988 2777 1168 2845 ᾎὲἰιωῐυῐῃ,
1188 2776 1278 2814 Capi-

217 2835 332 2863 torum,
348 2826 381 2855 &
401 2821 584 2860 Cordarum,
600 2831 650 2859 per
669 2820 718 2850 Te
734 2817 941 2856 praestandum,
960 2816 1007 2845 Te
1036 2815 1175 2854 ificantes,
1198 2816 1279 2846 debi-

217 2867 247 2895 te
272 2862 461 2895 conficiendas
475 2885 484 2898 ,
507 2860 670 2891 faciendum
687 2883 696 2896 ,
721 2859 754 2889 δε
773 2857 807 2887 ad
825 2856 894 2886 Nos
909 2857 942 2886 δε
962 2854 1130 2886 Concilium
1147 2854 1279 2885 nostrum

218 2904 254 2934 de
272 2902 411 2933 Numero
429 2900 479 2930 illo
498 2900 579 2930 omni
596 2898 773 2930 festinatione
789 2895 887 2926 debite
902 2893 1138 2931 Certificandum·‚

258 2941 296 2972 Et
309 2940 376 2971 ideo
392 2939 465 2970 Tibi
481 2938 668 2975 Praecipimus
682 2935 763 2975 qubd
776 2936 850 2964 circa
866 2933 1012 2964 Praemiffa
1025 2932 1173 2971 diligenter
1188 2933 1280 2963 inten-

219 2980 266 3011 das
277 3004 286 3016 ,
303 2980 337 3011 δε
351 2989 384 3009 ea
398 2978 482 3008 facias
497 2979 530 3009 ἃ
546 2977 688 3015 exequaris
703 2977 731 3005 in
747 2973 840 3004 forma
857 2971 1006 3011 praedidta:

259 3019 370 3050 Damus
391 3025 485 3047 autem
507 3015 640 3045 univerfis
660 3016 693 3046 ὅ(
716 3012 825 3052 singulis
842 3011 1087 3049 vicecomitibus,
1107 3010 1283 3049 MaioribuS,

220 3058 349 3095 Ballivis,
367 3054 545 3091 SenescalliS,
563 3052 804 3089 ConstabulariiS,
822 3061 854 3081 ac
869 3049 926 3080 aliis
942 3049 1112 3088 officiariis,
1133 3049 1283 3086 Ministris,

222 3097 332 3135 Ligeis‚
357 3095 391 3125 ὅ(
411 3092 533 3124 Subditis
552 3091 654 3122 nostris
680 3090 902 3129 quibuscumque
919 3112 928 3127 ,
951 3090 1011 3120 tam
1033 3088 1104 3119 infra
1127 3088 1282 3119 Libertates

222 3138 311 3174 quam
324 3143 417 3171 exrra,
436 3132 555 3162 Tenore
569 3129 769 3167 Praesentium,
788 3127 904 3158 firmiter
918 3129 947 3157 in
961 3127 1106 3159 Mandatis
1127 3128 1207 3165 quud
1228 3128 1285 3158 Ti-

222 3175 272 3211 bi,
289 3175 318 3203 in
332 3171 508 3202 Executione
527 3168 757 3205 Praemifforurn,
775 3165 954 3197 Intendentes
974 3165 1043 3204 sint,
1061 3165 1225 3197 Affistentes
1251 3167 1285 3198 δε

224 3211 400 3242 Obedientes
413 3212 444 3240 in
457 3208 592 3239 omnibus
606 3207 764 3244 diligenter.

263 3251 297 3280 In
313 3250 411 3288 cujus,
428 3249 488 3280 &c-

262 3288 352 3319 Teste
367 3287 450 3327 Rege
462 3285 536 3325 apud
552 3282 807 3325 Wstmonasterium
817 3304 827 3319 ,
844 3281 950 3314 octavo
963 3280 1009 3311 die
1022 3278 1202 3312 Decembris.

292 3363 369 3401 EX,
386 3362 505 3393 Dilec‘to
517 3362 585 3400 fibi,
603 3360 732 3406 Johanni
750 3358 895 3399 stlmrd,
917 3354 1137 3401 S?IUtem2.&,⁶·
1155 3364 1186 3385 ut
1201 3356 1287 3423 βᾶνᾳ

303 3401 387 3470 gfff?
402 3402 453 3444 ibi,
464 3402 722 3435 proclamationes,
741 3396 778 3433 ό·
791 3405 854 3440 tuuc
864 3396 920 3435 fic,
939 3406 968 3439 ¹.¹¹
985 3394 1176 3440 Comitatibus
1188 3405 1229 3447 no
1255 3405 1289 3423 ns

230 3438 301 3470 Nor
330 3463 335 3469 .
352 3440 423 3469 eust.
443 3439 577 3471 Cantebr.
595 3440 628 3470 &
643 3438 738 3469 Hunt.
758 3445 818 3467 tam
831 3440 901 3465 intra
917 3434 1074 3464 Libertates
1089 3442 1176 3470 quam
1197 3441 1290 3476 extra,

231 3476 367 3549 &fl-“gsttg
365 3486 397 3544 ug
397 3488 412 3544 tr
413 3489 447 3545 tiit
450 3526 506 3552 pra.

235 3591 374 3649 REX,
392 3589 511 3621 Dileeto
537 3591 602 3629 fibi,
625 3590 731 3621 Thomae
754 3586 960 3628 Blaunchfhrd‚
984 3584 1044 3622 &a
1064 3593 1094 3615 ut
1108 3584 1193 3625 ffipra
1214 3583 1293 3625 usque

315 3631 368 3667 ibi,
384 3629 637 3666 Proclamationes,
654 3627 692 3664 ᾤ’
708 3637 770 3658 tunc
777 3627 817 3668 fic
827 3650 836 3665 ‚
853 3628 882 3657 in
898 3625 989 3656 Com.
1005 3624 1099 3654 Warr.
1110 3623 1190 3654 staff.
1199 3623 1292 3653 Derb.

235 3668 393 3708 Notyngh.
412 3668 445 3699 &
467 3667 510 3697 Le
530 3690 536 3696 .
551 3668 608 3697 tarn
626 3669 696 3697 infra
714 3668 869 3697 Libertates
885 3666 972 3703 quam
988 3672 1078 3700 extra,
1093 3662 1217 3693 Civitate
1229 3661 1294 3691 Co-

236 3717 352 3743 ventre,
370 3707 403 3737 &
422 3705 496 3736 Villa
548 3706 663 3744 otyngh.
685 3715 732 3741 per
746 3704 939 3736 Vicecomites
954 3701 1062 3733 nostros
1077 3700 1168 3732 Com.
1184 3699 1294 3732 Civita-

238 3746 271 3775 tis
284 3747 316 3775 δε
335 3745 418 3775 Villae
434 3745 568 3782 illorum,
586 3741 645 3777 &a
663 3744 793 3781 utsupra.

274 3783 363 3815 Teste
377 3793 407 3814 ut
418 3783 505 3821 supra.

245 3868 382 3924 REX,
402 3867 523 3912 Dilesso
547 3867 617 3905 sibi,
634 3865 741 3896 Thomae
762 3867 890 3911 Bestpey,
906 3866 967 3902 &aa
985 3865 1119 3935 πιέν-[ἴαμα
1131 3863 1218 3933 ἔξω]
1239 3861 1294 3900 ibi,

323 3906 583 3944 Proclamanones,
609 3904 647 3941 &⁴
668 3913 731 3935 tunc
742 3903 782 3950 ſjc
799 3915 854 3948 ,yn
879 3904 968 3936 Corn.
1039 3904 1104 3936 iltes.
1164 3900 1295 3932 loucestr.

243 3940 510 4019 geregorssuprsaealop.
531 3947 564 3977 ὅ(
580 3945 719 3982 Wigorn.
738 3951 797 3975 tam
811 3943 883 3974 infra
899 3944 1072 3982 Libertates,
1089 3942 1176 3981 quam
1202 3948 1297 3976 extra,

282 4017 371 4049 Teste
385 4028 415 4049 ut
428 4020 512 4057 supra.

632 111 1444 163 CONVENTIONES,

25 207 104 238 Arm.
116 205 158 236 D.
170 207 254 247 faute
271 205 402 246 befound
412 206 441 234 in
456 201 545 242 theym
559 210 589 233 or
602 213 655 242 any
671 201 800 243 oftheym
812 205 843 232 in
856 211 910 233 non
924 201 1010 242 doyng
1022 200 1060 240 of
1067 200 1139 230 their
1157 203 1243 231 Occu-⁷
1283 200 1340 254 R

1503 111 1893 165 LITERAE,

1344 196 1420 235 EX,
1438 195 1559 239 Dilecto
1575 196 1642 234 fibi,
1661 195 1809 226 Wllielmo
1829 196 1948 235 Warde,
1967 195 2028 233 &c.
2043 204 2075 227 ut
2090 196 2177 237 st'cpra
2194 196 2274 237 ufiue
2297 196 2350 235 ibi,
2371 194 2447 227 Ann.
2462 196 2504 229 D.

1360 235 1614 272 Proclamationes,
1638 232 1677 269 &
1696 241 1761 264 tunc
1792 245 1815 264 tc
1861 236 1891 265 in
1913 235 2004 266 Com.
2029 235 2117 267 Dors.
2143 235 2264 267 Somers.
2284 234 2349 265 De-
2390 243 2478 274 1474.

1280 283 1355 351 ἕλη.
1373 274 1408 305 &
1430 272 1564 305 Οοηιιὼι
1587 273 1649 304 tarn
1667 271 1740 303 infra
1789 259 1934 311 ibertates,
1954 274 2042 312 quam
2063 283 2158 314 extra,
2172 273 2235 310 &a
2252 279 2283 305 ut
2297 273 2348 313 fia-
2368 274 2436 301 Edv.
2453 284 2480 309 4-

1323 387 1415 420 Teste
1430 397 1462 420 ut
1474 388 1563 428 supra}

1286 465 1420 522 REX,
1445 465 1563 499 Diled-to
1579 464 1645 504 fibi,
1669 465 1784 495 Ricardo
1808 462 1931 501 Dalker,
1951 461 2012 498 &c-
2036 469 2068 493 ut
2087 463 2118 502 f
2153 476 2172 494 a
2195 466 2273 507 ustae
2292 466 2329 496 ibi

1301 541 1308 548 Κ
1359 504 1617 549 Proclamationes,
1635 502 1674 539 ό·
1688 510 1751 534 tunc
1758 503 1815 545 fic,
1829 504 1858 533 in
1877 499 2077 546 Com.·Effex.
2096 472 2239 536 md&
2251 489 2347 536 Hertf'.

1286 549 1346 571 tam
1359 543 1441 586 *infra
1466 543 1622 573 Libertates
1645 544 1732 580 quam
1747 551 1823 573 extra
1833 565 1843 580 ,
1858 542 1893 572 &
1907 539 2033 572 Civitate
2046 539 2181 570 London.
2198 551 2246 580 pet
2260 543 2348 575 vice.

1285 588 1408 611 comites
1419 580 1532 612 nostros
1543 580 1633 612 Com.
1652 581 1686 612 &
1702 579 1831 613 Civitatis
1845 580 1959 610 illorum
1967 601 1978 617 ,
1991 576 2054 613 &c.
2072 577 2207 617 utsupra.

1321 656 1412 688 Teste
1429 665 1461 688 ut
1480 656 1566 696 supra.

1286 732 1419 788 REX,
1439 731 1560 764 Dilecto
1583 733 1651 772 fibi,
1668 732 1797 772 Johanni
1820 733 1938 772 Cobert,
1962 731 2024 769 &c.
2047 738 2079 762 ut
2093 731 2178 772 ſscpra
2199 743 2278 773 uque
2295 731 2351 771 ibi,

1300 809 1308 816 ,
1357 770 1616 815 Proclamationes,
1635 771 1673 807 &
1686 780 1750 801 tunc
1756 772 1813 813 fic,
1832 773 1863 803 in
1878 772 1967 803 Com.
1988 769 2121 802 Lincoln.
2141 772 2174 803 &
2226 773 2350 808 borum,

1286 815 1346 837 tam
1367 809 1439 839 infra
1460 809 1615 854 Libertates
1637 812 1724 849 quam
1746 820 1840 848 eXtra,
1864 810 1989 841 Civitate
2012 809 2145 841 Lincoln.
2172 811 2206 842 ὃς
2226 807 2351 840 Civitate

1286 844 1435 884 Eborum,
1453 857 1503 885 per
1524 848 1717 881 Vicecomites
1737 848 1849 880 nostros
1872 848 1961 880 Com.
1985 850 2020 881 &
2039 849 2198 881 Civitatum
2218 847 2353 885 illorum,

1287 881 1349 919 &aa
1366 893 1397 915 ut
1402 885 1501 926 fitpra.

1324 960 1415 993 Teste
1431 971 1463 994 ut
1476 958 1564 1001 supra.

1288 1039 1422 1095 REX,
1452 1039 1573 1084 Diletsto
1595 1039 1665 1079 fibi,
1687 1040 1795 1071 Thomae
1815 1041 1913 1070 Bowes
1956 1038 2017 1075 &c.
2044 1047 2075 1070 ut
2092 1040 2175 1080 (ipra
2197 1040 2277 1082 afflue
2295 1041 2332 1071 ibi

1363 1078 1622 1126 Proclamationes,
1643 1078 1681 1115 ό-
1705 1088 1769 1109 tunc
1779 1078 1835 1119 fic,
1862 1079 1890 1108 in
1912 1062 2003 1109 Com.
2032 1076 2121 1109 Kant.
2149 1080 2225 1110 Surr.
2244 1064 2352 1111 Sussexi

1289 1114 1383 1148 Sutht.
1403 1127 1462 1148 tam
1476 1118 1545 1148 infra
1561 1117 1718 1149 Libertates
1733 1120 1822 1156 quam
1837 1125 1930 1154 extra,
1946 1115 2072 1147 Civitate
2090 1115 2225 1148 Cantuar.
2242 1118 2276 1149 &
2291 1117 2353 1148 Vil-

1288 1153 1314 1198 ia
1329 1156 1529 1194 Suthampton.
1549 1166 1598 1194 per
1615 1156 1809 1189 Vicecornites
1820 1155 1933 1186 nostros
1955 1154 2047 1186 Com.
2064 1153 2194 1187 Civitatis
2216 1157 2250 1188 δε
2269 1155 2353 1188 Vinae

1289 1193 1422 1234 illorum,
1439 1193 1501 1230 &c.
1518 1202 1549 1224 ut
1558 1194 1654 1235 ficpra.

1331 1271 1422 1302 Teste
1436 1279 1466 1302 ut
1482 1272 1569 1310 supra.

1294 1412 1388 1457 Super
1414 1408 1559 1444 Navibus
1586 1409 1785 1455 arrqstandis‚
1807 1409 2081 1492 ZodConduHione
2099 1412 2297 1454 Execratus,
2320 1409 2358 1444 de

1721 1462 1808 1493 Inten
1845 1473 1864 1492 n
1887 1472 1912 1492 o.

1366 1544 1392 1575 E
1401 1543 1448 1590 x,
1464 1544 1570 1590 diiecto
1587 1545 1656 1590 fibi,
1674 1544 1816 1577 Alvmdo
1829 1544 1999 1583 Comburgh,
2018 1544 2153 1577 Salutem.
2375 1524 2455 1556 ‘'⁴1¹“-
2470 1524 2515 1559 D,-

1380 1583 1459 1628 Qia
1476 1609 1485 1622 ‚
1512 1593 1584 1614 inter
1604 1584 1653 1615 alla
1668 1609 1678 1622 ,
1706 1583 1855 1615 necessaria
1879 1593 1933 1622 pro
1953 1583 2161 1614 Conduetione
2187 1581 2356 1614 Excercitfis
2397 1572 2486 1603 ¹474·

1296 1620 1387 1652 nostri
1405 1644 1416 1666 ‚²
1436 1622 1530 1667 versus
1545 1622 1682 1667 Regnum
1696 1623 1825 1668 nostrum
1842 1623 1968 1653 Franciae
1979 1645 1988 1660 ,
2004 1622 2146 1653 Altisfimo
2160 1621 2358 1660 concedente,
2377 1606 2428 1668 ἔῃ·
2450 1612 2494 1639 ¹4·

1298 1660 1521 1729 ῐῶιηῐζίὲηὲαὲηάι,
1537 1662 1678 1730 οτάιηαῑά,
1693 1661 1729 1692 de
1745 1661 1878 1730 {avibus
1902 1663 1935 1693 &
1949 1660 2041 1699 vasis,
2058 1671 2113 1699 pro
2128 1670 2165 1691 eo
2180 1660 2356 1699 necessariis,
2378 1650 2496 1708 Ibidf‘m·

1337 1737 1355 1754 ⁸
1375 1737 1440 1768 NOS
1452 1709 1607 1768 {aoirkt'unum
1623 1710 1639 1731 e
1680 1709 1762 1737 provi
1782 1710 1828 1732 ere
1844 1701 1878 1732 &
1894 1708 2063 1739 praeparare,
2380 1727 2409 1754 ς·
2423 1717 2486 1754 dors.

1301 1775 1387 1846 tesDe
1400 1776 1470 1806 Fide
1483 1762 1591 1809 'tate’&
1605 1775 1725 1815 provida
1742 1775 2010 1815 OErcurnspeffione
2023 1775 2073 1807 tui
2089 1775 2197 1814 plenius
2212 1775 2363 1808 confiden-
2383 1758 2400 1821 ἒ
2402 1756 2469 1829 4³31·

1339 1837 1548 1898 &signavimus
1564 1854 1611 1885 Te
1626 1853 1659 1884 ad
1675 1854 1775 1885 omnia
1791 1854 1825 1884 &
1840 1853 1944 1892 singula
1959 1851 2030 1883 Vasa
2050 1852 2083 1883 &
2096 1851 2215 1889 Naves,
2234 1851 2363 1890 Portagii

1302 1891 1453 1936 Sexdecrm
1468 1893 1623 1937 Doliorum
1636 1893 1669 1924 ὃς
1683 1892 1777 1931 supra,
1795 1893 1825 1922 in
1841 1892 2067 1930 quibuscumque
2082 1890 2241 1928 Portubus,
2260 1889 2365 1930 Cricis,

1304 1932 1338 1962 &
1353 1931 1440 1961 Locis
1455 1930 1655 1975 Cornltatuum
1671 1931 1836 1961 nostrorum
1857 1930 2003 1961 Devoniae
2020 1931 2052 1960 &
2066 1928 2244 1968 Cornubiae,
2258 1928 2364 1961 &Vil-

1304 1969 1339 1999 1ae
1353 1969 1458 2000 nostrae
1472 1969 1636 2008 Bristolliae,
1654 1969 1843 2000 Arestandum
1859 1971 1892 2000 ὃ(
1910 1968 2107 2006 capiendum,

1343 2008 1380 2039 Et
1391 2008 1426 2038 ad
1439 2019 1471 2040 ea
1483 2009 1569 2046 usque
1584 2008 1746 2039 Thamifim
1760 2008 1793 2039 ὃ(
1806 2008 1888 2044 alibi,
1908 2007 1942 2037 ad
1958 2006 2128 2037 Mandatum
2142 2005 2287 2044 nostrum,
2298 2005 2365 2037 Du-

1305 2047 1450 2086 cendum,
1470 2048 1503 2078 &
1519 2048 1599 2078 Duci
1612 2046 1791 2084 faciendum,
1809 2046 1842 2076 ad
1858 2045 2084 2076 Deserviendum
2100 2043 2200 2075 Nobis
2214 2055 2267 2083 pro
2280 2044 2365 2075 Con-

1305 2086 1443 2130 durftione
1457 2085 1622 2117 Excercitsis
1638 2085 1729 2116 nostri
1742 2085 1890 2123 praedicti,
1908 2085 1942 2116 ὃς
1956 2084 2034 2115 aliter
2050 2084 2180 2122 interim,
2198 2092 2283 2121 prout
2296 2083 2367 2114 No-

1305 2125 1348 2155 bis
1365 2125 1454 2156 vrsum
1472 2124 1554 2155 fuerit
1567 2124 1785 2162 Ordinandum,

1342 2163 1379 2194 Et
1392 2163 1426 2194 ad
1440 2163 1567 2194 Praestita
1585 2165 1618 2195 &
1634 2163 1796 2194 Solutiones
1818 2163 1848 2192 in
1867 2161 1920 2192 hac
1943 2170 2021 2200 parte
2036 2159 2211 2192 Faciendum
2225 2161 2259 2191 &
2274 2160 2367 2200 Asfig-

1307 2203 1479 2271 nalfgelffion
1502 2240 1537 2270 ad
1560 2239 1727 2272 sufficientes
1749 2238 1901 2279 Magistros
1926 2239 1959 2270 &
1975 2238 2163 2275 Marinarios,
2180 2244 2234 2275 pro
2249 2236 2368 2268 Guber-

1309 2281 1424 2311 natione
1446 2279 1579 2325 Navium
1600 2282 1632 2310 ὅ(
1655 2279 1794 2323 Vasorum
1817 2277 2039 2316 praedistorum,
2059 2277 2232 2314 ubicumque
2246 2276 2368 2305 inveniri

1308 2326 1460 2388 P⁰‘⁶c¹¹¹'³·t’
1476 2313 2371 2387 53¹⁸sssssskbiesstfflv‘issfiffsixisraasssfifflji‘kiiff‘iffssssiuuci

1308 2360 1510 2464 {cadiaaliigskra
1528 2381 1563 2425 in'
1581 2395 1685 2426 eisdem
1703 2394 1900 2426 Deservituros
1915 2414 1925 2432 ‚
1940 2364 2112 2424 Ponendum
2129 2391 2162 2423 &
2176 2375 2252 2421 ani
2265 2363 2371 2422 faciscit-

1333 2445 1398 2504 uch’
1409 2474 1447 2503 eis
1462 2473 1510 2503 Re
1529 2472 1637 2503 endum
1654 2473 1687 2504 &
1706 2470 1952 2509 Gubernandum,

1346 2512 1508 2543 Recusante
1519 2521 1575 2550 que
1591 2512 1624 2542 &
1644 2512 1696 2542 tibi
1719 2512 1747 2540 in
1762 2511 1815 2540 hac
1826 2518 1904 2547 parte
1918 2508 2117 2539 Inobedientes
2135 2504 2320 2536 Arestandum
2333 2506 2368 2537 δε

1312 2550 1494 2589 capiendum
1511 2573 1520 2588 ‚
1544 2551 1577 2581 &
1601 2549 1722 2580 Prisonis
1745 2547 1847 2578 nostris
1862 2546 2115 2578 Committendum
2131 2546 2160 2576 in
2175 2544 2278 2575 eisdem
2290 2544 2370 2576 salvo

1313 2588 1527 2634 Custodiendos
1549 2587 1696 2627 quousque
1713 2597 1766 2626 pro
1789 2595 1892 2617 eorum
1911 2585 2123 2616 Deliberatione
2144 2584 2306 2615 duxerimus
2323 2592 2371 2614 ot-

1311 2629 1396 2697 (11Ἓὲ
1398 2628 1485 2708 <ilari-1.)
1503 2665 1563 2695 &c.
1583 2664 1694 2695 Damus
1710 2670 1823 2702 autern,
1840 2664 1902 2695 &c.

1350 2704 1385 2734 In
1409 2714 1504 2742 cujus,
1520 2704 1580 2734 &c.

1350 2780 1439 2812 Teste
1452 2780 1536 2819 Rege
1549 2779 1624 2818 apud

1917 2819 1977 2849 Per'
1984 2817 2069 2858 ipfiam
2079 2820 2174 2856 Regem
2181 2839 2192 2854 ,
2208 2813 2270 2852 ἀι.

1387 2897 1450 2928 EX
1474 2896 1606 2929 universis
1621 2897 1655 2928 &
1670 2897 1688 2928 fi
1730 2896 1780 2928 ulis
1801 2895 1962 2928 Admirallis
1975 2920 1985 2934 ,
2005 2896 2039 2927 &
2054 2904 2155 2926 eorum
2170 2889 2374 2923 Loeatenenti»

1396 2938 1448 2967 bus
1462 2960 1471 2975 ,
1495 2936 1654 2975 Majoribus
1666 2960 1676 2976 ,
1732 2936 1933 2967 icecotnitibus
1949 2958 1959 2972 ,
1985 2933 2094 2965 Ballivis
2108 2955 2118 2970 ,
2136 2928 2372 2966 Constabulariis,

1319 2975 1495 3006 Custodibus
1509 2975 1650 3006 Portuum
1675 2975 1765 3005 Maris
1786 2975 1820 3005 &
1841 2973 2032 3012 Paffagiorum
2045 2995 2055 3008 ‚
2075 2969 2220 3007 Magistris
2233 2968 2266 2999 &
2281 2967 2375 2997 Mari-

1319 3016 1401 3044 nariis
1419 3023 1668 3052 quorumcumque
1681 3013 1811 3044 Navium
1829 3013 1863 3042 &
1879 3011 2016 3042 Vasorum
2035 3009 2131 3047 Regni
2143 3005 2232 3036 nostri
2246 3005 2374 3044 Angliae,

1315 3063 1348 3083 ac
1363 3053 1419 3083 aliis
1437 3051 1608 3090 Officiariis,
1627 3051 1780 3087 Ministris,
1799 3051 1911 3089 Ligeis,
1929 3051 1964 3081 δε
1979 3047 2103 3079 Subditis
2114 3044 2233 3083 nostris,
2256 3044 2375 3076 ubilibet

1317 3093 1375 3122 tam
1392 3091 1461 3121 infra
1479 3091 1633 3122 Libertates
1644 3091 1732 3128 quam
1749 3098 1824 3120 extra
1840 3087 2012 3124 constitutis,
2030 3085 2164 3116 Salutem.

1355 3129 1436 3161 Cum
1452 3152 1461 3167 ‚
1487 3139 1536 3167 per
1559 3129 1665 3159 Literas
1690 3128 1795 3158 nostras
1810 3127 1957 3162 Paoemes,
1979 3125 2052 3154 inter
2064 3123 2129 3160 alia,
2147 3120 2377 3159 assignaverimus

1317 3168 1468 3198 Dilec‘tum
1485 3168 1662 3206 Armigerum
1676 3166 1806 3197 nostrum
1821 3163 1993 3195 Alveredum
2009 3159 2167 3198 cornburgh
2180 3160 2215 3190 ad
2228 3160 2324 3189 omnia
2340 3159 2375 3189 &

1318 3207 1424 3244 singula
1439 3206 1509 3235 Vasa
1529 3207 1562 3237 δε
1584 3205 1683 3235 Naves
1697 3229 1706 3242 ,
1724 3205 1862 3234 sexdecim
1875 3202 2034 3233 Doliorutn
2053 3201 2087 3231 δε
2104 3199 2199 3237 supra,
2217 3198 2247 3227 in
2260 3198 2376 3235 quibus-

1318 3255 1444 3283 cumque
1458 3244 1602 3276 Portubus
1616 3267 1625 3280 ,
1649 3244 1743 3274 Cricis
1758 3265 1768 3279 ‚
1792 3244 1825 3273 &
1840 3241 1928 3272 Locis
1941 3241 1971 3270 in
1986 3238 2179 3269 Comitatibus
2196 3235 2298 3266 nostris
2312 3235 2376 3266 De-

1319 3285 1415 3316 voniae
1439 3285 1472 3314 &
1490 3282 1667 3320 Cornubiae,
1685 3283 1719 3313 ὃς
1736 3280 1818 3311 Villae
1833 3279 1939 3310 nostrae
1960 3275 2123 3314 Bristolliae,
2140 3273 2327 3306 Arestandum
2342 3275 2378 3305 ὃς

1319 3322 1501 3361 Capiendum
1515 3345 1524 3358 ,
1550 3323 1583 3352 &
1605 3321 1638 3350 ad
1659 3331 1691 3352 ea
1715 3319 1799 3355 usque
1820 3316 1982 3348 Thamifim
2003 3316 2037 3347 &
2057 3315 2140 3351 alibi,
2154 3313 2188 3345 ad
2206 3312 2379 3344 Mandatum

1319 3362 1447 3391 nostrum
1497 3358 1675 3389 Ducendum
1693 3358 1726 3388 &
1744 3357 1825 3387 Duci
1843 3354 2020 3391 faciendum,
2034 3353 2069 3384 ad
2087 3351 2308 3384 Deserviendum
2324 3360 2379 3381 no-

1321 3401 1364 3428 bis
1381 3408 1434 3434 pro
1448 3382 1656 3427 Condutstione
1670 3394 1838 3426 Excercitsis
1860 3393 1973 3430 nostri,
1992 3400 2080 3430 quem
2092 3391 2128 3422 ad
2163 3389 2378 3421 roficiscendum

1321 3436 1489 3466 Nobiscum
1513 3435 1548 3464 ad
1569 3434 1711 3470 Regnum
1732 3431 1863 3463 nostrum
1886 3431 2013 3462 Franciae
2026 3452 2037 3468 ,
2068 3439 2122 3467 pro
2177 3429 2378 3466 ecuperatione

1323 3473 1447 3512 ejusdem
1460 3482 1494 3502 ac
1508 3472 1581 3510 Juris
1596 3472 1629 3502 δε
1646 3470 1776 3501 Coronae
1792 3469 1896 3501 nostrae
1913 3468 2037 3507 ibidem,
2056 3467 2125 3498 Deo
2141 3467 2246 3505 Duce,
2262 3466 2378 3497 ordina·

1322 3513 1433 3549 vimus,
1453 3520 1536 3548 prout
1550 3511 1581 3540 in
1597 3509 1696 3539 Literis
1710 3509 1811 3539 nostris
1823 3507 1964 3545 praedietis
1979 3506 2087 3545 plenius
2104 3507 2288 3544 continetur,

1358 3549 1395 3580 Et
1415 3551 1479 3586 quia
1496 3549 1619 3579 debitam
1634 3548 1667 3578 &
1686 3547 1808 3578 celerem
1830 3546 2035 3577 Executionem
2055 3546 2190 3576 omnium
2207 3545 2241 3575 &
2257 3540 2377 3581 singulo-

1323 3599 1387 3619 rum
1411 3589 1440 3617 in
1465 3586 1567 3617 Literis
1588 3586 1690 3617 nostris
1714 3585 1854 3623 praedietis
1873 3584 2087 3616 Contentorum
2103 3593 2138 3615 ac
2153 3581 2378 3614 Instruffionum

1324 3626 1481 3658 nostrarum
1497 3648 1506 3663 ,
1531 3634 1566 3656 ex
1587 3624 1676 3655 Causa
1700 3624 1746 3655 illa
1766 3624 1883 3662 praefato
1904 3623 2068 3661 Alveredo,
2088 3623 2166 3661 juxta
2185 3621 2290 3652 Lim-as
2305 3617 2380 3654 illas,

1326 3676 1376 3704 per
1390 3664 1457 3707 Nos
1470 3663 1615 3701 datarum,
1633 3662 1693 3693 fieri
1708 3665 1742 3696 &
1758 3664 1860 3701 exequi
1876 3662 2021 3700 volentes,
2303 3693 2310 3699 ⁴

1366 3703 1524 3744 Vob1s2&
1539 3701 1667 3732 vestrum
1681 3702 1811 3739 cuilibet,
1827 3709 1913 3739 prout
1927 3700 1962 3732 ad
1977 3710 2044 3731 eum
2059 3700 2178 3738 pertinet
2194 3696 2227 3727 &
2241 3700 2379 3736 pemqere

1328 3743 1448 3780 poterit,
1466 3743 1515 3770 iub
1532 3741 1719 3771 Forisfadtura
1734 3742 1865 3771 omnium
1881 3749 1946 3778 quae
1961 3739 2046 3769 nobis
2062 3736 2222 3768 forisfacere
2237 3732 2380 3775 poteritis,

1328 3780 1496 3818 injungimus
1518 3780 1552 3810 ὃς
1575 3779 1693 3809 firmiter
1718 3778 1903 3816 Praecipimus
1928 3777 2010 3815 quod
2031 3775 2148 3815 praefato
2167 3769 2310 3814 alveredo
2324 3792 2333 3806 ,
2351 3779 2380 3800 ln

1330 3819 1507 3850 Executione
1524 3818 1683 3848 Literarum
1694 3817 1852 3848 nostratum
1869 3816 2086 3854 praedia-arum,
2106 3813 2140 3843 &
2154 3807 2298 3847 cujusslbet
2312 3807 2383 3838 Par-

1329 3859 1363 3888 tis
1387 3856 1549 3887 earumdem
1563 3879 1574 3894 ,
1595 3858 1628 3887 ὃ(
1652 3855 1877 3887 instructionum
1890 3853 2050 3885 nostrarum
2063 3848 2281 3890 praedfflarum,
2300 3854 2384 3885 prout

1326 3905 1376 3933 per
1390 3894 1537 3932 praefaturn
1552 3894 1725 3924 Alveredum
1745 3903 1780 3924 ex
1802 3893 1884 3924 Parte
1905 3892 2000 3923 nostra
2021 3886 2141 3926 requisiti
2152 3885 2272 3923 fueritis,
2290 3885 2383 3915 inten-

1331 3934 1429 3966 dentes
1447 3934 1520 3971 fitis,
1537 3934 1712 3970 auxiliantes,
1727 3934 1760 3964 &
1775 3932 1802 3962 ei
1813 3931 1998 3967 obedientes,

1369 3971 1425 4010 Et,
1443 3972 1472 4001 in
1486 3971 1547 4002 casu
1561 3980 1620 4009 quo
1637 3971 1733 4008 aliquis
1749 3970 1814 4002 ausu
1831 3969 1979 4001 temerario
2000 3961 2144 3996 Praemissa
2161 3960 2206 3991 seu
2221 3970 2323 3992 eorum
2337 3960 2387 3991 ali-

1332 4010 1411 4049 quod
1427 4010 1590 4048 exequenda
1610 4009 1751 4042 Resistere
1769 4008 1917 4046 praesumat
1927 4027 1940 4043 ‚
1963 4003 2055 4041 ipsum
2070 4000 2109 4032 fic
2124 3996 2388 4068 Refistentemfflazd
