2555 4266
119 265 206 295 1440.

93 302 157 326 Hm.
167 299 194 326 6.

116 349 135 367 ⁴⁸
156 350 193 376 X.

114 396 184 422 774·

135 3541 154 3559 ²²
171 3542 209 3570 X.

139 3589 201 3616 775-

235 137 303 175 180

250 270 283 290 ea
302 270 400 290 omnia
420 258 577 297 omnesque
598 260 755 290 Libertates
775 262 808 292 &
825 260 1025 291 Conceffiones
1050 261 1203 298 universas,
1221 262 1281 290 tam
1294 271 1310 290 a

253 297 370 335 Nobis,
379 297 465 335 quarn
471 296 728 329 Praedecefforibus
742 298 857 336 nostris,
864 299 982 335 praefato
994 298 1168 329 Monasterio
1178 298 1311 336 Indultas,

253 345 284 367 ut
299 336 350 374 ipsi
365 335 566 368 inviolabiliter
585 338 733 367 observent
748 359 758 374 ,
787 342 801 352 *
821 337 854 366 &
871 336 996 366 districte
1011 337 1114 367 faciant
1127 339 1164 367 ab
1178 337 1313 367 omnibus

251 374 406 412 observari,
423 373 649 412 &ubicumque
665 375 723 405 Res
739 374 881 412 praedictae
895 374 1030 405 Ecclesiae
1047 374 1148 405 fuerint
1163 385 1216 412 pro
1231 374 1315 405 Poffe

249 413 299 443 suo
316 411 490 451 custodiant,
507 423 562 443 nec
576 414 627 444 illis
637 413 775 451 Injuriam
789 412 912 450 aliquam
927 413 973 444 vel
989 413 1163 444 V-iolentjam
1178 413 1315 451 inferant,

247 460 346 488 neque
361 451 398 480 ab
411 450 548 489 aliquibus
562 451 657 482 inferri
677 452 844 488 permittant.

287 488 333 520 Ad
355 488 420 520 haec
442 489 548 520 eisdem
572 489 728 520 Monachis
743 511 752 525 ,
778 489 918 524 praesentis
938 488 1084 527 Privilegii
1105 489 1316 528 Annotatione,

248 526 448 558 Concedimus
463 550 473 565 ,
491 537 521 558 ut
537 528 587 564 ipsi
607 530 640 559 &
663 537 766 558 eorum
781 526 924 557 Homines
951 537 1069 558 onerent
1091 528 1189 559 Naves
1210 527 1266 558 suas
1286 530 1315 558 in

243 564 405 599 ,Dordonia
426 566 472 596 vel
495 566 635 596 Garonna
648 588 658 604 ,
677 567 851 603 ubicumque
871 566 1013 596 voluerint
1036 566 1127 604 (dum
1144 575 1236 596 tamen
1251 566 1318 597 inde

248 602 494 642 Consuetudinem
509 605 651 641 antiquam
664 604 823 639 exsolvant)
842 605 876 635 &
892 604 942 634 sint
956 605 991 634 ab
1006 605 1089 634 omni
1104 604 1182 635 nova
1198 605 1316 642 imposi-

248 643 327 673 tione
344 642 439 673 Liberi
455 644 489 674 &
505 643 669 680 Immunes,
687 642 838 680 praesertim
855 651 922 672 cum
940 643 992 680 ab,
1011 642 1126 672 Illustris
1142 643 1317 674 recordatio-

243 676 311 717 his,
328 680 479 719 Richardo,
497 680 572 711 Filio
587 681 686 711 nostro
701 681 819 717 inclito,
837 680 984 719 quondam
1005 683 1074 718 Rege
1090 680 1263 719 Anglorum,
1279 683 1313 712 &

247 719 355 749 Othone
380 718 502 756 Nepote
526 718 640 756 nostro,
673 719 746 749 dum
771 718 949 748 Comitatum
971 728 1082 756 regeret
1103 719 1316 758 Pictavensem,

243 767 298 795 ‚per
318 757 444 801 specialia
462 757 590 795 indulta,
615 767 680 796 quae
697 756 844 794 Vidimus,
863 755 1079 789 Immunitatem
1097 757 1181 790 istam
1205 768 1317 790 merue-

243 805 305 830 ‚nnt
319 805 456 834 optinere.

484 874 662 915 Hujusmodi
680 876 827 914 Privilegii
843 875 944 908 Testae
959 876 1036 916 sunt,

246 939 250 942 -
307 953 372 984 Hel.
388 951 590 991 Burdegalenfis
604 952 838 993 Arrhieprfiopus,

306 995 440 1022 Henrr’cus
456 990 597 1030 Episcopus
612 992 807 1031 Xanc‘lonenfis
817 1015 828 1030 ,

307 1030 467 1060 Bernardus
483 1028 624 1068 Epifiopur
640 1030 836 1069 Lediurtenfis,

240 1095 246 1098 ,
304 1068 456 1106 Stephanus
469 1071 595 1098 Decanus
609 1068 777 1106 Burdogalen
790 1080 830 1106 15,

303 1106 385 1145 Gasto
401 1110 493 1136 Comes
505 1109 694 1144 Bigorietamts
709 1108 741 1137 &
760 1108 779 1137 W
789 1109 929 1137 icecomes
943 1106 1043 1139 Bearn.

304 1145 462 1174 Ranmndus
473 1145 602 1174 Bernard
612 1145 648 1174 de
664 1145 802 1176 Rouman
819 1145 1018 1184 senescalcus,

307 1184 456 1222 Guisardus
469 1183 501 1212 de
519 1183 660 1220 adonia,

311 1221 476 1252 Amalumus
494 1222 525 1250 de
543 1220 722 1259 Blancafhrt,

306 1260 480 1298 Axguelinus
496 1258 598 1289 Wlmer
616 1260 648 1288 de
665 1259 824 1299 Lesparra‚

304 1301 405 1328 Petrus
419 1298 451 1328 de
467 1297 497 1326 la
511 1300 608 1335 Mota,

308 1337 476 1367 Humbertus
490 1335 522 1365 de
536 1339 621 1374 Foiz,

307 1375 454 1405 Armla'us
469 1374 608 1404 Ramundi
625 1374 657 1404 de
673 1378 791 1414 Tartas,

304 1413 460 1452 Radulplsus
473 1413 505 1442 de
517 1415 603 1451 faia,

304 1451 456 1491 Gaufridus
473 1453 506 1481 de
520 1450 645 1489 Blania,

303 1493 348 1520 W
368 1494 474 1532 Segrym
486 1490 518 1520 de
535 1493 651 1520 Rioncio.

287 1571 396 1603 Actum
420 1571 462 1602 est
491 1571 550 1602 hoc
579 1570 753 1608 Burdegaliae
781 1571 869 1602 Anno
900 1573 937 1602 ab
965 1570 1160 1603 Incarnatione
1189 1571 1315 1603 Domini

244 1608 299 1640 M.
318 1610 355 1642 C.
375 1620 420 1642 xc.
439 1611 498 1649 viij.
516 1620 567 1648 per
582 1608 708 1640 Manum
729 1614 824 1648 Rogert
843 1610 960 1641 Notarii
980 1609 1088 1649 nostri,
1109 1609 1172 1641 Kal.
1186 1610 1262 1650 Julii.

253 1686 442 1741 RIcardus,
463 1687 522 1718 Dei
536 1686 639 1727 gratia,
656 1690 717 1716 Rex
731 1685 904 1725 Anglorum,
924 1686 994 1718 Dux
1018 1686 1264 1719 Normannorum
1278 1689 1313 1719 ὃς

330 1727 555 1764 Aquitanorum,
572 1725 681 1756 Comes
701 1724 907 1764 Andegavensis
925 1748 934 1761 ,
957 1724 1020 1755 Hel.
1040 1725 1236 1766 Burdegalenfi
1261 1731 1314 1756 Ar-

251 1763 417 1803 chiepiscopo,
438 1765 470 1795 ἃ
483 1764 618 1794 omnibus
631 1762 795 1802 Episcopis,
815 1764 992 1801 Abbatibus,
1017 1763 1205 1803 Comiribus,
1225 1765 1313 1796 Vice-

244 1803 422 1840 comitibus,
442 1803 610 1838 Baronibus,
626 1802 806 1841 justiciariis,
827 1801 1002 1842 Praepositis,
1026 1801 1182 1842 Ministris,
1202 1805 1235 1836 &
1249 1814 1314 1834 om-

243 1842 334 1875 ,nibus
350 1841 492 1872 Fidelibus
506 1841 575 1878 suis,
593 1841 730 1871 Salutum.

288 1879 387 1910 Sciatis
408 1880 476 1910 Nos
505 1878 652 1917 Concestffi’
671 1880 704 1910 ὃ(
723 1878 901 1919 εοηῇνηιαβὲ
919 1881 1133 1918 imperpetuum
1155 1879 1224 1910 Deo
1243 1903 1253 1918 ,
1282 1880 1315 1910 δι’.

249 1918 365 1949 SanCtae
381 1918 500 1956 Mariae,
519 1919 552 1949 &
597 1918 705 1948 cclesiae
719 1917 803 1948 Silvae
827 1918 965 1958 Majoris,
982 1919 1015 1949 &
1035 1917 1190 1949 Monachis
1206 1919 1314 1949 ibidem

252 1956 320 1987 Deo
336 1956 546 1994 Servientibus,
564 1966 685 1986 omnem
707 1956 870 1987 Salvitatem
893 1957 925 1988 δε
947 1967 1047 1987 omnes
1063 1957 1232 1995 Libertates,
1250 1967 1316 1995 quas

250 1994 341 2026 nostri
355 1994 591 2032 Praedecessores,
610 1994 710 2025 Duces
727 1994 904 2033 Aquitaniae,
922 1997 956 2027 &
972 1994 1055 2026 Pater
1072 2006 1151 2026 meus
1173 1995 1238 2026 Rex
1252 1997 1314 2026 An·

251 2034 385 2071 giorum,
402 2035 435 2065 &
451 2033 546 2063 Mater
564 2043 626 2063 mea
642 2034 922 2071 Reginafflraedictae
938 2033 1070 2064 Ecclesiae
1093 2034 1312 2073 Concefferunt,

252 2074 287 2103 ἃ
305 2071 479 2102 Donationes
495 2071 626 2109 illorum,
646 2073 693 2109 qui
709 2072 787 2101 suum
806 2072 949 2102 Allodium
966 2072 1005 2102 illi
1019 2072 1153 2103 Ecclesiae
1168 2072 1314 2111 dederunt,

253 2111 323 2141 sicut
339 2114 386 2140 Ro.
405 2109 541 2148 Grraldo,
563 2112 676 2147 ejusdem
696 2113 761 2140 Loci
781 2112 870 2140 Primo
891 2110 1019 2149 Abbati,
1036 2110 1193 2142 Traditum
1207 2111 1262 2142 fuit
1280 2112 1313 2143 &

244 2150 379 2187 ,undique
397 2148 640 2179 Disterminatum.

291 2187 489 2218 Concedimus
504 2189 589 2218 eriam
605 2188 697 2217 eidem
713 2186 845 2218 Ecclesiae
859 2196 950 2217 totam
964 2187 1108 2226 justitiam
1131 2189 1165 2219 ὃς
1179 2188 1316 2226 quicquid

253 2225 354 2257 Duces
370 2227 527 2265 Aquitaniae
553 2228 580 2256 in
596 2226 690 2256 Terta
708 2226 750 2256 vel
766 2227 795 2255 in
813 2226 911 2256 Rebus
932 2236 1032 2256 eorum
1055 2227 1156 2257 habere
1179 2228 1317 2266 debcant,

254 2266 324 2295 sicut
340 2266 424 2294 etiam
442 2264 662 2295 Praedeceilbres
678 2264 783 2300 nostri,
810 2265 842 2294 &
860 2264 940 2294 Pater
964 2275 1041 2295 meus
1058 2264 1121 2294 Rex
1140 2265 1298 2305 Anglorum
1309 2289 1318 2304 ,

253 2304 287 2334 &
309 2303 422 2340 Regina
439 2303 533 2334 Mater
550 2312 628 2340 mea,
647 2302 871 2340 Concefferunt,
889 2304 925 2332 ita
939 2303 1018 2340 quod
1034 2303 1130 2334 Locus
1151 2314 1266 2342 eorum,
1284 2305 1318 2335 ὅ(

255 2341 382 2379 Populus
398 2343 437 2371 ibi
453 2342 596 2379 babitans,
614 2342 650 2371 ab
664 2342 747 2370 omni
763 2340 869 2371 Laicali
893 2341 1033 2372 Potestare
1055 2343 1087 2372 sit
1108 2342 1264 2380 absolutus,
1282 2352 1314 2374 ut

255 2390 346 2411 nemo
363 2382 402 2410 ibi
422 2379 611 2417 Comes,nec
630 2380 882 2417 Vicecome5,nec
899 2380 1084 2418 Praeposirus,
1103 2390 1157 2411 nec
1174 2381 1316 2420 Vicarius,

254 2428 310 2449 nec
326 2417 410 2448 Miles
420 2441 428 2456 ,
448 2418 574 2457 nullaque
589 2418 696 2455 prorsus
712 2417 832 2448 Persona
842 2441 851 2455 ,
871 2420 1023 2458 quicquam
1053 2420 1107 2448 uris
1120 2419 1165 2449 vel
1180 2419 1313 2450 Advoca-

256 2457 342 2487 tionis
355 2457 409 2487 sive
426 2457 641 2487 Dominationis
655 2456 749 2487 audeat
766 2457 917 2494 exhibere,
943 2467 995 2487 nec
1042 2457 1186 2489 iolentiam
1198 2458 1316 2489 cuilibet

254 2495 373 2532 inferre,
392 2505 446 2525 nec
466 2495 626 2525 Telonium
649 2504 702 2524 nec
723 2494 925 2525 Vadimonium
949 2505 1065 2533 capere,
1090 2506 1150 2527 non
1166 2496 1316 2534 Judicium

255 2542 303 2564 aut
316 2534 454 2572 justitiam
468 2533 540 2572 juste
556 2533 601 2563 vel
617 2532 717 2571 injuste
732 2532 835 2571 absque
849 2532 954 2564 affensu
969 2534 1130 2565 Abbatis&
1144 2534 1317 2565 Conventus

256 2573 296 2602 ibi
311 2572 642 2610 excercere,nullamque
653 2572 777 2601 omnino
792 2571 995 2611 Calumpniam
1005 2582 1106 2611 agere,
1120 2572 1166 2603 sed
1183 2573 1318 2612 quicquid

251 2611 338 2642 'fuerit
351 2610 560 2648 Corrigendum
570 2633 580 2649 ,
597 2609 631 2640 ad
647 2609 812 2640 Monachos
826 2610 872 2640 vel
886 2610 920 2640 ad
934 2620 1004 2648 quos
1016 2611 1067 2648 ipsi
1089 2611 1230 2643 voluerint
1245 2613 1317 2643 refe-

255 2658 338 2680 ratur.

294 2689 482 2727 Quicumque
497 2695 590 2718 autern
605 2686 669 2718 illuc
685 2687 806 2723 Fugiens
821 2688 976 2724 pervenerit
987 2697 1094 2726 ,nemo
1109 2688 1182 2719 intra
1195 2688 1315 2720 Termi-

258 2737 312 2758 nos
327 2727 396 2757 illius
412 2727 552 2758 Salvitatis
569 2726 713 2763 praesumat
727 2726 812 2756 Illum
825 2725 964 2756 Infestari.

294 2765 327 2795 in
351 2766 482 2795 omnibus
504 2775 617 2802 quoque
632 2788 641 2803 ,
667 2774 855 2802 quaecumque
875 2764 960 2794 Silvae
983 2763 1101 2802 Majoris
1125 2764 1267 2795 Monachi
1286 2766 1315 2795 in

251 2812 323 2834 ,τοῖο
337 2803 455 2835 Ducam
475 2804 634 2846 Aquitaniae
658 2802 812 2840 possident,
830 2801 976 2832 Comitale
988 2802 1057 2842 Jus,
1074 2803 1107 2833 ὃ(
1121 2803 1264 2840 justitiam
1281 2804 1315 2834 ad

220 2846 222 2848 '
252 2842 359 2879 Duces
382 2843 540 2880 Aquitania:
561 2849 762 2879 pertinentem,
781 2840 923 2871 Monachi
947 2842 1158 2879 imperpetuum
1179 2842 1316 2881 habeant,

253 2876 297 2918 ,sest
313 2881 346 2911 &
362 2890 547 2918 quaecumque
560 2880 628 2914 huic
646 2879 729 2910 Loco
743 2889 777 2910 ex
791 2878 928 2916 Comitali
944 2879 1040 2910 Feodo
1054 2880 1151 2917 aliquis
1166 2882 1317 2911 rationabi-

254 2919 319 2950 liter
335 2920 502 2957 contulerit,
520 2917 659 2955 Monachi
674 2917 742 2948 illud
757 2916 866 2955 semper
880 2917 1042 2952 allodialiter
1060 2918 1223 2955 polsideant.

294 2952 323 2987 Si
338 2959 398 2995 quis
414 2960 483 2986 vero
499 2957 659 2987 Silvitatem
674 2956 759 2986 Silvae
778 2956 896 2994 Majoris
914 2957 1005 2994 aliqua
1017 2958 1175 2988 temeritate
1190 2956 1315 2988 violave-

258 2997 311 3033 rit,
327 2996 502 3035 Nongentos
515 2994 626 3026 Solidos
640 2994 691 3032 ipsi
703 2994 839 3025 'Ecclesiae
858 2995 999 3032 persolvat.

296 3034 407 3072 Insuper
427 3035 513 3064 etiam
536 3043 638 3063 omnes
659 3032 819 3070 Peregrini,
843 3034 877 3063 δε
896 3035 1013 3073 quicum
1037 3043 1071 3063 ue
1091 3033 1126 3063 ad
1144 3032 1315 3066 Orationem

261 3074 307 3103 vel
323 3072 504 3108 Mercatum,
530 3080 576 3101 aut
593 3070 699 3109 Rogati
721 3072 755 3101 ab
778 3071 889 3101 Abbate
907 3072 983 3102 vela
1000 3072 1024 3102 lif
1036 3072 1170 3110 onachis,
1189 3072 1254 3103 illuc
1269 3083 1319 3103 ve-

261 3113 373 3148 nerint,
392 3111 448 3140 sive
461 3109 512 3140 sint
531 3109 654 3146 Milites,
672 3110 728 3139 sive
743 3109 872 3147 Rustici,
893 3111 950 3141 sive
965 3110 1158 3148 Mercatores,
1175 3111 1220 3141 vel
1237 3111 1319 3149 quili-

263 3151 311 3180 bet
323 3150 368 3180 alii
381 3149 538 3185 Homines,
557 3149 586 3177 in
605 3147 664 3177 tota
679 3147 751 3184 Via,
768 3147 864 3178 eundo
881 3150 915 3180 &
933 3148 1094 3185 redeundo,
1110 3149 1163 3179 sint
1179 3149 1276 3180 securi.

299 3187 494 3219 Concedimus
507 3187 593 3216 etiam
612 3185 697 3216 Loco
713 3185 798 3215 Silvae
816 3185 934 3224 Majoris
947 3186 1133 3233 Septimanale
1147 3187 1321 3226 Mercatum,

263 3236 345 3264 atque
366 3226 514 3256 annualem
533 3224 644 3254 Feriam
663 3225 692 3253 in
710 3223 792 3254 Festo
813 3223 958 3255 Omnium
978 3225 1168 3263 sanctorum,
1185 3227 1219 3256 &
1239 3226 1319 3255 Mer-

264 3266 417 3303 catoribus,
433 3264 501 3295 illuc
520 3262 713 3300 venientibus,
731 3272 779 3300 per
796 3271 885 3293 toram
900 3262 1021 3293 Terram
1038 3262 1182 3302 nostram,
1207 3264 1322 3295 Securi-

265 3311 360 3333 tatem.

303 3340 488 3379 Praecipimus
503 3341 587 3370 etiam
601 3337 758 3376 Praepositis
773 3338 806 3369 &
821 3337 960 3369 Ministris
973 3338 1090 3376 nostris,
1100 3347 1131 3369 ut
1146 3340 1319 3378 ubicumque

266 3377 327 3408 Res
340 3379 482 3416 praeditstae
495 3377 629 3410 Ecclefiae
650 3377 778 3414 fuerunt,
797 3376 852 3406 illas
874 3387 929 3414 pro
945 3376 1027 3406 Poffe
1042 3377 1090 3408 suo
1108 3377 1267 3408 custodiant
1287 3379 1321 3409 δε

262 3416 436 3455 defendant,
450 3428 481 3448 ut
503 3427 556 3447 nec
575 3416 627 3446 illis
650 3414 783 3454 Injuriam
802 3415 921 3454 aliquam
937 3415 983 3446 vel
998 3415 1169 3446 Violentiam
1185 3416 1322 3455 inferant,

269 3465 291 3485 n
327 3465 361 3485 ue
377 3456 411 3484 ab
425 3455 558 3493 aliquibus
579 3454 672 3485 inferri
686 3454 856 3490 permittant.

330 3501 375 3530 et,
393 3501 426 3522 ex
439 3493 490 3523 hac
506 3492 637 3530 perpetua
658 3491 828 3529 Stabilitate,
847 3491 1013 3521 concedimus
1030 3491 1138 3522 Abbati
1152 3491 1238 3522 Silvae
1254 3491 1322 3524 Ma-

267 3533 352 3571 jons,
370 3539 398 3560 ut
413 3540 591 3568 quocumque
612 3530 645 3560 ad
667 3529 785 3560 Curiam
809 3529 933 3560 nostram
955 3531 1082 3568 venerit,
1098 3531 1131 3560 &
1154 3531 1173 3550 *³
1187 3531 1323 3568 quamdiu

273 3569 440 3602 Nobiscum
476 3570 580 3598 morari
616 3569 736 3599 voluerit
751 3591 760 3606 ,
807 3578 906 3598 omnes
933 3568 983 3598 fibi
1020 3567 1124 3606 suiique
1155 3569 1324 3600 neceffarios

271 3611 404 3646 Sumptus
419 3607 454 3636 ab
471 3606 599 3642 Fax-penus
609 3607 708 3637 nostris
722 3607 828 3637 habeat.

313 3646 498 3681 Concedimus,
515 3644 640 3682 insuper,
659 3645 797 3681 praediffls
812 3644 965 3675 Monachis
979 3667 988 3682 ,
1013 3648 1061 3681 ut,
1087 3642 1196 3681 singulis
1218 3645 1325 3684 Annis,

265 3688 356 3719 ,liceat
371 3686 409 3714 eis
422 3693 470 3721 per
486 3680 654 3711 Garonnam
668 3682 797 3713 Fluvium
812 3683 945 3720 Navigio
961 3681 1149 3718 transvehere,
1161 3692 1219 3719 quo
1235 3683 1325 3714 libue-

264 3727 326 3762 Jit,
345 3723 459 3754 Decem
476 3720 596 3751 Modios
610 3719 754 3762 Salis-,pro
769 3722 937 3760 acquirenda
950 3720 1259 3758 Annona‚caeterisque
1274 3722 1325 3752 sibi

276 3760 464 3798 Necell‘ariis,
482 3758 584 3796 absque
599 3767 681 3786 omni
696 3759 916 3790 Consuetudine-

316 3800 448 3831 Similiter
463 3797 566 3828 eisdem
581 3794 734 3825 Monachis
746 3798 911 3827 concedimus
924 3806 972 3835 ut,
996 3796 1017 3827 fi
1031 3794 1142 3834 quando
1163 3796 1236 3833 apud
1258 3795 1328 3828 Bur-

277 3838 405 3876 degalam
421 3837 465 3867 vel
481 3835 560 3866 Boias
575 3856 586 3872 ,
603 3833 696 3871 Sepias
708 3833 754 3863 vel
768 3835 833 3865 alios
848 3837 985 3873 quossibet
999 3835 1092 3866 Pisces
1106 3836 1242 3873 emerint,
1264 3835 1327 3866 nul-

277 3877 335 3906 lam
349 3876 414 3906 inde
430 3872 671 3905 Consuetudinem
685 3871 810 3902 reddant.

315 3913 450 3943 Praeterea
462 3910 707 3948 Controversiam,
724 3919 787 3948 quae
801 3911 872 3953 inter
887 3910 1049 3943 Monachos
1065 3910 1150 3942 Silvae
1168 3909 1327 3949 Majoris&

281 3951 454 3981 Bernardum
468 3952 501 3980 de
519 3948 605 3989 Scoffa
621 3950 654 3980 &
675 3948 780 3979 Fratres
795 3957 853 3986 eJus
870 3949 1032 3980 Guailadum
1051 3951 1083 3981 δε
1101 3948 1248 3980 Robertum
1265 3949 1326 3980 fue-

285 3996 342 4028 rat,
360 3989 426 4020 sicut
440 3989 470 4019 in
484 3988 626 4029 praelentia
640 3987 767 4019 Domini
785 3987 842 4017 mei
856 3987 890 4018 ὃ(
911 3987 997 4019 Patris
1015 3991 1144 4028 Henrici,
1161 3987 1266 4019 inclitae
1282 3997 1327 4019 re-

680 134 1491 185 CONVENTIONES,
1547 135 1935 191 LITERAE,

92 221 169 250 Arm.
187 217 229 248 D·
245 220 404 265 Praeposrtis
415 243 426 258 ,
443 220 476 252 &
490 218 603 252 Ballivis
616 220 732 260 nostris,
749 224 810 253 tam
825 223 1024 260 praesentibus,
1041 224 1129 260 quam
1143 221 1256 261 futuris,
1276 230 1309 253 ut
1346 221 1518 253 cordationis
1552 227 1630 262 Regis
1646 225 1802 263 Anglorum
1826 227 1968 261 ventilata
1989 228 2043 262 fuit

1348 262 1453 290 Ratam
1468 246 1607 292 Hasemus
1626 263 1659 294 &
1676 263 1881 305 Confirmamus.
2038 282 2040 285 ’

2064 230 2099 264 &
2121 230 2292 265 Terminata
2306 254 2317 272 ‚
2341 231 2413 266 Nos
2432 224 2555 268 Anni)

2451 284 2538 314 1440.

1387 298 1520 331 Similiter
1533 301 1567 331 &
1582 301 1780 347 Donationem
1789 326 1805 348 ‚·
1815 315 1901 343 quam
1915 305 1994 337 dedit
2007 306 2088 338 Pater
2103 318 2222 348 eorum,
2239 309 2412 342 &Conces-
2430 318 2496 344 Heu.
2511 316 2538 343 6.

1351 334 1458 381 sionem
1465 338 1632 384 'hujusmodi
1645 340 1834 380 Donationis,
1853 353 1940 381 quam
1955 344 2005 382 ipfi
2020 346 2133 385 postea,
2152 349 2180 378 in
2196 349 2342 386 praesentia
2356 349 2411 380 Pa-

1353 383 1401 405 tris
1413 386 1472 421 mei
1481 399 1491 415 ,
1509 378 1653 422 praedictae
1665 378 1818 419 Ecclefiae,
1835 380 1872 411 de
1884 381 2064 413 Nemoribus
2076 386 2110 416 ὃς
2122 385 2235 418 Pascuis
2242 409 2253 425 ,
2268 387 2414 428 fecerunt,

1354 413 1394 445 fic
1412 423 1443 445 ut
1456 425 1487 445 in
1502 414 1657 456 PriVilegio
1672 417 1756 455 ipfius
1770 419 1952 458 continetur,
1967 419 2171 459 confirmamus.

1371 490 1376 496 ²
1391 454 1560 484 concedimus
1577 457 1662 487 etiam
1684 457 1718 487 &
1736 456 1932 498 Confirmamus
1950 460 2140 497 imperpetuhm
2154 461 2248 493 eidem
2267 463 2415 496 Monaste-

1355 500 1399 521 rio
1414 490 1550 535 Domum
1567 493 1602 524 de
1615 494 1693 525 Bello
1708 495 1898 534 fonte,quam
1912 496 1984 527 olim
2000 497 2145 530 Canonici
2158 501 2336 537 poffidebant
2348 505 2415 544 ,qui

1353 528 1510 568 semetipsos
1527 532 1561 562 δε
1579 531 1715 577 Domum
1737 534 1897 573 ipsamrjam
1917 535 1996 566 dicto
2017 535 2197 568 Monasterio
2216 541 2412 574 contulerunt·

1353 567 1490 612 Volentes
1507 570 1541 600 &
1559 570 1760 609 Praecipientes
1778 582 1808 604 ut
1824 572 1969 605 Monachi
1982 574 2125 613 saepediffl
2141 575 2309 610 Monasterii
2322 567 2416 619 supra³

1354 605 1464 651 dictam
1478 606 1614 654 Domum
1626 610 1660 641 ὃ(
1675 610 1790 642 Locum
1803 611 1840 642 de
1855 612 1968 643 Artolea
1981 614 2014 643 &
2027 614 2064 644 de
2075 613 2414 655 Montelauri,cumom-

1354 645 1437 675 nibus
1449 646 1628 690 Perrmentus
1647 647 1716 687 suis,
1735 659 1805 680 cum
1825 651 1958 682 concessa
1971 651 2012 682 eis
2031 652 2154 690 superius
2167 648 2329 695 Libertate,
2343 656 2413 696 Jure

1353 693 1489 721 perpetuo
1502 686 1670 717 inconcusse
1685 687 1849 725 poffideant.

1394 722 1569 754 Generaliter
1582 733 1678 769 autern
1694 735 1881 770 quaecumque
1897 728 2050 767 praescripti
2069 728 2237 763 Monasterii
2261 731 2367 764 Fratres
2383 736 2416 767 in

1354 768 1417 791 toto
1438 761 1554 806 Ducatu
1575 763 1735 801 Aquitaniae
1756 775 1834 797 nunc
1854 767 2010 806 poffident,
2030 767 2075 799 vel
2097 769 2126 799 in
2140 769 2282 810 futurum,
2300 773 2416 806 auctore

1354 797 1506 837 Detumo,
1525 809 1658 838 poterunt
1671 802 1784 841 adipisci
1794 826 1804 842 ,
1820 804 1892 835 salva
1904 807 1944 836 eis
1957 806 2040 837 omni
2053 814 2182 846 tempore
2202 810 2236 841 &
2259 812 2368 848 penitus
2381 812 2415 843 li-

1357 837 1424 867 bera
1447 836 1662 876 Imperpetuum
1685 843 1854 872 concedimus
1871 844 1905 874 &
1922 843 2136 885 Corfirmamu13
2159 847 2316 880 Stat-nentes
2329 851 2416 882 etiam

1354 883 1386 919 ur
1400 875 1489 920 nullus
1505 886 1628 922 unquam
1641 877 1808 911 Hominum
1822 881 1868 912 vel
1879 881 2062 920 Burgenfium
2077 884 2189 916 suorum
2203 886 2238 917 ad
2251 887 2416 928 alteriusJu-

1354 913 1464 944 dicium
1480 915 1516 945 ab
1531 925 1571 946 eis
1585 915 1732 953 Appellare
1746 919 1791 949 vel
1806 919 1937 951 Clamare
1953 922 2120 961 praesumat,
2134 934 2188 955 nec
2211 925 2285 963 ipsos
2306 926 2416 959 Homi-

1354 962 1405 983 nes
1418 952 1464 983 vel
1478 952 1631 991 Burgenses
1645 954 1861 995 Burdegalenses
1876 957 1980 997 Cives,
2002 970 2100 991 contra
2121 964 2288 995 eorumdem
2306 965 2417 997 Mona-

1355 990 1481 1022 chorum
1494 992 1687 1031 voluntatem,
1704 995 1830 1032 recipere
1845 997 1961 1028 audeant
1971 997 2161 1040 judicandos3
2178 1001 2223 1032 sed
2239 1013 2332 1041 neque
2347 1004 2416 1036 Bur-

1355 1029 1452 1073 genses
1471 1031 1615 1074 praedictae
1636 1031 1774 1063 salvitatis
1795 1034 1894 1073 aliquis
1913 1036 1949 1066 ad
1968 1037 2057 1069 Arma
2073 1038 2117 1069 vel
2140 1039 2176 1072 ad
2191 1039 2412 1080 Expeditionem

1354 1068 1475 1107 aliquam
1489 1069 1660 1109 aliquatenus
1675 1071 1836 1110 compellat.

1653 1147 1750 1188 Hujus
1762 1148 1830 1181 Priv
1840 1150 1916 1190 ilegii
1930 1150 2030 1183 Testes
2041 1151 2102 1183 sunt
2110 1176 2121 1192 ‚

1411 1223 1544 1254 Geraldus
1561 1227 1718 1256 Aucitanus
1736 1226 1969 1268 Archieprjscopur,

1410 1262 1568 1292 Ademarus
1586 1266 1753 1303 Petragoren
1764 1275 1804 1306 1s,

1411 1301 1583 1330 Bertrana'us
1601 1306 1736 1341 Agennen
1747 1314 1787 1342 15,

1409 1338 1448 1407 {t
1460 1339 1642 1407 .sG¹“²?l‘¹⁷d¹‘5
1665 1342 1833 1384 Vasatenfis,

1439 1388 1464 1418 pi
1477 1388 1562 1418 copi,

1409 1416 1559 1454 Stephanus
1579 1417 1645 1457 Cafi’
1667 1418 1793 1451 Domini
1814 1421 1845 1452 in
1863 1421 1946 1453 Arm.

1410 1455 1575 1485 Guillielmus
1589 1457 1801 1498 Brantofinenfis
1809 1482 1819 1498 ,

1410 1493 1558 1523 Arnaldus
1579 1495 1753 1538 Clariacenfis
1763 1521 1770 1528 .

1408 1535 1535 1562 Annitus
1553 1534 1740 1575 Cadumenfis,

1408 1570 1551 1610 Abbates,

1408 1609 1472 1639 Hel.
1491 1611 1523 1639 de
1540 1609 1616 1640 Cella
1631 1611 1801 1644 Senescallus
1817 1613 1986 1654 Gasconiae,

1408 1650 1541 1678 Henricus
1557 1649 1640 1678 Filius
1658 1654 1742 1681 Ducis
1757 1655 1897 1691 Saxoniae,

1407 1688 1566 1717 Bernara'us
1580 1693 1670 1718 Comes
1685 1691 1718 1719 de
1731 1693 1902 1720 Armaniaco
1913 1713 1923 1730 ,

1408 1726 1566 1755 Bernardus
1586 1730 1674 1757 comes
1692 1728 1893 1770 Neralmenfis,

1407 1763 1493 1803 Gafio
1507 1765 1682 1806 Braruenfis,

1408 1804 1506 1832 Petrus
1521 1802 1731 1845 castellionensis
1741 1828 1751 1845 ,

1406 1841 1620 1880 vicecomites,

1408 1883 1451 1910 W
1471 1884 1618 1911 Amanent
1640 1882 1672 1911 de
1687 1885 1845 1922 Froncr'aco,

1410 1919 1556 1949 Arnaldus
1577 1919 1724 1951 Guillielmi
1748 1922 1779 1952 de
1800 1924 1962 1964 Maniam,

1409 1962 1555 1988 Amaricus
1573 1959 1605 1988 de
1625 1958 1653 1988 la
1668 1963 1756 1999 Bret,

1408 1996 1573 2027 Amalumus
1589 1997 1620 2027 de
1633 1997 1837 2039 Blanquafhrt,

1407 2038 1505 2065 Petrus
1525 2036 1557 2065 de
1577 2035 1605 2065 la
1626 2039 1724 2076 Mota,

1407 2074 1580 2112 Axguelinus
1596 2075 1688 2104 Guilli.
1707 2076 1740 2105 de
1760 2074 1790 2104 Ia
1810 2075 1950 2116 Effare,

1407 2111 1566 2152 Gamfridus
1581 2114 1614 2143 de
1632 2115 1720 2152 Pont,

1409 2151 1445 2183 Et
1464 2151 1615 2181 Rainaldus
1630 2151 1722 2184 Frater
1741 2153 1814 2191 ejus,

1409 2190 1540 2220 Geraldus
1559 2191 1591 2220 de
1603 2194 1711 2229 Burgo,

1410 2230 1475 2258 Hel.
1495 2229 1564 2260 Roil.

1409 2270 1452 2298 W
1472 2268 1504 2297 de
1520 2268 1660 2304 Gordono,

1410 2306 1559 2343 Stephanus
1581 2307 1613 2335 de
1626 2309 1778 2340 caumont,

1411 2349 1560 2375 Amaricus
1575 2348 1664 2374 Sancii
1680 2344 1774 2374 frater
1790 2343 1865 2382 ejus,

1409 2386 1453 2413 W.
1472 2384 1623 2423 Raymundi
1637 2382 1668 2411 de
1685 2385 1803 2421 Paruis,

1408 2424 1571 2452 Bertramus
1586 2419 1728 2459 Desmuel,

1411 2461 1549 2490 Gerardus
1565 2459 1702 2490 Preboides
1714 2460 1747 2489 de
1761 2461 1909 2497 Montem,

1411 2499 1560 2529 Nicholaus
1578 2498 1745 2536 Capelianus
1770 2497 1896 2528 Domini
1917 2495 2029 2535 Regis,

1410 2538 1482 2568 Milo
1498 2537 1752 2574 Helemofinarius,

1410 2577 1537 2606 Ribertus
1551 2576 1584 2605 de
1599 2574 1729 2614 Osavilla
1738 2596 1748 2611 ,

1411 2614 1449 2646 Et
1463 2617 1578 2653 Rogerus
1591 2613 1761 2653 Marescalci.

1395 2691 1505 2723 Datum
1520 2691 1593 2730 apud
1615 2689 1744 2728 Regulam
1767 2687 1854 2718 Anno
1876 2687 1973 2725 Regni
1989 2687 2076 2719 nostri
2092 2689 2187 2727 primo
2201 2712 2212 2729 ,

1354 2730 1496 2768 Johannis
1522 2728 1699 2768 Lexovienfis
1730 2726 1925 2758 Archidiaconi
1954 2726 2201 2768 vicecancellarii,

1354 2770 1457 2800 bruarii
1469 2769 1515 2800 die
1531 2770 1624 2800 tertio.

2293 2700 2412 2724 manum

2276 2729 2338 2762 ense
2359 2731 2416 2764 Fe-

1392 2850 1473 2889 Quas
1485 2849 1601 2889 quidem
1615 2848 1723 2879 Literas
1737 2847 1843 2885 Regias
1859 2846 1988 2878 Patentes
2002 2847 2089 2887 Nos,
2106 2848 2266 2888 Sene-[callus
2278 2848 2415 2879 Praeliba-

1355 2897 1418 2926 tur,
1434 2889 1638 2919 considerantes
1662 2887 1742 2925 quod
1763 2886 1841 2925 Justa
1863 2885 2069 2923 postulantibus
2090 2895 2151 2916 non
2172 2885 2213 2916 est
2234 2887 2417 2924 denegandus

1355 2927 1503 2965 Alsensus,
1522 2927 1731 2957 incontinenter
1745 2925 1779 2956 ad
1800 2923 2021 2955 Postulationem
2043 2925 2077 2955 &
2095 2923 2270 2961 Requestam
2286 2926 2417 2963 praediffi

1351 2966 1479 2996 >Abbatis
1494 2965 1674 3003 solempniter
1689 2963 1920 3000 Publicavimus,
1938 2964 1971 2994 &
1980 2986 1990 3000 ,
2004 2963 2120 2993 Tenore
2135 2962 2319 2994 Praesentium
2328 2987 2338 3002 ,
2357 2965 2416 2997 Pu-

1356 3006 1496 3036 blicamus
1506 3027 1515 3043 ,
1532 3014 1564 3035 ac
1601 3014 1632 3034 er
1646 3002 1794 3033 Clericum
1809 3003 1842 3033 &
1856 3001 1985 3031 Scribam
2002 3000 2168 3030 Comunem
2184 3000 2281 3031 Curiae
2295 3002 2416 3042 nostrae,

1356 3053 1405 3082 per
1428 3042 1557 3073 Modum
1581 3014 1719 3072 {biblicam
1742 3040 1859 3071 malimus
1877 3038 1930 3082 ,seu
1955 3037 2135 3077 Daffiaempti,
2153 3037 2223 3083 'fieri
2243 3039 2365 3071 fecimus
2379 3043 2416 3073 ὅ(

1358 3081 1578 3119 Mandavimus3
1586 3080 1776 3111 Decementes
1791 3087 1821 3109 ut
1835 3077 1994 3115 hujulmodi
2003 3076 2110 3120 Publica
2120 3077 2244 3120 Vidimus
2251 3078 2298 3109 seu
2311 3079 2415 3119 Τνιινι]ὲ

1350 3121 1459 3160 sumpto
1469 3143 1478 3157 ‚
1494 3121 1553 3150 tarn
1568 3118 1744 3157 injudicio,
1761 3117 1849 3155 quam
1864 3124 1956 3153 extra,
1974 3116 2008 3146 &
2023 3115 2106 3152 alib1,
2121 3124 2153 3158 in
2167 3115 2281 3153 singulis
2293 3118 2416 3157 agendis,

1359 3168 1431 3189 tanta
1452 3157 1533 3188 Fides
1555 3157 1736 3196 adhibeatur,
1759 3157 1829 3194 sicut
1843 3155 1877 3194 5&
1897 3154 1968 3184 veris
1983 3152 2182 3190 originalibus
2201 3155 2363 3194 antediffls,
2380 3158 2416 3188 ὃ(

1360 3196 1441 3236 quod
1463 3197 1491 3226 in
1512 3197 1645 3226 omnibus
1666 3196 1699 3225 &
1721 3204 1770 3232 per
1788 3194 1886 3223 omnia
1907 3191 2024 3229 praesens
2043 3190 2254 3230 lustramentum
2273 3193 2412 3225 Publicum

1359 3236 1483 3266 Vidimus
1499 3232 1543 3270 feu
1559 3232 1772 3272 Tranffiaemptum
1797 3231 1879 3262 faciat
1894 3231 2004 3267 plenam
2026 3228 2130 3267 fidem,
2145 3229 2268 3269 huicque
2289 3233 2417 3276 praesenti
2466 3234 2471 3238 ’

1359 3274 1467 3320 publico
1485 3273 1603 3318 fidimus
1609 3272 1661 3330 aim
1678 3270 1864 3311 Tranffiaempto
1881 3268 2087 3313 Auctoritatem
2102 3267 2230 3312 nostram
2244 3270 2415 3304 ordinariam

1358 3311 1686 3387 ὶὲἓῗὲἕῖιᾛῗῗξώςωέἶ
1695 3306 2022 3390 Ἰέῗὲῗῃῗωξὶἶῶὲἕὲἳῑ
2037 3313 2245 3377 Ἑὲἳῖξρέἒέὲὶ
2272 3348 2326 3378 01ae
2341 3358 2416 3386 με-

1358 3387 1707 3466 ‘digffbgtiizsililgirgfffltibus
1718 3386 1847 3417 duximus
1859 3382 2079 3421 apponendum,
2095 3381 2171 3414 salvo
2179 3383 2248 3422 Jure
2263 3385 2364 3424 Regio
2382 3388 2417 3420 δε

1396 3503 1505 3534 Datum
1520 3499 1690 3539 Burdegaliae
1705 3522 1715 3537 ,
1732 3498 1782 3530 sub
1795 3497 1894 3536 Sigill'o
1908 3496 2013 3528 Officii
2025 3498 2114 3529 nostri
2125 3497 2328 3535 Seneschalciae
2341 3511 2412 3541 prae-

1360 3542 1465 3580 dictae,
1482 3542 1528 3572 die
1542 3540 1634 3571 Nona
1650 3537 1760 3569 Mensis
1774 3536 1895 3575 Aprilis,
1911 3536 2000 3566 Anno
2017 3537 2053 3567 ab
2068 3536 2268 3570 Incarnatione
2288 3539 2411 3570 Domini

1363 3580 1538 3619 Millefimo,
1557 3575 1866 3618 Qadringentefimo‚
1885 3574 2119 3613 Quadragefiino.
2292 3591 2297 3594 -

2111 3652 2200 3686 Yvo
2217 3640 2376 3684 Conna.
2403 3648 2406 3649 ⁷

1399 3733 1438 3764 Et
1458 3734 1516 3764 hoc
1530 3733 1667 3764 omnibus
1682 3739 1806 3771 quotum
1821 3727 1932 3760 interest
1947 3727 2152 3761 Innotescirnus
2161 3737 2211 3767 per
2229 3709 2405 3765 Praefizntess

1357 3847 1375 3887 J
1399 3772 1633 3854 lufgffesqggb
1661 3807 1736 3847 apud
1766 3805 2025 3847 westmonasterium
2038 3829 2050 3845 ,
2068 3804 2217 3838 ·vicefimo
2237 3805 2344 3840 ofiavo
2363 3806 2411 3839 die

1379 3858 1444 3880 unii.

2348 4038 2414 4094 υσῆὲ

2296 3310 2364 3341 riter
2381 3311 2416 3342 &
2452 3320 2468 3336 ο
2487 3321 2526 3350 x,

2449 3360 2514 3394 77⁶-
