2555 4266
638 182 811 229 VE'T
893 186 1166 228 ACTA

2 279 80 317 ΚΜ,
97 276 136 310 D,
153 273 243 315 ,farios
255 272 335 311 super
354 281 391 302 eo
414 270 688 311 Communicatum,
702 273 956 310 Appunctuatum,
974 274 1008 304 &
1030 271 1208 303 Conclusum

25 329 113 362 1474-

3 366 72 392 Εάυ.
87 370 116 394 4.

158 314 260 350 extitit,
279 322 310 342 ut
331 310 364 340 ad
381 309 618 349 Matrimonium,
639 313 711 342 inter
727 312 864 351 Jacobum
879 311 976 341 Filium
998 310 1127 340 nostrum
1149 310 1211 338 uni-

157 361 224 382 cum
250 351 283 381 &
299 348 450 378 Haeredem
473 359 506 378 ac
530 349 660 380 Inclitam
684 350 878 388 Principiffam
901 346 1210 379 Dominam‘Ceciliam

156 390 301 429 Juniorem
311 386 409 416 Filiam
423 387 491 418 dieti
506 387 683 418 illustrissimi
702 389 841 425 Principis
857 388 998 418 Edwardi
1013 386 1125 422 Angliae
1136 387 1211 421 Regis

157 425 400 463 contrahendum,
418 436 560 465 tamquam
577 426 754 465 Principium
775 428 807 458 ὃς
829 425 969 455 Radieem
990 424 1154 466 stabiliendi
1172 423 1213 452 Α-

157 465 262 501 moris,
282 464 437 501 Factaque,
455 464 607 504 Dotalitia,
626 466 659 496 ὃς
674 466 723 495 alia
737 467 767 495 in
786 474 817 494 ea
838 472 916 501 parte
931 461 1080 492 necessaria
1099 460 1214 490 firman-

156 503 209 538 da,
228 503 345 539 procedi
357 503 489 542 deberet,

196 540 265 570 Nos
278 540 380 579 igitur,
1161 576 1166 580 ,

194 579 254 616 Ea,
271 588 334 618 quae
351 590 399 617 per
415 578 634 610 Commissarios
654 577 765 608 nostros
783 581 816 607 ac
839 576 919 613 suos,
933 575 1001 606 hinc
1014 575 1095 613 inde,
1113 575 1217 605 Trice-

158 617 230 648 simo
247 617 307 647 Die
323 618 429 648 Mensis
439 618 506 655 Julii
522 617 626 648 ultimo
639 616 764 653 effluxo,
783 616 856 653 apud
870 614 1156 656 westmonasterium
1167 636 1175 649 .,
1185 622 1214 644 ut

159 666 210 694 per
237 656 366 693 ipsorum
389 657 553 690 Indenturas
571 655 640 684 illius
668 653 752 683 Datae
775 662 914 692 apparet,
942 653 1021 691 super
1040 651 1189 683 Praemrffis
1206 674 1216 690 ,

161 695 308 733 Advisata,
327 695 545 732 Appunc‘tuata,
561 693 606 723 seu
626 691 809 724 Concordata
832 692 999 730 noscuntur,
1019 690 1091 721 Rata
1109 692 1217 721 haben-

159 741 199 763 tes
215 742 299 770 atque
315 732 416 770 Grata,
433 731 614 768 volentesque
630 739 661 760 ea
678 729 920 769 praeconceptum
935 731 963 759 in
978 730 1113 760 omnibus
1125 729 1215 760 sortiri

160 771 308 802 Effectum

199 810 247 839 De
271 794 338 839 Fid²e
357 809 442 845 igitur
456 830 466 844 ,
485 806 637 845 Legalitate
651 829 661 844 ,
684 806 829 837 Probitate
844 831 853 844 ,
872 806 1139 844 Circumspeffione
1154 829 1164 843 ,
1182 806 1216 836 &

160 847 301 879 Industria
324 846 505 876 Dilectorum
528 844 690 876 nostrorum
707 870 716 882 ,
736 845 973 877 Reverendorum
997 845 1133 882 Panum,
1159 844 1216 882 Jo—

162 887 262 916 hannis
283 883 449 952 Glasguegs
466 906 475 920 ,
494 882 636 913 Willielmi
662 884 823 924 Orkadenfis
839 909 848 922 ,
874 884 1080 922 Episcoporum
1098 907 1107 921 ,
1125 883 1217 913 nostri

164 924 256 963 sigilii
276 921 381 951 Privati
431 921 551 959 ustodis,
567 922 655 952 Colini
673 924 783 952 Comitis
805 923 837 951 de
858 922 949 961 Ergile
961 947 969 959 ,
990 922 1093 951 David
1109 924 1218 951 Comitis

159 959 332 1000 Craufiardiae
348 961 381 991 ὅ(
405 960 527 990 Domini
545 960 714 1000 Lindesaye,
732 961 897 991 Archibaldi
916 960 1039 991 Abbatis
1059 960 1219 997 Monasterii

160 1000 269 1030 Santtae
290 1002 381 1028 Crucis
401 999 433 1027 de
456 998 616 1036 Edinburgh
630 1023 640 1037 ‚
668 1001 701 1030 δε
726 999 856 1038 Magistri
878 998 1044 1029 Archibaldi
1065 997 1219 1039 Qaehitelau

161 1036 359 1074 Arghidiaconi
375 1037 472 1067 Sanffi
487 1037 611 1067 Andre-„e
626 1039 698 1069 infra
722 1038 814 1069 Partes
838 1038 992 1069 Laudoniae
1008 1037 1098 1067 nostri
1119 1037 1219 1067 Secre-

159 1074 239 1113 tatii,
255 1072 412 1113 pleniffime
428 1075 602 1106 confidentes
610 1100 620 1113 ,

200 1113 276 1152 Ipsos
298 1114 409 1144 nostros
430 1114 665 1153 Ambaffiatores,
684 1114 836 1153 OratoreS,
854 1114 1091 1151 Commiffarios,
1109 1113 1219 1143 Proca-

163 1161 285 1191 ratoreS,
305 1153 338 1183 &
360 1150 498 1183 Nuncios
521 1153 649 1191 speciales
670 1153 819 1191 Facimus,
838 1152 1066 1191 Constituimus,
1084 1153 1117 1183 ὃ(
1131 1151 1220 1181 Ordi-

163 1200 264 1222 namus
280 1201 328 1228 per
340 1191 491 1222 Praesentes
500 1214 509 1229 ,
610 1224 612 1226 ,

202 1229 313 1260 Dantes
324 1230 358 1260 δί
376 1230 575 1260 Concedentes
591 1229 709 1267 eisdem,
727 1230 798 1267 Sex,
816 1230 972 1268 Quinque,
990 1228 1221 1268 Qatuor,Tri-

162 1268 233 1305 bus,
251 1277 297 1298 aut
317 1267 442 1298 Duobus
457 1268 626 1298 eorumdem
641 1267 812 1298 Potestatem
829 1269 986 1307 generalem
1003 1271 1035 1299 δε
1047 1267 1221 1297 Mandatum

160 1307 294 1343 speciale,
312 1317 365 1344 pro
391 1306 491 1337 Nobis
508 1308 541 1338 δε
564 1305 697 1336 Nomine
717 1306 832 1342 nostro,
850 1317 916 1337 curti
940 1306 1112 1336 Reverendo
1137 1305 1218 1335 Patre

163 1348 315 1375 Laurentio
331 1345 457 1385 Epifiopo
470 1344 659 1388 Dunolmerfi,
677 1344 781 1374 Nobili
803 1344 937 1375 Domino
958 1344 1090 1383 Johanne
1104 1347 1220 1373 Domino

162 1383 187 1413 le
207 1387 298 1421 Scrope
320 1383 433 1422 Milite,
459 1384 492 1414 &
514 1383 638 1451 Egrffio
662 1382 778 1413 Clerico
799 1382 943 1421 Magistro
964 1382 1096 1422 Johanne
1121 1381 1223 1425 Ruffilt

163 1422 375 1452 Archidiacono
401 1421 547 1452 Berkshire
605 1420 704 1451 ustode
733 1420 838 1452 Privati
866 1421 953 1461 Sigilli
988 1421 1221 1451 Excellentillimi

163 1459 303 1495 Principis
318 1460 458 1489 Edwardi
474 1458 585 1497 Angliae
600 1462 677 1496 Regis
687 1483 696 1497 ,
713 1469 746 1489 ac
765 1459 904 1497 Magistro
918 1459 1032 1489 Roberto
1057 1458 1142 1488 Boith
1164 1458 1222 1488 Le-

164 1508 236 1536 gum
249 1498 403 1536 Doctore,
419 1497 687 1536 Ambaffiatoribus,
706 1497 891 1534 Oratoribus,
910 1497 1136 1533 Commiffariis,
1147 1496 1222 1527 Pro-

164 1537 362 1574 curatoribus,
384 1538 417 1567 &
441 1536 568 1567 Nunciis
591 1535 660 1566 dieti
685 1535 858 1566 Sereniffimi
878 1538 896 1555 ⁴*
924 1536 1061 1573 Principis
1082 1535 1222 1565 Edwardi

163 1574 276 1611 Angliae
291 1577 385 1612 Regis,
406 1574 440 1604 ad
455 1574 512 1604 hoc
530 1574 566 1604 ab
582 1574 686 1604 eodem
701 1573 835 1611 Principe
855 1574 971 1612 speciale
994 1574 1166 1604 Mandatum
1189 1575 1223 1604 &

161 1613 280 1644 similem
295 1612 468 1642 Potestatem
484 1612 666 1649 habentibus,
683 1612 719 1641 de
732 1613 765 1642 ἃ
781 1613 858 1649 super
873 1613 1050 1650 Sponsalibus
1072 1614 1104 1644 &
1123 1611 1224 1643 Matri-

161 1651 282 1689 monio,
298 1651 368 1681 inter
389 1649 523 1688 Jacobum
547 1651 663 1692 nostrum
685 1649 780 1679 Filium
803 1651 938 1681 Unicum
963 1653 996 1683 &
1014 1650 1167 1681 Haeredem
1187 1651 1221 1681 ὃ(

159 1689 268 1721 dietam
285 1688 414 1720 Inclitam
432 1688 593 1719 Dominam
613 1688 738 1718 ceciliam
752 1690 965 1726 contrahendis,
984 1689 1138 1727 Doteque,
1157 1688 1224 1719 Do-

163 1729 271 1766 talitio,
288 1727 334 1758 seu
348 1726 516 1758 Donatione
534 1736 650 1766 propter
667 1726 806 1766 Nuptias,
826 1729 856 1758 vi
871 1729 904 1759 ὃς
918 1729 1020 1759 virtute
1043 1727 1223 1758 Matrimonii

162 1766 323 1805 hujusmodi
346 1765 551 1796 Promittendis
567 1789 577 1803 ,
596 1765 706 1796 Dandis
720 1789 729 1804 ,
745 1767 778 1796 &
806 1766 1000 1796 Persolvendis
1015 1791 1024 1804 ,
1051 1765 1224 1803 Tratstandi,

162 1801 409 1836 Communicandi
422 1827 433 1843 ,
449 1803 673 1842 Appunetuandi
689 1827 698 1842 ,
719 1804 926 1835 Concordandi
944 1828 954 1843 ,
978 1806 1012 1837 &
1038 1803 1225 1835 Concluden—

165 1845 193 1875 di

201 1867 352 1914 'Locorum
369 1904 378 1920 ,
395 1881 579 1919 Temporum
595 1904 604 1918 ,
625 1880 786 1912 Modorurn
803 1905 813 1920 ,
837 1881 1052 1913 Conditionum
1070 1904 1079 1919 ,
1105 1880 1225 1912 Cautio-

163 1931 252 1959 num,
273 1922 307 1952 &
320 1920 527 1958 Securitatum,
545 1920 647 1958 quibus
658 1919 799 1951 Praemiss'a
816 1921 1011 1958 compleantur
1027 1922 1060 1952 δε
1078 1919 1224 1958 perfician—

161 1968 225 1997 tur,
243 1958 474 1996 Certitudinem,
494 1959 739 1996 Specificationem
761 1959 794 1989 &
821 1959 996 1997 Qualitatem
1009 1959 1170 1997 Statuendi,
1189 1960 1222 1990 &

160 1999 240 2036 super
260 1998 364 2028 eisdem
383 1995 587 2028 Conrenuendi
602 1997 635 2027 &
649 1996 871 2035 Concordandi,

201 2036 250 2067 De
263 2037 297 2067 &
312 2037 391 2073 super
405 2035 493 2066 firmis
508 2035 631 2074 Treugis
651 2035 698 2066 seu
719 2035 895 2066 Guerrarum
917 2035 1120 2074 Abstinentiis,
1139 2035 1223 2066 Ami-

163 2074 232 2106 citia
254 2076 288 2106 &
315 2073 449 2111 Unitate,
470 2084 522 2111 pro
545 2073 662 2112 Nobis,
681 2074 812 2111 Amicis,
831 2074 970 2113 Alligatis,
991 2075 1223 2113 Confoederatis,

163 2113 259 2152 Ligeis
274 2135 284 2151 ,
301 2112 424 2142 Subditis
440 2134 449 2150 ,
465 2112 636 2142 Haeredibus
649 2135 659 2151 ,
677 2111 892 2143 Successoribus
906 2137 916 2150 ,
942 2113 1053 2150 Regnis
1069 2137 1078 2150 ,
1107 2112 1223 2151 Patriis,

162 2151 310 2182 Dominiis
330 2150 448 2188 nostris,
467 2152 500 2182 ὃς
523 2150 664 2188 utriusque
684 2150 830 2187 nostrum,
847 2150 990 2189 ineundis,
1008 2151 1222 2189 contrahendis,

162 2189 325 2227 firmandis,
344 2189 505 2227 mutuisque
518 2189 584 2220 hinc
600 2188 665 2219 inde
679 2189 844 2219 Assistentiis
860 2191 894 2221 &
910 2190 1027 2220 Auxiliis
1046 2189 1224 2228 praestandis,

162 2227 338 2265 Tradhndi,
357 2227 578 2265 Consentiendi,
597 2226 820 2265 Concordandi,
839 2229 871 2259 ὃς
889 2227 1112 2266 Concludendi,

162 2266 351 2336 PAgamthue
372 2269 507 2304 Dietam,
530 2276 584 2304 pro
607 2266 759 2296 Praemiffis
774 2289 785 2304 ,
808 2266 828 2296 fi
851 2275 980 2305 oporteat
994 2290 1004 2305 ,
1022 2266 1167 2297 Statuendi
1188 2266 1222 2298 &

189 2315 228 2335 rae
269 2315 304 2335 en
326 2315 334 2334 i

200 2315 370 2380 Gegteraqiie
393 2343 492 2373 omnia
515 2341 669 2380 Faciendi,
684 2341 878 2380 Excercendi,
896 2344 930 2374 &
949 2342 1141 2382 Expedkndi,
1160 2354 1226 2382 quae

160 2383 191 2414 in
209 2381 360 2412 Praemiffis
371 2381 416 2412 seu
428 2381 525 2419 aliquo
535 2381 748 2411 Praemifforum
759 2380 909 2412 necessaria
924 2382 1026 2412 fuerint
1038 2382 1083 2413 seu
1101 2392 1226 2420 quomo·

163 2421 276 2489 dolibest
288 2429 429 2488 oportuna
438 2421 538 2458 ,etiam
554 2419 575 2450 fi
588 2420 648 2450 talia
664 2419 716 2450 sint
732 2430 795 2458 quae
809 2420 845 2450 de
859 2419 884 2450 se
892 2419 1064 2451 Mandatum
1074 2422 1161 2460 magis
1176 2430 1225 2451 ex-

162 2470 174 2490 1
193 2468 239 2490 ant
298 2469 382 2495 ciae;

173 2468 419 2534 gProrliieittentes,
437 2493 514 2526 bona
529 2495 598 2526 Fide
611 2498 645 2528 ὅ(
660 2497 688 2526 i'n
707 2495 809 2526 Verbo
825 2496 940 2533 Regio,
958 2506 1012 2534 pro
1027 2496 1224 2535 Nobis‚Hae-

161 2536 289 2574 redibus,
309 2537 342 2566 ὃς
359 2535 572 2565 Succefforibus
587 2534 706 2572 nostris,
725 2544 756 2564 ea
771 2537 866 2565 omnia
883 2536 1028 2566 habituros
1050 2536 1119 2566 Nos
1135 2536 1223 2574 Rata,

162 2574 268 2613 Grata,
289 2575 322 2605 ὅ(
340 2574 434 2604 Firma
449 2575 673 2611 imperpetuum,
692 2583 756 2610 quae
772 2583 821 2611 per
836 2574 930 2604 di&os
943 2574 1054 2604 nostros
1064 2574 1223 2605 Ambasfia-

161 2620 251 2651 tores,
271 2612 421 2650 Oratores,
437 2611 654 2642 Commissarios
668 2634 679 2650 ,
697 2611 899 2642 Procuratores
914 2637 923 2650 ‚
943 2614 976 2643 &
1002 2612 1138 2643 Nuncios
1152 2636 1162 2650 ,
1176 2623 1224 2644 aut

161 2648 248 2681 Duos
271 2660 372 2681 eorum
386 2673 396 2689 ,
413 2650 547 2681 Tractata
561 2674 570 2688 ,
590 2649 812 2681 Communicata
823 2673 833 2688 ,
851 2650 1069 2689 Appuncstuata,
1085 2650 1222 2682 Concor-

160 2689 238 2727 data,
255 2689 300 2719 seu
319 2689 460 2719 Conclusa
475 2689 578 2719 fuerint
591 2690 619 2718 in
635 2688 786 2719 Praemiffis
810 2689 855 2719 seu
877 2690 972 2727 aliquo
990 2689 1221 2727 Praemfflbrum,

161 2727 212 2757 sub
233 2728 365 2765 Ypoteca
381 2728 413 2758 Sc
439 2726 623 2766 Obligatione
644 2727 776 2758 omnium
800 2727 949 2759 Bonorum
966 2727 1131 2759 nostrorum
1148 2739 1221 2768 prae-

161 2766 280 2797 sentium
298 2766 331 2797 &
345 2765 515 2797 futurorum.

200 2838 234 2873 In
253 2841 332 2880 cujus
352 2841 391 2872 rei
406 2840 624 2873 Testimonium
651 2837 697 2873 has
716 2841 820 2874 Literas
844 2843 951 2874 nostras
974 2843 1024 2874 sub
1044 2842 1156 2883 Magno
1176 2844 1221 2874 Si-

161 2881 230 2920 gillo
256 2880 355 2911 nostro
381 2880 439 2910 fieri
464 2881 586 2911 fecimus
618 2880 751 2921 Patentes
766 2905 776 2920 ,
807 2883 880 2918 apud
908 2881 1069 2920 Edinburgh
1102 2883 1219 2913 decimo

160 2920 267 2950 oetavo
287 2919 347 2949 Die
366 2918 475 2949 Mensis
493 2918 652 2956 octobris,
681 2924 771 2949 Anno
791 2919 917 2949 Domini
937 2920 1112 2958 Millefimo,
1139 2922 1221 2960 Qa-

161 2958 383 2995 dringentesimo
397 2980 407 2996 ,
431 2957 644 2996 Septuagesimo
668 2965 769 2995 quarto
785 2980 794 2996 ,
815 2959 849 2989 δε
876 2957 972 2997 Regni
990 2958 1078 2989 nostri
1096 2959 1222 2990 Decimo

161 3006 274 3036 quinto.

182 3107 185 3109 Α
199 3070 238 3103 IN
257 3068 403 3104 Wrrmzs
422 3068 548 3111 quharof
559 3072 636 3111 We,
653 3070 701 3103 the
719 3072 772 3103 said
785 3071 934 3103 Oratoutis
948 3073 1001 3103 and
1013 3074 1221 3105 Ambaffiatou-

164 3111 201 3141 ris
222 3111 259 3142 of
272 3112 321 3142 the
344 3112 425 3152 King
448 3112 484 3141 of
500 3112 652 3149 Scotland,
670 3112 718 3141 has
739 3111 895 3143 Subscrivit
918 3113 971 3142 this
991 3112 1127 3143 Presentis
1147 3113 1218 3144 with

163 3160 234 3181 oure
247 3148 359 3181 Names
379 3151 433 3181 and
454 3150 548 3188 Signis
568 3150 728 3188 Manuah's,
746 3149 800 3180 and
820 3150 858 3180 set
881 3159 913 3181 to
933 3160 1002 3181 oure
1022 3151 1105 3189 Selis,
1124 3159 1156 3180 at
1179 3154 1221 3181 E-

164 3185 261 3218 dinbur
277 3187 313 3224 h,
330 3189 378 3219 the
394 3189 455 3221 xxvi
476 3187 540 3229 Day
554 3188 591 3219 of
602 3188 750 3225 oetober‚
771 3188 819 3218 the
832 3188 892 3218 Zer
914 3188 951 3218 of
968 3199 1037 3219 oure
1057 3190 1132 3220 bord
1148 3189 1219 3220 God

164 3226 205 3295 Intil
217 3199 338 3296 g{CC
354 3226 501 3258 LXXIV.
516 3236 548 3258 to
561 3228 670 3258 remam
687 3227 757 3258 with
771 3228 819 3257 the
834 3226 898 3258 Part
912 3228 947 3257 of
958 3227 1005 3258 the
1020 3228 1074 3259 said
1089 3228 1172 3266 King
1188 3229 1225 3259 of

199 3274 218 3304 g
242 3276 260 3296 n
284 3284 289 3295 ³

201 3340 339 3374 Secundae
355 3345 426 3375 vero
441 3341 602 3374 Indenturae
619 3337 721 3374 Tenor
733 3338 791 3374 talis
806 3342 863 3381 est,

200 3416 299 3450 HAEc
316 3419 601 3459 INDENTURA,
801 3457 804 3460 ,
1105 3451 1107 3453 ,

199 3455 334 3487 FACTA
353 3460 422 3490 inter
442 3459 511 3490 Nos
524 3483 533 3496 ,
552 3461 732 3489 Laurentium
747 3482 757 3496 ,
775 3457 832 3489 Dei
858 3457 960 3489 Gratia
975 3483 984 3497 ,
1011 3455 1217 3498 Dunolmenfi’m

162 3495 190 3537 Ε
199 3493 331 3562 ΙξΙι-ορκνη,
346 3496 504 3534 Johannem
518 3501 664 3528 Dominum
679 3499 712 3527 de
725 3500 804 3536 Scrop
819 3496 944 3528 Nlilitem
954 3522 964 3535 .,
979 3497 1138 3536 Johannem
1147 3501 1218 3527 Rus-

153 3533 186 3573 Je
225 3532 465 3566 Archidiaconum
481 3533 626 3566 Berkshire
641 3535 802 3567 Custodem
816 3535 921 3567 Privati
943 3536 1031 3574 Sigilli
1042 3559 1052 3574 ,
1068 3537 1101 3567 ὃ(
1118 3536 1219 3566 Rober-

161 3579 220 3600 tum
235 3569 319 3600 Boith
335 3571 449 3615 Legum
467 3573 648 3613 Doclotem,
664 3574 1007 3613 Consiliarios,Oratores
1017 3597 1027 3612 ,
1043 3576 1077 3606 &
1096 3575 1217 3606 Ambas-

162 3610 275 3655 siatores
297 3608 470 3655 Sereniffimi
487 3613 522 3643 ὅ(
547 3612 776 3643 Excellentiffimi
803 3612 941 3651 Principis
969 3613 1110 3642 Edwardi
1157 3613 1216 3644 Dei

162 3650 361 3716 'gragssl'ffegn
382 3645 511 3713 Ahngliae,
527 3649 588 3717 &13
602 3650 837 3717 &Gunffipagffl
851 3652 901 3689 &,
918 3651 1106 3718 Reverendos
1119 3636 1215 3719 Patre?

159 3697 280 3755 ltnelmuml
292 3684 641 3770 ἅῗβῖἕπζαηηφὸετῖἐάεῃῖηι
656 3690 839 3755 ἕιῗίῖὂάεζῐιῖμ
866 3692 946 3756 ἓξὲξ
957 3687 1217 3766 αέξέἰρὶῖιῖίῗωώῖξζῖνὲ

160 3767 289 3796 Comitem
308 3764 340 3793 de
358 3761 452 3799 Ergile
468 3785 477 3798 ,
495 3762 598 3791 David
615 3766 742 3792 Comitem
760 3762 793 3792 de
815 3762 966 3802 Craufurde
981 3789 992 3803 ‚
1015 3765 1214 3796 Archibaldum

161 3802 304 3832 Abbatem
321 3804 408 3830 Mona
431 3802 480 3829 erii
495 3801 602 3829 Sanc'ffe
615 3803 703 3830 Crucis
715 3801 747 3830 de
767 3800 941 3839 Edinburgh,
960 3803 993 3834 &¹
1014 3803 1214 3835 Archibaldum

197 3839 317 3870 uhitelau
337 3842 398 3869 Arc
405 3838 565 3868 yidiaconum
583 3839 677 3867 Sancti
698 3836 824 3868 Andreae
845 3840 916 3870 infra
943 3840 1215 3874 Archidiaconatum

161 3841 320 3910 gudoniae
342 3877 528 3908 Secretarium
543 3899 553 3912 ,
577 3875 806 3920 Excellentissimi
829 3877 862 3908 &
884 3876 1060 3910 Illustriffimi
1077 3877 1216 3920 Principis

164 3914 263 3985 7⁹1⁶?ss
277 3918 410 3984 ⁸⁶⁰‘⁰⁷¹‘1'}²
422 3912 1003 3985 Regfg,fifflffiffigfflgssnffgffiffioe‘a1,
1155 3958 1182 3987 'b

162 3964 372 4031 praedtcii{‘⁴iri
388 3964 516 4023 Villaqde
538 3977 713 4029 samarga
731 3975 846 4022 instan'n·
861 3965 962 4023 Mssa
979 3966 1216 4034 θ’ἕῖἓῖἷῗξῗῖηὲῗ

161 4032 214 4062 tuo
227 4029 486 4069 Convenientibus,
502 4029 565 4070 post
581 4029 783 4060 Ostensionem
797 4029 1041 4062 Commiffionum
1057 4033 1218 4064 nostrarum

164 4071 295 4138 (quzgum
307 4069 573 4139 'lienssreslssperius
586 4067 750 4105 inseruntur)
766 4067 886 4107 postque
899 4069 1022 4111 diversas⁴
1040 4068 1217 4104 Communi*

1250 182 1726 232 PUBLICA.
2266 211 2311 248 51

1248 270 1373 314 cat-iones
1396 272 1432 316 ὃς,
1455 272 1676 305 Deliberationes
1695 276 1799 307 habitas
1815 301 1824 315 ,
1851 279 1962 309 tandem
1993 281 2064 310 inter
2083 280 2152 311 Nos
2167 304 2177 319 ,
2197 275 2306 312 Austo-
2329 279 2403 310 Afin-
2418 281 2459 312 D.

1248 312 1324 337 ritate
1346 309 1378 338 δε
1396 309 1507 341 Virtute
1528 312 1773 356 Commissionum
1799 316 1956 347 nostrarum
1972 320 2168 355 praeriistarum
2183 342 2192 356 ‚
2220 320 2306 350 Vice-
2354 327 2441 357 1474.

1249 355 1305 382 que
1334 346 1366 376 &
1395 347 1528 379 Nomine
1556 350 1722 388 Principum
1751 354 1911 384 nostrorum
1941 357 2096 393 hujusmodi
2120 358 2304 394 AppunCtua-
2325 359 2433 388 Ede-‚4-

1250 392 1312 426 tum
1326 406 1336 421 ,
1363 382 1580 417 Concordatum
1597 413 1605 426 ,
1635 390 1667 419 ὃ(
1691 390 1868 421 Conclusuni
1890 394 1976 423 extitit
1990 416 1998 430 ,
2025 396 2059 424 de
2083 397 2116 427 a&
2138 397 2216 432 super
2238 395 2305 426 Ma-

1251 430 1320 490 ttelrria
1349 422 1528 462 Treugarum
1557 427 1589 456 ὃς
1618 426 1794 459 Guerrarum
1822 430 2063 462 Abstinentiarum
2081 457 2090 471 ,
2111 443 2196 471 prout
2218 434 2307 472 sequi-

1311 483 1321 498 ²

1292 497 1470 544 luminis,
1488 499 1568 530 Cum
1582 503 1617 532 ita
1632 503 1664 533 fir
1677 504 1756 541 quod
1772 503 1849 535 Pacis
1864 505 1973 536 Auctor
1988 507 2127 539 diuorum
2143 509 2308 549 Principum

1255 546 1365 567 animos
1387 539 1537 576 aliquando
1559 543 1739 580 commovit,
1758 551 1788 572 ut
1804 544 1852 580 ipsi
1872 555 1885 573 a
1902 544 2074 575 Guerrarum
2090 549 2163 577 rabie
2177 549 2202 578 se
2217 549 2309 580 diver-

1256 584 1346 606 terent
1365 577 1607 621 abstinerentque,
1626 588 1659 608 ac
1683 580 1726 609 illa
1750 590 1813 618 quae
1834 581 1913 611 Pacis
1929 582 1988 612 sunt
2005 584 2049 612 vel
2065 585 2120 621 ejas
2138 585 2233 616 Media
2249 597 2309 616 arn-

1256 613 1445 652 ple&erentur
1460 639 1469 654 ,
1488 616 1634 654 effleitque
1655 617 1734 655 quod
1748 641 1757 654 ,
1774 620 1866 654 primo
1891 619 1948 650 Die
1974 620 2078 650 Mensis
2097 622 2175 659 Junii
2188 646 2197 661 ,
2221 626 2308 655 Anno

1257 653 1382 684 Domini
1405 653 1561 685 Millefimo
1575 679 1584 692 ,
1613 656 1904 700 Quadringentesimo
1919 680 1928 695 ,
1951 659 2111 698 Sexagefimo
2136 670 2232 698 quarto
2247 686 2255 700 ,
2279 666 2308 693 in

1258 691 1361 721 Domo
1384 692 1537 730 Capitulari
1561 695 1589 723 in
1615 694 1811 724 Cathedralem
1833 694 1987 725 Ecclefiam
2005 698 2172 727 Saiissorum
2188 699 2310 732 Petri&

1256 728 1336 760 Pauli
1348 729 1475 762 Civitatis
1491 732 1695 770 Eboracenfis,
1714 732 1889 763 Guerrarum
1913 733 2097 765 Abstinentiae
2119 745 2167 772 pei·
2189 739 2311 769 Terram

1257 767 1396 806 Mareque
1419 772 1452 801 δε
1473 767 1569 808 Aquas
1587 770 1682 802 dulces
1695 795 1705 809 ,
1724 781 1772 809 per
1793 779 1885 802 certos
1906 772 2044 810 utriusque
2065 773 2201 811 Principis
2220 776 2313 806 Com-

1256 806 1412 845 miffarios,
1428 809 1566 839 conclusae
1583 809 1708 847 fuerant,
1724 811 1862 841 duraturae
1878 809 1963 846 usque
1977 814 2009 840 ad
2023 811 2166 841 Occasum
2181 813 2251 844 Solis
2273 816 2314 844 ul-

1256 846 1318 876 timi
1340 844 1408 876 Diei
1430 847 1587 886 Ostorii-is,
1607 850 1655 886 qui
1678 849 1730 878 erit
1751 850 1779 878 in
1795 849 1884 878 Anno
1898 847 2022 878 Domini
2037 849 2212 888 Millelimo,
2231 853 2312 891 Qua-

1256 883 1492 924 dringentesimo,
1511 885 1720 925 Septuagefimo
1740 888 1758 905 *
1776 897 1871 925 nono,
1891 888 1972 917 certis
1986 887 2086 918 Modis
2104 890 2135 918 ἂ
2151 888 2314 928 Formis-,ut
2333 878 2408 943 8,,ξῖ

2354 937 2364 952 )

1257 924 1286 952 in
1303 922 1414 953 Litteris
1425 924 1492 954 inde
1507 925 1646 956 confectis
1665 926 1836 956 manifestius
1849 926 2029 964 continetur,

1294 960 1469 1000 Eaedemque
1486 963 1612 1002 Treugoe
1628 965 1662 994 δὲ
1680 963 1855 994 Guerrarum
1878 963 2066 995 Abstinentiae
2094 964 2192 1001 postea
2218 966 2313 1005 (viz.)

1259 998 1448 1031 Duodecimo
1466 1000 1526 1032 Die
1544 1001 1716 1032 Decembris
1732 1026 1741 1041 ,
1766 1003 1854 1033 Anno
1879 1002 2003 1033 Domini
2031 1003 2185 1034 Millelimo
2199 1026 2208 1041 ,
2237 1005 2317 1043 Qia-

1257 1037 1492 1077 dringentelimo,
1508 1040 1686 1077 Sexagesimo
1705 1043 1824 1079 quinto,
1843 1042 1872 1070 in
1891 1041 1968 1071 Villa
1986 1042 2017 1070 de
2035 1044 2119 1072 Novo
2137 1042 2229 1081 castro
2245 1067 2254 1081 ,
2271 1055 2320 1082 per

1260 1075 1327 1120 alios
1351 1078 1490 1116 utriusque
1516 1077 1655 1119 Principis
1681 1078 1920 1116 Commissarios,
1944 1081 1974 1109 in
1999 1082 2134 1110 omnibus
2157 1082 2319 1120 &lingulis

1261 1114 1393 1158 Articulis
1416 1116 1598 1153 praeadvisatis
1613 1140 1623 1156 ,
1647 1118 1759 1149 fuerunt
1780 1119 1814 1148 ad
1840 1119 1971 1155 longiora
1988 1118 2135 1156 Tempora
2152 1118 2319 1157 Prorogatae

1262 1153 1354 1189 (viz.)
1375 1154 1509 1194 usquead
1531 1156 1648 1186 Annum
1668 1156 1791 1187 Domini
1812 1155 2015 1194 Millesimum,
2035 1158 2320 1198 Qiingentelimum,

1260 1190 1389 1221 Nonum
1415 1193 1599 1233 Decimum,
1623 1204 1708 1232 prout
1733 1197 1761 1225 in
1787 1194 1911 1232 ipsorum
1931 1195 2089 1224 Indenturjr
2114 1202 2199 1234 (quas
2220 1196 2321 1228 Literis

1261 1228 1423 1261 Patentibus
1441 1232 1585 1262 di&orum
1602 1232 1717 1272 Regum
1738 1233 1899 1263 Ratificatas
1915 1235 1948 1263 ὅς
1966 1233 2156 1265 Confirmatas
2170 1234 2252 1265 fuisse
2280 1235 2320 1266 fa-

1262 1276 1354 1298 temur
1372 1269 1406 1300 &
1424 1268 1689 1308 Recognoscimus)
1707 1271 1865 1309 plenissime
1882 1281 2059 1310 continetur,

1298 1306 1367 1349 Nos
1385 1308 1467 1346 igitur
1488 1308 1685 1340 Commiffirii
1703 1311 1845 1348 praediffl,
1864 1319 1898 1340 ex
1916 1313 1998 1341 certis
2017 1311 2113 1340 Causis
2131 1310 2268 1342 Honestis
2286 1314 2320 1344 δε

1262 1343 1488 1377 Rationabilibus
1506 1347 1574 1391 N.0⁵
1595 1349 1777 1379 moventibus
1793 1372 1803 1387 ,
1820 1351 1925 1380 virtute
1943 1348 2119 1380 Potestatum
2132 1371 2142 1387 ,
2161 1349 2324 1383 Auctorita-

1262 1391 1324 1413 tum
1339 1408 1349 1420 ,
1372 1386 1406 1416 ὃ(
1421 1383 1667 1417 Commissionum
1686 1387 1846 1418 nostrarum
1872 1387 2069 1425 praedic'tarurn
2088 1411 2098 1426 ,
2122 1388 2210 1418 dicitas
2229 1389 2324 1421 Treu-

1264 1431 1312 1458 gas
1330 1423 1364 1452 &
1382 1422 1558 1454 Guerrarum
1585 1424 1773 1456 Abstinentias
1787 1448 1797 1463 ,
1824 1426 1861 1456 ita
1880 1435 1910 1457 ut
1929 1428 2107 1463 praemittitur
2132 1435 2224 1465 captas
2243 1451 2251 1465 ,
2271 1430 2325 1458 ini-

1264 1467 1321 1497 tas,
1337 1461 1371 1491 ὃς
1387 1471 1567 1500 prorogatas,
1583 1462 1764 1494 Nominibus
1781 1464 1896 1503 Regum
1914 1465 1947 1494 &
1974 1465 2140 1503 Principum
2156 1465 2324 1497 nostrorum

1264 1497 1468 1535 praedic‘torum
1479 1523 1488 1538 ,
1503 1500 1589 1531 Ratas
1607 1501 1738 1532 habentes
1760 1510 1843 1540 atque
1864 1502 1965 1533 Gratas
1978 1527 1987 1540 .,
2006 1504 2126 1542 ipfiasque
2145 1502 2324 1541 Captionem

1265 1537 1298 1567 &
1315 1535 1551 1576 Prorogationem
1566 1539 1646 1569 Treu
1667 1550 1747 1570 arum
1762 1540 1921 1577 hujusmodi
1937 1541 2126 1573 Admittentes
2138 1542 2174 1571 de
2187 1553 2268 1574 novo
2289 1545 2324 1575 δε

1264 1575 1463 1612 Approbantes
1476 1600 1485 1614 ,
1514 1577 1635 1608 Concor
1656 1580 1764 1609 avimus
1786 1580 1819 1609 ὃς
1845 1578 2046 1610 Conclusimus
2068 1581 2174 1611 easdem
2198 1582 2326 1621 Treugas

1266 1614 1299 1644 ὅ(
1316 1613 1494 1657 Guerrarum
1507 1615 1697 1647 Abstinentias
1707 1640 1715 1654 ,
1735 1617 1961 1655 quibuscumque
1977 1619 2156 1656 Attemptatis
2169 1619 2228 1649 sive
2243 1620 2327 1658 Rup-

1267 1661 1335 1682 turis
1357 1654 1499 1690 praetenfis
1521 1664 1556 1685 ex
1574 1665 1627 1685 una
1643 1665 1690 1686 aut
1707 1655 1757 1685 alia
1775 1655 1858 1686 Parte
1873 1666 1933 1686 non
1952 1656 2144 1694 obstantibus,
2162 1657 2240 1695 super
2263 1661 2327 1695 qui-

1266 1691 1336 1729 bus,
1356 1691 1421 1729 post
1437 1693 1566 1723 ultimam
1582 1696 1696 1723 Dietam
1708 1693 1793 1724 Novi
1810 1693 1921 1732 Castri,
1942 1694 2194 1732 supervenientibus
2211 1696 2245 1726 ad
2266 1697 2328 1727 Re-

1266 1731 1439 1767 parationem
1473 1731 1609 1762 Debitam
1642 1732 1862 1763 Procedendum
1888 1733 1930 1763 est
1946 1756 1956 1771 ,
1979 1733 2080 1765 debere
2108 1744 2157 1771 per
2179 1734 2328 1773 Tempora

1266 1777 1422 1799 memorata
1440 1769 1474 1800 ὃ(
1493 1770 1577 1809 usque
1595 1769 1629 1800 ad
1649 1770 1770 1802 Annum
1788 1770 1975 1802 Millefimum
1994 1796 2004 1809 ,
2032 1773 2301 1811 Qingentelimum
2319 1797 2328 1810 ‚

1266 1806 1425 1838 Decimum
1445 1807 1573 1839 Nonum
1591 1808 1803 1847 suprascriptum
1816 1831 1825 1847 ,
1849 1809 2006 1840 secundum
2022 1811 2146 1841 formam
2161 1813 2250 1849 ,rvim
2266 1836 2275 1850 ,
2293 1813 2327 1843 &

1267 1844 1404 1875 effectum
1420 1847 1553 1877 omnium
1572 1847 1606 1877 &
1626 1847 1798 1887 lingulorum
1819 1847 2012 1879 Articulorum
2027 1872 2037 1887 ,
2062 1850 2090 1879 in
2107 1851 2281 1890 Indenturis,
2296 1862 2329 1879 a-

1259 1884 1319 1921 pud
1330 1884 1479 1914 Eboracum
1494 1886 1566 1916 inter
1580 1884 1798 1927 Commiffirios
1816 1895 1846 1916 ut
1870 1884 2048 1923 praemittitur
2064 1889 2203 1918 confestis
2225 1890 2258 1919 &
2280 1898 2328 1918 ex-

1266 1921 1380 1960 peditis,
1397 1923 1517 1954 seriatim
1537 1925 1742 1962 deicn‘ptorum
1766 1925 1850 1962 (quos
1875 1926 1922 1955 hic
1942 1926 2036 1957 haberi
2058 1927 2192 1958 volumus
2204 1937 2257 1964 pro
2280 1930 2329 1957 cx'-

1266 1961 1373 2004 pressis)
1388 1971 1436 1999 per
1450 1962 1522 2000 ipsos
1535 1963 1680 2000 Principes
1697 1964 1729 1994 &
1746 1973 1846 1993 eorum
1861 1964 2039 1995 Successores
2053 1974 2135 2004 atque
2145 1966 2281 1996 Subditos
2295 1976 2330 1996 u-

1265 1999 1387 2030 niversos
1400 2001 1434 2031 &
1449 2001 1570 2038 singulos
1585 2002 1783 2032 inviolabiliter
1797 2002 1946 2033 observari.

1304 2037 1384 2076 Quae
1401 2040 1501 2069 omnia
1515 2040 1547 2070 &
1562 2040 1600 2070 fin
1641 2041 1683 2077 la,
1697 2041 1733 2070 ita
1748 2041 1820 2070 inter
1833 2039 1902 2070 Nos
1917 2042 2021 2071 mutuo
2037 2039 2234 2079 Concordata,
2245 2040 2330 2072 Con-

1265 2074 1378 2114 feffiita,
1396 2076 1574 2115 Recognita,
1626 2079 1759 2116 atificata,
1779 2078 1908 2108 Admissa
1925 2080 1958 2109 δε
1976 2080 2153 2117 Approbata,
2172 2081 2241 2111 Nos
2257 2081 2332 2111 Ora-

1265 2122 1342 2145 tores
1364 2116 1399 2147 &
1422 2114 1617 2147 Commiffarii
1641 2117 1731 2156 Regis
1753 2116 1865 2155 Angliae
1885 2118 2102 2155 supranominati
2132 2119 2333 2150 Promittimus

1265 2163 1313 2191 per
1329 2153 1418 2192 ipsum
1433 2154 1702 2186 Metuendissimum
1725 2155 1890 2185 Dominum
1914 2156 2044 2186 nostrum
2064 2156 2176 2196 Regem
2187 2180 2196 2195 ,
2214 2158 2330 2196 suosque

1264 2191 1462 2230 Successores,
1482 2192 1575 2232 quoad
1591 2194 1679 2231 ipsum
1697 2194 1813 2233 &ipsos
1828 2196 1943 2233 attinet,
1961 2195 2059 2226 deberi
2086 2197 2116 2226 in
2137 2197 2274 2227 omnibus
2294 2198 2329 2228 &

1264 2239 1316 2268 per
1327 2232 1425 2262 omnia
1440 2232 1549 2262 Teneri
1565 2232 1764 2262 inviolabiliter
1781 2232 1815 2263 ,ὃς
1833 2232 1994 2270 observari,

1304 2268 1533 2307 Praesentemque
1552 2272 1750 2308 Indenturam,
1769 2280 1818 2307 per
1840 2271 1947 2302 Literas
1966 2272 2096 2302 Parentes
2120 2272 2242 2309 eiusdem
2263 2272 2330 2304 Do-

1266 2307 1337 2336 mini
1360 2307 1450 2339 nostri
1472 2308 1580 2347 Regis,
1605 2310 1655 2338 suo
1676 2308 1791 2346 Magno
1815 2309 1913 2347 Sigillo
1939 2310 2092 2347 sigillandas
2108 2334 2117 2348 ,
2144 2311 2271 2341 ratifican'
2294 2313 2329 2344 &

1266 2344 1453 2384 confirmari,
1479 2347 1598 2385 ipsasque
1617 2347 1725 2378 Litetas
1746 2346 1930 2377 ratificatorias
1946 2370 1956 2386 ,
1981 2348 2049 2378 citra
2071 2349 2215 2387 Quartum
2237 2349 2329 2381 Diem

1263 2382 1385 2422 Januarii
1399 2387 1535 2423 proximo
1555 2385 1697 2422 futurum,
1713 2394 1759 2415 aut
1778 2385 1812 2415 ad
1836 2385 1971 2416 ultimum
1996 2387 2025 2416 in
2043 2387 2102 2422 ipso
2118 2388 2230 2425 Qiarto
2252 2387 2328 2427 Die,

1266 2424 1295 2453 in
1317 2422 1442 2453 Ecclesia
1466 2424 1622 2454 Parochiali
1646 2424 1682 2454 de
1707 2423 1892 2461 Norrhame,
1911 2424 2036 2454 Nuncio
2048 2424 2137 2463 Regis
2151 2426 2328 2465 Scotorum,

1267 2461 1366 2531 gmsses
1388 2462 1496 2493 Literas
1522 2473 1576 2500 pro
1598 2462 1658 2501 ipso
1683 2462 1768 2499 Rege
1791 2460 1935 2501 afferenti,
1951 2463 2020 2494 tradi
2043 2464 2076 2495 δε
2101 2464 2253 2496 deliberate
2276 2465 2327 2495 de-

1289 2510 1344 2530 ere.

1301 2537 1334 2568 In
1350 2548 1474 2576 quorum
1491 2540 1624 2569 omnium
1641 2539 1854 2570 Testimonium
1867 2545 1950 2578 atque
1970 2539 2069 2570 Fidem
2091 2540 2157 2572 huic
2174 2540 2249 2572 Parti
2273 2541 2328 2571 IN-

1266 2585 1462 2615 DENTURAE,
1481 2587 1564 2615 penes
1590 2577 1806 2608 Commiffarios
1827 2578 1896 2609 dieti
1916 2581 1994 2615 Regis
2013 2578 2126 2617 Angliae
2140 2580 2326 2611 REMANsu-

1265 2625 1340 2653 RAE,
1356 2616 1424 2646 Nos
1439 2617 1576 2647 Oratores
1590 2616 1658 2647 dic‘ti
1674 2619 1750 2653 Regis
1763 2620 1856 2646 Scotiae
1875 2616 1972 2652 Sigilla
1997 2617 2108 2656 nostra,
2127 2628 2195 2650 cum
2216 2618 2327 2649 Nomi-

1264 2656 1345 2685 nibus
1360 2655 1392 2685 &
1412 2655 1506 2693 Signis
1519 2654 1620 2685 nostris
1636 2653 1835 2693 Manualibus,
1852 2655 2041 2693 apposuimus.

1303 2740 1371 2770 Dat.
1392 2739 1465 2777 apud
1485 2738 1648 2776 Edinburgh
1663 2762 1673 2777 ,
1694 2739 1828 2770 vicesimo
1849 2739 1926 2770 sexto
1949 2739 2006 2771 Die
2031 2739 2140 2771 Mensis
2165 2742 2325 2781 Ostorius,

1264 2778 1354 2808 Anno
1368 2777 1491 2808 Domini
1505 2778 1679 2816 Millesimo,
1699 2778 2003 2818 Qadringentefimo,
2017 2779 2230 2818 Septuagesimo
2246 2791 2328 2819 quar-

1265 2826 1306 2847 to.

1303 2895 1383 2935 Qas
1397 2894 1516 2933 quidem
1534 2893 1577 2924 ΙΝ
1587 2903 1608 2924 1)
1617 2902 1635 2924 Ε
1646 2902 1669 2924 N
1679 2902 1702 2924 τ
1710 2901 1733 2923 u
1744 2897 1767 2924 R
1778 2903 1796 2924 Α
1806 2902 1818 2924 s
1829 2916 1838 2932 ‚
1858 2894 1891 2925 &
1904 2893 2043 2924 ditstatum
2052 2893 2235 2931 Treugarum
2250 2895 2326 2932 apud

1263 2932 1418 2964 Civitatem
1443 2933 1654 2964 Eboracensem
1680 2931 1897 2962 Conventiones
1921 2933 1954 2963 &
1977 2931 2142 2969 Pactiones,
2165 2942 2197 2962 ac
2217 2942 2327 2963 earum-

1263 2972 1332 3002 dem
1355 2972 1429 3010 apud
1452 2971 1556 3001 Villam
1580 2972 1660 3000 Novi
1680 2970 1769 3011 Castri
1787 2970 2025 3008 Prorogationes‚
2044 2970 2202 3000 Affinitates
2224 2972 2324 3009 initas,

1264 3011 1439 3048 caeterosque
1458 3010 1624 3046 Traecatus,
1643 3008 1721 3039 Corn
1744 3008 1891 3046 ositiones,
1908 3008 2013 3045 LigaS,
2032 3008 2198 3045 Amicitias,
2217 3009 2324 3046 aliaque

1264 3051 1378 3088 omnia,
1397 3049 1561 3085 Contenta,
1580 3046 1701 3084 Pasfiita,
1748 3046 1920 3084 oncordata,
1939 3046 2105 3085 Declarata,
2119 3047 2152 3077 δε
2167 3046 2325 3084 Expreflata

1263 3087 1292 3116 in
1307 3087 1475 3124 Praemissis,
1494 3086 1563 3116 Nos
1580 3084 1702 3123 Jacobus
1718 3088 1778 3114 Rex
1793 3089 1946 3123 Scotorum,
1964 3094 1998 3115 ex
2015 3085 2109 3115 nostra
2122 3085 2243 3116 Scientia
2259 3095 2325 3125 pro-

1263 3127 1384 3165 prioque
1403 3125 1508 3161 Motu,
1526 3125 1555 3153 in
1568 3124 1703 3154 omnibus
1722 3124 1774 3153 suis
1788 3123 1939 3161 Articulis,
1960 3122 2096 3160 Punffis,
2115 3123 2274 3161 Membris,
2287 3126 2322 3156 δε

1263 3163 1414 3202 Clausulis,
1429 3173 1483 3200 pro
1497 3161 1597 3192 Nobis
1607 3184 1618 3200 ,
1634 3161 1821 3199 HaeredibuS,
1840 3161 2068 3199 Successoribus,
2087 3162 2198 3198 Terris,
2215 3161 2322 3192 Domi-

1262 3203 1334 3240 niis,
1360 3201 1542 3238 Ditionibus,
1569 3200 1678 3238 Ligeis,
1704 3200 1844 3237 Subditis,
1865 3201 1992 3238 Amicis,
2012 3199 2244 3237 Confoederatis,
2261 3201 2323 3231 Ad-

1261 3241 1430 3271 haerentibus
1443 3240 1475 3270 ὃ(
1489 3239 1654 3277 adhaesuris,
1670 3246 1785 3269 necnon
1800 3240 1934 3269 omnibus
1948 3247 2071 3277 quorum
2086 3237 2199 3267 interest
2211 3246 2258 3268 aut
2280 3240 2323 3268 in—

1264 3280 1356 3311 tererit
1378 3277 1599 3316 quomodolibet
1613 3278 1641 3306 in
1659 3277 1803 3314 futurum,
1818 3277 1978 3314 laudamus,
1992 3283 2185 3313 acceptamus,
2205 3276 2322 3309 ratificad·

1262 3328 1342 3355 mus,
1360 3316 1513 3348 validamus
1523 3339 1532 3355 ,
1547 3316 1734 3352 roboramus,
1753 3316 1786 3346 &
1802 3316 2006 3353 approbamus,

1299 3356 1501 3388 Promittentes
1512 3379 1521 3391 ,
1541 3353 1618 3384 bonit
1636 3354 1704 3384 Fide
1720 3355 1753 3384 ὃς
1766 3355 1794 3383 in
1808 3354 1906 3385 Verbo
1921 3352 2030 3390 Regio,
2048 3360 2101 3388 pro
2116 3351 2234 3391 Nobis,
2247 3353 2321 3385 Hae-

1261 3396 1388 3433 redibus,
1406 3393 1640 3430 Succefforibus,
1659 3392 1801 3430 Subditis,
1821 3393 1854 3422 &
1877 3391 1967 3429 Ligeis
1985 3388 2101 3427 nostris,
2117 3400 2147 3420 ea
2168 3393 2264 3422 omnia
2282 3395 2317 3424 δε

1259 3433 1382 3471 singula,
1398 3441 1535 3471 quantum
1549 3430 1583 3460 ad
1596 3430 1664 3461 Nos
1678 3432 1813 3467 attinent,
1831 3429 1945 3458 firmiter
1966 3427 2127 3466 Tenturos,
2145 3429 2318 3462 Observatu-

1259 3482 1305 3502 ros
1317 3473 1418 3512 pariter
1429 3472 1462 3503 δε
1479 3469 1714 3508 Perimpleturos,
1733 3479 1786 3500 nec
1798 3467 1902 3497 eisdem
1916 3466 2170 3498 Contraveuiemus
2185 3469 2242 3500 ullo
2262 3470 2315 3500 Pa-

1258 3511 1317 3542 sto.

1292 3587 1326 3617 In
1350 3586 1427 3624 cujus
1447 3587 1487 3616 rei
1507 3584 1722 3616 Testimonium
1744 3581 1926 3612 Praesentibus
1947 3580 2090 3620 Magnum
2106 3583 2235 3622 Sigillum
2257 3593 2312 3615 ποι

1255 3626 1345 3656 strum
1361 3626 1466 3662 apponi
1481 3625 1615 3659 fecimus,
1633 3622 1705 3659 apud
1719 3619 1894 3656 Edinburgh,
1909 3619 2012 3650 Tertio
2028 3620 2087 3652 Die
2112 3622 2218 3651 Mentis
2238 3622 2311 3651 No-

1254 3664 1398 3700 vembris,
1426 3663 1513 3692 Anno
1535 3661 1659 3691 Domini
1680 3658 1851 3694 Millefimo,
1871 3658 2176 3698 Quadringentesimo,
2194 3661 2312 3700 Septua-

1254 3703 1365 3741 gelimo
1380 3710 1496 3738 quarto,
1512 3700 1546 3729 &
1561 3698 1653 3736 Regni
1668 3697 1756 3726 nostri
1769 3696 1900 3726 Decimo
1915 3698 2024 3735 quinto.

1326 3775 1378 3807 Sub
1394 3773 1483 3843 Sb'gillo
1495 3775 1597 3811 Magno
1609 3775 1701 3804 Scotiae
1715 3775 1790 3803 Cerae
1803 3772 1874 3804 albae
1889 3785 1908 3804 a
1921 3773 2016 3813 duplici
2027 3772 2122 3806 Gauda*
2136 3776 2307 3813 Pergamenae

1352 3824 1404 3854 pen
1438 3824 1456 3842 n
1471 3823 1492 3843 e.

1714 4105 1783 4136 Ga

2204 4109 2223 4129 ⁸
2243 4112 2312 4140 Cou-
