2555 4266
223 150 273 191 28

76 236 154 268 Arm.
174 233 348 264 DArmatae
360 230 465 261 nostrae
478 227 507 257 in
522 225 654 258 Partibus
669 224 837 261 Britanniae,
855 233 907 262 pro
915 221 1114 259 Readeptione
1126 218 1282 250 Patriamrn

99 281 184 312 1491.
220 273 254 302 &
271 269 410 300 Villarum
432 268 539 297 suarum
563 264 685 302 ibidem,
703 263 832 299 expolitis
857 262 890 292 &
910 260 1051 299 expensis,
1070 268 1118 290 aut
1139 266 1283 300 exponen·

70 317 142 343 Hm-
163 320 188 346 7-
219 309 306 340 dis&
322 304 527 345 expendendis,
545 303 645 334 Nobis
661 313 709 339 per
720 301 804 341 ipsam
818 299 1048 344 Corfinguineam
1070 296 1203 337 nostram,
1219 303 1283 334 Jux-

219 357 246 379 ta
266 348 328 377 vim
343 369 352 383 ,
367 346 491 375 formam
510 365 520 380 ‚
537 343 570 373 &
593 342 732 372 effeetum
758 338 997 369 Conventronum
1011 362 1021 375 ,
1039 336 1209 367 Pactionum
1223 358 1232 370 ,
1248 334 1282 364 &

221 384 453 416 Conclusionum
467 383 538 411 inter
555 382 615 410 Nos
629 381 661 410 &
677 379 761 419 ipsam
772 377 1003 416 consanguineam
1018 375 1135 415 nostram
1149 382 1213 404 ante
1221 373 1284 401 haec

222 426 372 460 initarum,
391 428 618 456 conventarum,
636 419 669 450 δε
692 416 906 454 conclusarum,
923 414 1119 446 contentandis
1141 413 1174 443 &
1200 410 1286 441 resol-

223 461 322 494 vendis

260 500 306 530 Ac
330 485 367 529 {ie
389 497 494 534 Loco,
511 495 683 532 Tempore,
701 493 734 524 &
751 493 896 524 Terminis
920 491 1114 522 Resolutionis
1127 485 1286 529 hujusmodi

222 539 404 569 Summarum
422 535 522 566 Nobis
542 533 643 563 fiendae
669 531 858 570 praefigendis,
878 530 1042 567 limitandis,
1061 528 1093 558 &
1119 524 1285 560 statuendis,

222 575 377 607 Traeiandi
389 597 399 613 ,
415 571 629 604 Comunicandi
644 594 654 611 ,
672 570 873 601 Conveniendi
885 594 894 607 ,
911 566 1132 601 Concordandi⁷
1150 563 1285 607 Compo-

222 614 330 653 nendi,
348 610 589 651 Appuntstuandi,
607 620 640 641 ac
655 610 776 648 plenarie
790 610 823 639 &
837 608 943 645 integre
960 602 1174 636 Determinandi
1195 602 1227 632 &
1251 598 1285 644 f}-

223 654 318 684 naliter
334 650 551 688 Concludendi,
570 648 786 686 hujusmodique
809 647 905 683 Loca,
924 645 1094 680 Tempora,
1112 640 1285 687 &ATerrm-

224 702 278 722 nos
294 701 346 730 pro
359 690 547 721 Resolutione
566 687 726 727 hujusmodi
749 687 947 721 Summarum,
967 683 1050 713 nobis
1071 679 1180 722 fienda,
1220 684 1285 720 rout

225 731 307 761 dic‘iis
319 729 420 760 nostris
436 727 642 758 Commissariis
659 726 756 756 melius
770 724 859 755 visum
872 723 973 760 fuerit,
991 717 1174 759 Praefigendi,
1220 724 1285 745 imi-

227 769 318 806 tandi,
336 769 369 798 &
383 766 546 803 statuendi,
889 799 894 804 ι
1057 795 1062 800 ,
1245 792 1249 797 ,

263 808 397 838 Necnon
418 815 520 836 omnes
544 805 577 834 a&
598 801 716 838 fingulas
737 798 896 838 hujusmodi
915 797 1152 832 Conventtones,
1169 791 1286 822 Pacho-

226 856 291 884 nes,
310 844 503 882 Concordias,
523 842 699 877 mimaritias,
718 839 882 875 Amicitias,
900 836 1075 870 AffinitateS,
1092 830 1288 874 Confoedera-

225 885 331 922 tiones,
349 883 544 921 Intelligentias
557 903 567 918 ,
585 879 712 916 Treugas
727 900 735 914 ‚
752 877 897 906 Amicitias
911 898 920 912 ,
936 873 1113 915 Guerrarum
1135 868 1289 900 Abstinen-

225 925 275 954 tias
296 923 503 963 quascumque,
519 919 622 948 habitas
645 917 700 946 five
720 915 860 945 habendas
875 936 884 951 ,
901 914 1019 943 firmatas
1041 914 1096 940 live
1119 907 1286 944 firmandas,

225 963 299 1000 ipsos
315 960 548 996 Consanguineos
564 955 676 986 nostros
692 953 816 983 carolum
831 954 953 981 Francia
967 952 999 982 &
1015 948 1152 988 Duciffam
1171 949 1290 975 Britan-

226 1004 280 1032 niae
298 1000 398 1031 Nosve
420 997 661 1035 qualitercumque
682 1001 888 1022 concernentes
910 998 1122 1020 concernereve
1145 986 1286 1023 valentes,

227 1040 262 1069 ad
276 1038 423 1068 meliorem
440 1034 660 1069 validioremque
676 1030 840 1062 earumdem
857 1028 1092 1065 Observantiam,
1112 1035 1162 1064 per
1185 1024 1287 1062 praedi-

228 1078 307 1108 &am
324 1074 551 1114 Conslmguineam
570 1071 687 1110 nostram
709 1072 863 1098 Britanniae
883 1065 1068 1104 corporaliter
1089 1065 1186 1104 jurari,
1203 1064 1237 1094 &
1257 1064 1287 1092 in

229 1116 329 1145 Verbo
356 1113 494 1150 Principis
515 1110 664 1148 promitti,
681 1107 841 1145 Literasque
862 1107 918 1136 suas
939 1105 1085 1142 patentes,
1102 1104 1152 1134 sub
1172 1101 1288 1139 Magno

227 1153 329 1192 Sigillo
345 1151 394 1182 suo
408 1151 545 1190 sigillatas,
563 1147 680 1186 aliasque
703 1146 872 1183 cautiones,
891 1144 1104 1183 Obligationes,
1121 1143 1155 1172 &
1176 1140 1287 1172 Securi—

228 1200 296 1223 tates
317 1191 521 1230 quascumque,
538 1189 567 1217 in
587 1196 620 1216 ea
639 1193 716 1223 parte
737 1185 894 1223 requilitaS,
912 1183 990 1221 super
1002 1182 1109 1212 eisdem
1119 1180 1289 1219 Juramento

229 1232 263 1262 &
290 1228 496 1265 Promiffione,
516 1226 565 1255 libi
585 1225 720 1255 Nomine
739 1222 838 1254 nostro
857 1222 927 1253 tradi
949 1231 981 1252 ac
1003 1220 1148 1251 deliberari
1168 1218 1288 1249 Petendi

232 1268 372 1308 Exigendi
389 1268 486 1304 pariter
502 1266 534 1296 δε
551 1262 735 1300 Recipiendi‚

267 1308 313 1338 Ac
334 1308 433 1343 etiam,
450 1305 468 1335 fi
491 1302 602 1333 ncceffe
620 1302 717 1338 fuerit,
737 1309 822 1330 unam
845 1300 927 1330 aliam
947 1301 1061 1328 Dietam
1083 1298 1112 1326 in
1133 1296 1179 1327 tali
1203 1295 1288 1326 Loco

231 1347 289 1376 sive
307 1347 334 1375 in
352 1344 451 1375 talibus
473 1341 561 1372 Locis
582 1339 763 1379 Deputandi,
784 1337 954 1375 Limitandi,
974 1346 1058 1374 atque
1079 1335 1238 1372 statuendi,
1256 1334 1289 1365 &

232 1384 302 1415 inibi
320 1383 355 1413 de
368 1384 401 1414 &
417 1382 494 1419 super
508 1381 644 1410 omnibus
660 1380 693 1409 &
709 1378 821 1415 singulis
836 1375 989 1407 Praemiffis
1009 1376 1042 1406 ὃς
1055 1375 1091 1404 ab
1105 1375 1145 1405 eis
1158 1373 1291 1412 qualiter-

232 1431 354 1459 cumque
381 1419 601 1459 dependentibus
622 1415 833 1448 Comunicandi
848 1440 858 1453 ,
873 1414 1028 1445 Tradiandi
1044 1436 1054 1452 ,
1072 1412 1272 1444 Conveniendi
1284 1434 1294 1449 ,

234 1459 454 1498 Appunetuandi
470 1481 481 1497 ,
498 1458 531 1489 &
553 1455 756 1487 Concludendi
771 1478 781 1493 ,
795 1463 880 1492 prout
903 1452 1006 1483 eisdem
1027 1451 1236 1483 Commissariis
1259 1451 1293 1481 &

233 1500 383 1537 Deputatis
398 1497 500 1528 nostris
514 1497 547 1527 δε
564 1495 688 1526 Duobus
704 1504 804 1524 eorum
822 1493 957 1531 (quorum
968 1489 1118 1530 praefatum
1138 1489 1295 1530 Epifiopum

233 1549 324 1569 unum
338 1537 393 1567 esse
406 1535 551 1572 volumus)
570 1534 669 1564 melius
684 1533 773 1563 visum
787 1532 869 1562 flierit
887 1532 920 1562 &
934 1538 1127 1568 oportunum,

273 1576 472 1613 Praemislaque
492 1574 591 1604 omnia
610 1574 643 1604 δε
662 1571 764 1611 lingula
787 1569 990 1601 Concludendi
1003 1591 1013 1606 ,
1030 1567 1196 1606 Firmandi,
1215 1566 1297 1598 Affe-

236 1615 368 1652 curandi,
386 1615 419 1645 <Se
435 1611 617 1648 Roborandi,

275 1653 407 1684 Necnon
425 1652 460 1683 de
482 1651 515 1682 &
539 1650 616 1687 super
639 1647 798 1686 hujusmodi
823 1646 1028 1685 Appunematis
1044 1668 1054 1684 ,
1074 1645 1107 1677 &
1128 1643 1296 1682 Conclufis‚

237 1688 439 1729 Praemiffaque
463 1689 704 1727 qualitercumque
728 1685 983 1723 concernentibus,
1002 1694 1067 1722 quae
1093 1694 1162 1715 cum
1182 1683 1296 1720 praefata

236 1730 438 1770 Consanguinea
457 1727 547 1766 nostra
569 1729 723 1756 Britanniae
739 1747 749 1763 ,
767 1725 812 1755 seu
834 1726 890 1762 ejus
910 1722 1080 1753 Oratoribus
1093 1746 1102 1761 ,
1122 1722 1296 1752 Procurato-

237 1770 332 1808 ribus,
350 1767 578 1802 Commislariis,
598 1765 747 1803 Deputatis
761 1786 771 1802 ,
791 1763 904 1800 Legatis
919 1785 929 1800 ,
947 1762 980 1793 &
1003 1761 1130 1792 Nunciis
1153 1760 1297 1791 antedithis

236 1807 452 1846 Appuncmata,
471 1804 641 1842 Conventa,
660 1802 858 1840 Concordata,
878 1799 1040 1838 Conclusa,
1059 1801 1093 1832 ὃς
1118 1799 1298 1831 Determina-

236 1856 263 1877 ta
278 1846 401 1914 fIqerint,
411 1845 528 1914 c{niteras
542 1843 645 1874 validas
660 1843 694 1874 &
717 1840 847 1873 efficaces
869 1850 921 1878 pro
938 1839 1020 1870 Parte
1041 1837 1139 1869 nostra
1151 1837 1297 1869 Tradendi

237 1886 272 1917 &
314 1886 409 1915 iberan
431 1884 438 1913 i

271 1922 434 1960 Literasque
447 1906 513 1951 3alias
524 1920 676 1951 consimilis
689 1917 812 1950 effectas
826 1918 860 1949 &
873 1917 981 1956 vigoris
995 1926 1029 1948 ex
1043 1916 1125 1948 altera
1142 1915 1227 1947 Parte
1241 1915 1298 1946 Pe—

238 1963 362 1995 tendi&
374 1960 545 1998 Recipiendi
553 1984 563 1997 ,

271 2001 308 2032 Et
327 2000 489 2040 generaliter
513 1998 610 2029 omnia
630 1996 776 2028 Praemiffa
797 1996 831 2027 &
850 1994 1065 2026 Praemifforum
1082 1993 1187 2031 singula
1209 2002 1297 2031 eaque

258 2041 478 2076 ualitercumque
492 2037 695 2068 concernentia
710 2034 858 2072 Faciendi,
876 2033 1071 2071 Excercendi,
1090 2034 1123 2064 &
1138 2031 1297 2069 Expedien·

235 2050 265 2109 {li
276 2102 286 2117 ,
301 2080 338 2109 ita
353 2078 386 2108 δε
402 2077 505 2108 eodem
520 2075 612 2107 modo
629 2075 698 2105 sicut
713 2074 781 2104 Nos
798 2073 846 2111 ipsi
862 2073 1018 2103 faceremus
1039 2072 1072 2103 &
1095 2071 1186 2102 facere
1204 2070 1297 2108 poffe-

236 2127 299 2149 mus
314 2116 333 2147 fi
347 2116 524 2155 personaliter
538 2113 745 2152 interessemus,
763 2113 846 2143 etiam
864 2112 882 2142 s1
901 2112 960 2142 talia
975 2111 1027 2141 sint
1043 2120 1108 2149 quae
1123 2109 1296 2141 Mandatum

238 2159 274 2187 de
287 2155 312 2186 se
327 2156 414 2192 magis
429 2156 541 2192 exigant
557 2152 689 2191 speciale,

274 2193 491 2231 promittentes,
510 2191 589 2222 bona
605 2190 672 2221 Fide
686 2190 719 2222 &
731 2191 760 2220 in
776 2189 875 2220 Verbo
891 2188 1004 2228 Regio,
1020 2189 1120 2220 omnia
1135 2187 1167 2218 &
1183 2185 1296 2224 fingula,

236 2243 302 2271 quae
318 2241 367 2272 per
382 2232 511 2269 praefatos
532 2230 685 2267 Oratores,
705 2228 922 2265 Procuratores,
940 2227 1176 2263 Commiflarios,
1195 2225 1298 2263 Depu-

237 2279 307 2303 tatos
322 2293 332 2309 ,
353 2270 472 2309 Legatos
487 2292 497 2308 ,
515 2270 547 2300 &
568 2268 704 2299 Nuncios
724 2266 836 2298 nostros
851 2289 861 2304 ,
876 2266 910 2297 ὅ(
932 2265 1016 2297 Duos
1038 2275 1138 2296 eorum
1161 2265 1298 2302 (quorum

230 2309 378 2349 praeflztum
392 2309 546 2348 Episcopum
561 2318 651 2338 unum
667 2306 724 2338 effe
739 2305 886 2341 volumus)
906 2304 1121 2342 Appunetuata,
1141 2303 1298 2341 Promissa,

237 2348 436 2386 concordata,
455 2348 487 2378 δε
502 2346 645 2377 Conclusa
661 2345 764 2376 fuerint
778 2346 808 2374 in
825 2345 876 2374 hac
892 2342 991 2381 Parte,
1008 2343 1077 2374 Nos
1094 2341 1298 2380 Rata,Grata,

94 2406 110 2423 ο
132 2404 205 2433 χΙΙ,
237 2389 271 2419 ὃ(
293 2387 387 2418 Firma
407 2387 551 2417 habituros
570 2385 588 2404 ²*
607 2385 641 2416 &
659 2384 873 2420 observaturos,
890 2384 924 2413 &
945 2382 1091 2420 superinde
1117 2381 1226 2411 Literas
1244 2391 1299 2412 no-

93 2443 159 2481 433·

240 2425 306 2456 stras
333 2425 463 2456 Patentes
491 2423 596 2454 Novas
623 2431 670 2455 aut
704 2422 937 2453 confirmatorias
959 2445 969 2459 ,
999 2420 1205 2452 Ratificatorias
1222 2442 1232 2458 ‚
1264 2420 1299 2451 &

241 2465 462 2535 igipprobamrias
486 2464 513 2493 in
533 2462 627 2494 forma
648 2461 743 2493 debita
767 2462 801 2493 &
824 2462 978 2498 autentica,
994 2469 1079 2498 prout
1102 2468 1174 2496 opus
1193 2459 1298 2496 fuerit,

253 2512 420 2579 *alssircdiiqu
437 2541 497 2570 &c.

242 2619 262 2648 b
277 2579 366 2623 Teste
388 2579 468 2617 Rege
492 2576 565 2616 apud
591 2575 848 2616 westmonasterium
864 2599 874 2614 ,
907 2575 1043 2607 vicesimo
1075 2575 1152 2606 sexto
1178 2573 1223 2605 die
1247 2573 1302 2604 Fe-

265 2628 354 2648 ruant.

520 2758 580 2787 Pro
599 2751 734 2787 Subditis
749 2755 846 2786 Ducis
862 2750 1046 2784 Alediolani.

102 2848 176 2878 Arm.
193 2846 231 2876 D.
249 2842 359 2901 REX
376 2840 507 2872 universis
522 2841 555 2871 &
574 2839 685 2878 fingulis
702 2838 851 2875 Ducibus,
869 2837 931 2867 ἃς.
949 2836 1082 2867 Salutem.

122 2896 204 2925 1491⁴

339 2881 437 2912 Sciatis
453 2880 552 2917 quod,
569 2878 605 2908 de
623 2879 795 2908 avisamento
814 2878 847 2908 &
865 2875 969 2905 assensu
988 2874 1113 2905 Concilii
1132 2873 1238 2912 nostri,
1256 2874 1309 2904 sus-

101 2930 153 2954 An.
174 2928 199 2952 6.
246 2921 373 2957 cepimus
389 2920 417 2949 in
436 2918 541 2949 salvum
560 2919 593 2948 ὃς
612 2916 742 2948 securum
762 2914 950 2945 Conductum
970 2913 1119 2950 nostrum,
1137 2923 1170 2943 ac
1188 2914 1216 2942 in
1237 2913 1310 2942 Pro-

102 2970 137 2992 H.
155 2974 180 2997 7.

249 2960 404 2990 tec-“tionem
422 2979 431 2995 ‚
454 2956 625 2988 Tuitionem
640 2980 650 2993 ,
673 2954 897 2991 Defensionem,
919 2953 952 2983 &
970 2952 1080 2983 Salvam
1101 2951 1238 2981 Gardiam
1257 2962 1311 2981 no-

104 3007 189 3030 franc.
207 3003 233 3027 6.
250 2997 333 3027 stram
353 2995 480 3034 speciales
494 3019 504 3033 ,
529 3004 628 3025 omnes
644 2995 676 3025 &
695 2992 813 3033 singulos
832 2991 1007 3022 Mercatores
1025 2992 1057 3021 &
1078 2990 1213 3021 Subditos
1229 2993 1311 3020 Ducis

104 3045 215 3075 H.7.m.
251 3034 402 3066 Medionali
416 3036 449 3066 &
467 3044 569 3063 eorum
590 3031 746 3070 quemlibet
762 3032 791 3061 in
810 3030 951 3067 Regnum
969 3029 1100 3060 nostrum
1122 3029 1248 3068 Angli—ae,
1273 3039 1307 3060 ac

107 3089 150 3116 33·

250 3075 301 3105 alia
323 3075 402 3105 Loca
413 3097 422 3110 ,
438 3072 665 3111 jurisdiffiones,
683 3071 716 3101 &
731 3070 886 3101 Territoria
901 3068 995 3099 nostra
1013 3077 1220 3106 quaecumque,
1243 3077 1311 3098 curn

251 3123 352 3144 eorum
370 3111 522 3149 Navibus,
537 3110 683 3147 Can-acis,
701 3110 734 3139 &
753 3108 868 3146 Galeis,
894 3108 928 3138 &
949 3117 1018 3138 cum
1034 3107 1210 3138 omnimodis
1228 3105 1313 3136 Bonis

252 3154 284 3183 &
313 3149 496 3182 Mercandifis
511 3150 562 3179 suis
577 3173 587 3185 ,
610 3149 643 3179 &
662 3146 811 3185 cujussibet
827 3156 928 3177 eorum
946 3156 999 3184 pro
1017 3145 1093 3176 facto
1113 3145 1288 3176 Mercatorio
1302 3168 1311 3182 ‚

251 3191 327 3221 salvo
346 3191 380 3221 &
398 3189 494 3219 secure
512 3185 679 3224 Veniendo,
697 3185 805 3215 ibidem
824 3185 971 3215 Noctibus
988 3185 1021 3216 &
1036 3183 1148 3214 Diebus
1163 3184 1196 3214 ad
1211 3193 1314 3214 eorum

252 3229 367 3259 libitum
393 3226 580 3265 Expectando
592 3248 602 3264 ,
628 3223 864 3254 Perhendinando
879 3247 888 3262 ,
914 3224 948 3254 δε
976 3222 1125 3253 Morando
1140 3245 1150 3260 ,
1177 3223 1211 3253 &
1240 3230 1315 3252 extra

256 3266 390 3305 Regnum
407 3289 417 3304 ‚
443 3266 546 3303 Loca,
570 3263 781 3302 jurisdiffiones
796 3286 805 3299 ,
829 3262 863 3292 &
887 3261 1044 3292 Territoria
1069 3260 1163 3291 nostra
1184 3260 1316 3298 praedifta

256 3305 332 3335 salvo
351 3307 383 3336 &
400 3306 495 3335 secure
510 3327 520 3342 ,
543 3303 662 3333 durante
681 3301 807 3339 praesenti
826 3300 911 3330 Salvo
930 3298 1088 3330 Condustu
1105 3300 1137 3330 &
1157 3299 1237 3329 Salva
1277 3309 1318 3328 ar-

258 3343 304 3373 dia
322 3343 437 3381 nostris,
453 3344 514 3373 tam
534 3352 582 3379 per
598 3341 722 3371 Terram
740 3341 826 3378 quarn
845 3349 894 3376 per
911 3338 1011 3375 Mare,
1027 3338 1214 3368 Transeundo
1225 3360 1233 3374 ‚
1289 3347 1319 3367 e-

261 3381 376 3411 deundo
392 3381 494 3419 absque
519 3378 722 3411 molestatione
737 3401 747 3417 ,
773 3377 877 3408 Aresto
890 3400 900 3415 ,
925 3376 1141 3407 Perturbatione
1156 3400 1165 3413 ,
1194 3375 1319 3413 impedi-

263 3428 377 3457 mento,
392 3420 438 3450 vel
457 3419 631 3449 Gravamine
648 3426 834 3455 quocumque
849 3417 887 3446 eis
904 3415 949 3445 vel
967 3415 1050 3446 alicui
1067 3424 1186 3452 eorum,
1201 3416 1231 3444 in
1241 3414 1319 3444 Cor-

262 3457 377 3496 poribus
394 3466 439 3488 aut
458 3457 558 3494 Bonis,
577 3466 626 3495 per
644 3457 750 3495 aliquos
766 3455 941 3493 Ligeorum,
963 3452 1164 3484 Ministrorum
1175 3477 1183 3490 ,
1203 3452 1246 3483 vel
1263 3451 1320 3481 Of-

262 3497 434 3527 ficiariorum
452 3496 612 3526 nostrorum
623 3519 632 3533 ‚
651 3503 836 3533 quocumque
854 3492 954 3524 Modo
971 3493 1017 3524 vel
1034 3490 1126 3522 Causa
1137 3515 1147 3531 ,
1172 3491 1321 3522 inferendis

262 3536 307 3566 vel
326 3535 420 3564 inferri
440 3534 645 3571 permanendis,

300 3572 401 3611 Aliqua
422 3571 557 3611 Marqua,
582 3570 828 3610 Contromarqufi,
855 3570 912 3600 sive
929 3568 1083 3607 Reprisalia
1097 3592 1107 3608 ,
1133 3576 1233 3599 contra
1250 3577 1324 3606 prae-

265 3612 357 3644 dietos
377 3610 550 3640 Mercatores
567 3611 601 3641 ὃς
618 3610 751 3641 Subditos
765 3633 774 3648 ‚
798 3619 845 3640 aut
860 3618 961 3639 eorum
979 3607 1101 3646 aliquem
1121 3606 1261 3637 concessis
1278 3605 1325 3636 vel

265 3649 455 3720 {inposterum
473 3648 663 3680 concedendis
675 3673 685 3687 ,
708 3648 857 3679 occasione
877 3655 1058 3685 quacumque
1071 3669 1081 3685 ‚
1108 3655 1168 3676 non
1185 3645 1325 3676 obstanti-

289 3698 334 3725 us,

303 3727 384 3765 Quas
400 3725 516 3764 quidem
535 3724 641 3754 Literas
659 3724 695 3754 de
715 3723 838 3762 Marqua
853 3725 886 3756 ὅ(
905 3722 1133 3761 Contramarqua
1150 3721 1196 3753 vel
1219 3720 1326 3761 Repri-

269 3765 329 3795 salia
344 3788 352 3803 ,
378 3774 479 3794 omnes
493 3764 526 3794 &
545 3763 659 3801 singulas
676 3763 843 3799 supradictas
858 3765 892 3795 &
906 3772 1002 3793 earum
1021 3761 1199 3800 quamlibet,
1224 3769 1326 3790 contra

269 3804 316 3844 bas
335 3803 480 3840 praesentes
490 3802 594 3833 Literas
612 3799 720 3830 nostras
735 3800 816 3831 Vires
833 3802 966 3832 nolumus
981 3802 1083 3839 quovis
1095 3799 1187 3830 modo
1203 3798 1328 3836 habere,

270 3844 307 3871 let
332 3852 374 3871 eas
396 3842 429 3871 &
450 3839 612 3871 earumdem
636 3838 795 3869 Literarum
815 3840 970 3877 quamlibet
982 3840 1114 3870 omnium
1137 3838 1188 3869 suo
1204 3837 1329 3867 Robore

272 3879 397 3921 efficacia
411 3880 444 3910 &
458 3879 625 3910 executione
639 3887 734 3908 carere
746 3876 839 3907 versus
853 3878 980 3915 praesatos
995 3877 1171 3908 Mercatores
1196 3876 1228 3906 ὃ(
1253 3875 1328 3905 Sub-

272 3915 345 3946 ditos
353 3941 365 3959 ,Ι
378 3917 458 3961 Bona
471 3918 505 3948 &
520 3915 778 3959 Mercandisas‘suas
792 3916 825 3946 &
839 3917 982 3953 cujussibet
997 3925 1115 3954 eorum,
1134 3924 1183 3952 per
1204 3913 1329 3944 Praesen-

272 3961 312 3982 tes
329 3954 519 3997 Discemimus
533 3956 566 3987 &
581 3954 797 3992 concedimus,
816 3963 885 3986 cum
898 3956 1034 3986 omnibus
1045 3955 1080 3987 ὅ(
1094 3953 1206 3993 singulis
1221 3950 1329 3983 Claufie

273 3992 431 4028 supradietis
444 3995 477 4024 ὃς
491 3993 549 4023 aliis
563 3992 806 4030 quibuscumque,

313 4028 350 4061 Et
365 4029 430 4060 ideo
443 4031 525 4061 vobis
540 4030 729 4069 Mandamus,
744 4031 806 4062 ὅτε.

660 122 1473 181 CONVENTIONES,
1529 119 1922 175 LITERAE,

1360 210 1396 241 In
1411 209 1507 247 cujus,
1526 208 1588 240 &c.
1606 217 1657 245 per
1676 207 1714 239 Se
1734 209 1864 239 tennium
1877 208 2029 240 duraturas.

1323 248 1450 318 riiTeste
1465 248 1548 287 Rege
1560 247 1634 288 apud
1651 249 1701 278 We
1751 246 1928 287 master-ium,
1947 247 2086 280 vicefirno
2100 246 2177 278 sexto
2197 244 2244 276 die
2262 243 2388 276 Februa-

1328 417 1422 460 Super
1444 412 1604 458 Expmsts,
1630 413 1660 443 in
1681 409 1852 455 Defenfione
1876 409 1970 441 Annae
1994 410 2198 443 Romanorum
2222 412 2335 457 Regina
2353 411 2391 447 &-

1444 463 1605 494 Britannia
1630 459 1772 505 Ducffl,
1799 457 1835 491 de
1860 454 2100 503 obligationibus
2121 459 2278 504 capiendis.

1330 547 1449 605 REX
1465 549 1598 582 universis
1615 549 1650 582 &
1665 547 1794 587 singulis,
1813 545 1848 577 ad
1866 555 1938 583 quos
1961 542 2107 583 praesentes
2129 544 2234 576 Literae
2254 556 2392 585 pervene-

1361 627 1366 631 .
1408 589 1481 626 rint,
1499 590 1649 626 Henricus,
1666 587 1724 618 Dei
1744 585 1831 624 gratia
1841 609 1849 623 ,
1868 587 1928 614 Rex
1941 582 2055 622 Angliae
2066 582 2104 619 ὥσ
2119 586 2262 623 Francia,
2277 585 2316 622 &.
2331 589 2391 617 Do-

1329 634 1416 655 mmus
1430 626 1594 665 Hiberniae,
1612 626 1747 657 Salutem.

1363 663 1464 694 Sciatis
1475 665 1575 703 quod,

1364 700 1462 739 Cum,
1480 703 1515 733 ad
1531 701 1759 740 Requifitionem
1774 700 2091 738 Interpellationemque
2107 698 2297 730 Sereniss'imae
2311 698 2394 731 Prin-

1327 739 1397 777 cipis
1412 743 1508 772 Annae
1522 744 1703 771 Rvmanorum
1719 742 1828 777 Reginae
1842 738 1879 773 «ἐν
1895 742 2051 768 Britanniae
2074 737 2190 778 Duciffie
2216 736 2394 777 Consangui-

1329 787 1391 808 neae
1415 779 1520 809 nostrae
1541 778 1719 816 Catiffimae,
1737 787 1805 808 curn
1827 787 1880 815 qua
1900 776 2102 807 Illustriffimus
2123 788 2157 808 ac
2181 776 2396 808 Potentiffimus

1328 815 1468 855 Princeps
1490 817 1712 855 Cariffimusque
1734 815 1886 846 Confrater
1908 815 2004 846 noster
2026 818 2205 846 Romanorum
2218 818 2279 845 Rex
2294 814 2398 846 Matri-

1331 856 1463 885 monium
1479 866 1529 895 per
1544 857 1629 887 verba
1641 855 1678 885 de
1693 855 1821 893 praesenti
1835 855 1972 884 contraxit
1983 877 1992 892 ,
2010 854 2153 893 ipsamque
2177 857 2204 885 in
2231 853 2396 893 Conjugem

1330 894 1365 924 &
1380 893 1588 924 Conthoralem
1602 894 1778 931 acceptavit,
1790 902 1905 922 necnon
1919 892 1952 921 ad
1966 893 2152 929 plurimorum
2168 893 2325 925 Nobilium
2336 892 2400 923 Bri-

1331 933 1434 962 tanniae
1456 931 1589 964 Ducatfis
1610 932 1781 971 Rogatum,
1806 930 1905 968 Opem
1934 931 2103 961 Succursum
2126 940 2210 971 atque
2233 930 2399 969 Auxilium,

1330 970 1433 1001 nostris
1459 971 1584 1001 onerofis
1605 971 1772 1008 Sumptibus
1792 969 1826 999 &
1852 969 2002 1007 Expensrs,
2019 969 2070 999 hiis
2090 971 2158 1001 actis
2181 972 2290 1006 Annis,
2305 969 2401 1001 eidem

1329 1009 1519 1078 {ereniffimae
1540 1009 1666 1048 Principi
1687 1011 1869 1038 Romanorum
1892 1010 2000 1045 Reginae
2014 1007 2131 1047 Duciffae
2146 1013 2304 1041 Britanniae
2324 1018 2400 1047 prae-

1357 1058 1482 1079 itertmus

1368 1072 1615 1126 Quibus'quidem
1631 1084 1734 1116 nostris
1749 1083 1882 1121 Auxiliis,
1898 1091 1997 1115 contra
2009 1084 2150 1115 Gallorum
2165 1088 2314 1126 Principem
2326 1087 2398 1126 ejus-

1332 1135 1388 1162 que
1403 1125 1527 1156 Rabiem
1544 1125 1765 1164 &inopinatam
1789 1122 1970 1161 Potentiam,
1987 1123 2043 1160 ipsa
2059 1124 2239 1156 Sereniffima
2263 1125 2398 1166 Princeps

1331 1167 1512 1195 Romanorum
1533 1166 1636 1201 Regina
1658 1165 1816 1193 Britanniae
1837 1160 1967 1200 Duciffi1‚
1983 1162 2046 1192 suus
2063 1161 2212 1202 Ducatus,
2229 1164 2399 1204 Subditique

1333 1204 1407 1242 ejus,
1423 1203 1492 1242 Jura
1507 1202 1660 1241 Protecta,
1677 1202 1802 1239 Tutata‚
1819 1209 1903 1238 atque
1919 1199 2071 1231 Defenfiita
2083 1201 2212 1240 fuerunt,

1371 1241 1431 1272 Pro
1447 1243 1546 1281 quibus
1562 1241 1677 1280 quidem
1695 1239 1798 1271 nostris
1813 1238 1946 1276 Expensis
1960 1247 2045 1278 atque
2060 1239 2242 1279 Sumpribus,
2260 1249 2308 1279 per
2317 1241 2398 1280 Nos,

1332 1289 1398 1310 ante
1415 1281 1467 1311 hac
1478 1305 1487 1318 ,
1506 1289 1537 1311 ut
1553 1280 1751 1318 praemittitur,
1768 1279 1885 1317 erogatis
1906 1279 1940 1309 &
1964 1277 2110 1316 expofitis,
2126 1289 2160 1309 ac
2171 1279 2206 1310 ad
2220 1280 2399 1311 consimilem

1335 1328 1389 1356 pro
1404 1329 1434 1350 ea
1449 1319 1651 1350 Defensionern
1665 1317 1731 1356 post
1746 1319 1798 1347 hac
1814 1317 1959 1355 erogandis
1975 1318 2008 1348 &
2022 1317 2211 1357 exponendis,
2230 1317 2328 1348 Nobis
2340 1318 2401 1349 Re-

1336 1357 1475 1388 solvendis
1496 1359 1529 1390 &
1554 1356 1749 1388 Restituendis
1771 1355 1827 1394 ipsa
1854 1354 2030 1386 Sereniffima
2060 1355 2195 1394 Princeps
2222 1360 2402 1387 Romanorum

1337 1398 1440 1434 Regina
1456 1401 1470 1414 *
1487 1399 1644 1426 Britanniae
1658 1393 1785 1434 Duciffix,
1801 1394 1856 1432 Se,
1880 1394 1995 1432 suosque
2009 1393 2148 1426 Haeredes
2164 1396 2197 1426 ὃς
2212 1395 2403 1433 Successbres,

1338 1433 1459 1473 PatriaS,
1478 1445 1561 1473 atque
1575 1434 1710 1466 Subditos
1728 1443 1827 1464 eorum
1844 1441 1927 1471 atque
1943 1435 1988 1463 sua
2010 1432 2090 1463 Bona
2114 1433 2235 1464 firmiter
2254 1434 2404 1466 Oblioavit

1337 1473 1596 1517 atqueAstrinxit,
1613 1483 1698 1512 prout
1718 1473 1747 1502 in
1772 1472 1869 1502 Literis
1889 1472 1939 1502 suis
1962 1472 2105 1509 superinde
2123 1473 2276 1512 confectis,
2309 1459 2405 1504 ffianu

1341 1512 1455 1550 propria
1467 1514 1500 1544 &
1518 1513 1621 1550 Sigillo
1636 1513 1686 1542 suo
1701 1512 1832 1549 munitis,
1851 1510 1960 1548 plenius
1975 1511 2080 1549 liquet,
2225 1547 2228 1548 ⁷

1374 1550 1498 1589 Jamque
1518 1553 1590 1582 inter
1611 1549 1802 1590 Magnificum
1825 1549 1858 1579 &
1883 1549 2074 1586 spectabilem
2096 1549 2199 1580 Virum
2213 1549 2350 1589 Jacobum
2371 1550 2404 1580 de

1340 1590 1528 1628 Gundebault,
1547 1591 1580 1620 ὃ(
1596 1589 1748 1619 nonnullos
1761 1588 1883 1626 praefatae
1898 1588 2086 1618 Sereniffimae
2110 1588 2249 1627 Principis
2271 1592 2408 1619 Romano-

1341 1638 1401 1656 rum
1419 1631 1527 1666 Reginae
1553 1627 1668 1667 Ducrffae
1692 1630 1849 1656 Britanniae
1872 1625 2007 1656 Oratores
2027 1635 2111 1665 atque
2133 1627 2262 1658 Nostros
2283 1628 2406 1658 TraCta-

1342 1675 1423 1709 tum‚
1441 1667 1681 1704 Concordatum,
1700 1667 1733 1697 &
1750 1665 1939 1696 Conventum
1953 1664 2061 1703 existit,
2080 1666 2160 1703 quod
2188 1668 2302 1703 praefata
2323 1667 2406 1697 Sere-

1343 1704 1452 1736 nrffima
1475 1705 1611 1744 Princeps
1630 1708 1808 1734 Romanorum
1830 1707 1932 1739 Regina
1955 1706 2112 1734 Britanniae
2131 1705 2241 1744 Duciffiz
2269 1706 2303 1736 ὃς
2328 1705 2406 1736 Tres

1343 1743 1436 1774 Status
1458 1743 1607 1775 Britanniae
1620 1768 1629 1780 ,
1661 1753 1711 1780 per
1733 1751 1831 1772 eorum
1855 1742 1974 1778 separata
1992 1743 2104 1779 Scripta
2122 1744 2287 1782 obligatoria
2310 1743 2409 1775 debite

1343 1781 1537 1820 conficienda,
1555 1782 1582 1813 se
1606 1783 1638 1813 &
1662 1790 1762 1812 eorum
1786 1781 1941 1817 quemlibet
1960 1779 2152 1818 Haeredesque
2173 1782 2207 1812 δε
2227 1782 2411 1813 Successores

1341 1821 1424 1858 suos,
1450 1821 1573 1859 Patrias,
1591 1820 1741 1858 Subditos,
1760 1819 1894 1856 Bonaque
1917 1828 2019 1848 eorum
2036 1827 2121 1856 atque
2141 1819 2187 1849 sua
2230 1820 2351 1851 raesentia
2373 1821 2408 1852 δε

1343 1859 1451 1897 futura,
1471 1861 1505 1891 ad
1521 1859 1745 1890 Restitutionem
1762 1858 1794 1888 ὅ(
1814 1857 2026 1887 Resolutionem
2042 1856 2201 1894 hujusmodi
2243 1858 2410 1896 xpensarum

1343 1899 1377 1929 &
1401 1898 1534 1929 Pecuniae
1555 1898 1740 1929 Summarum
1759 1919 1768 1934 ,
1794 1897 1822 1926 in
1846 1896 1910 1933 ipris
1929 1894 2118 1926 Sereniffimae
2140 1895 2280 1935 Principis
2302 1899 2410 1936 Regina

1342 1936 1458 1976 Duciffae
1475 1939 1630 1967 Britanniae
1648 1935 1802 1967 Patriarum
1816 1935 2058 1973 Subditorumque
2072 1935 2186 1965 suorum
2200 1934 2411 1966 Defenlionem

1342 1977 1376 2008 &
1404 1976 1576 2007 succursum
1598 1985 1648 2013 per
1672 1975 1740 2006 Nos
1763 1983 1794 2004 ut
1818 1974 1998 2011 praemittitur
2028 1973 2145 2004 antehac
2167 1975 2354 2012 exporitarum
2377 1976 2411 2005 &

1342 2014 1461 2052 posthac
1476 2013 1723 2052 exponendarum,
1743 2012 1841 2042 Nobis
1855 2012 1973 2043 firmiter
1987 2011 2165 2050 Obligabunt
2179 2014 2212 2043 &
2228 2013 2411 2052 Astringem,

1343 2054 1498 2091 quibusque
1512 2055 1540 2083 in
1559 2053 1646 2083 Locis
1660 2053 1692 2084 δε
1706 2052 1903 2088 Temporibus
1916 2061 2018 2080 omnes
2033 2050 2120 2081 dietae
2135 2050 2273 2089 Expensae
2298 2053 2332 2083 ὃς
2354 2051 2410 2082 Pe·-

1342 2092 1489 2123 cuniarum
1513 2092 1660 2129 Summae,
1680 2101 1728 2128 per
1753 2090 1821 2120 Nos
1845 2100 1896 2128 pro
1919 2090 2041 2127 praefatae
2063 2089 2250 2121 Sereniffimae
2272 2089 2412 2128 Principis

1342 2133 1450 2169 Reginae
1465 2130 1580 2170 Duciffie
1594 2133 1752 2160 Britanniae
1765 2129 1951 2166 Statuumque
1967 2128 2140 2166 Patriarum,
2157 2129 2358 2167 Subditorum‚
2375 2131 2410 2161 &

1339 2169 1452 2208 Jurium
1474 2169 1651 2200 Deleniione
1675 2178 1705 2199 ut
1727 2168 1875 2206 praefertur
1897 2176 2019 2206 erogatae
2034 2190 2043 2205 ,
2066 2167 2099 2197 ὅ(
2124 2166 2221 2204 postea
2241 2169 2412 2206 erogandae,

1341 2208 1442 2238 Nobis
1457 2207 1574 2239 fideliter
1592 2209 1625 2239 &
1641 2207 1835 2237 inviolabiliter
1851 2206 1987 2236 Restituti
2003 2206 2036 2236 &
2049 2205 2167 2236 Resolvi
2181 2206 2410 2244 debeant,prout

1344 2248 1372 2277 in
1393 2257 1494 2277 eorum
1516 2247 1635 2284 Literis,
1653 2246 1732 2283 super
1754 2255 1852 2276 eorum
1875 2244 2017 2281 Receffu,
2036 2244 2194 2284 confeffls,
2221 2246 2253 2276 ὃ(
2276 2245 2414 2276 Manibus

1343 2287 1416 2354 filil<
1410 2288 1526 2324 propriis
1542 2285 1716 2323 subscriptis,
1737 2283 1944 2315 evidentissime
1959 2284 2064 2321 liquet,

1410 2335 1469 2362 os,

1383 2362 1432 2394 De
1455 2363 1645 2393 Fidelitatibus
1659 2385 1669 2400 ,
1693 2360 1837 2392 Industriis
1850 2385 1860 2398 ,
1883 2361 1917 2391 &
1938 2359 2063 2398 providis
2083 2359 2419 2399 Circumspefflonibus;

1345 2401 1530 2432 Dileclorum
1544 2403 1577 2432 &
1599 2401 1738 2431 Fidelium
1760 2400 1941 2437 nostrorum,
1959 2399 2101 2437 Johanm's
2123 2398 2238 2439 PVrythe
2260 2400 2323 2430 alias
2345 2400 2415 2430 dieti

1346 2444 1459 2470 Garteri
1471 2443 1548 2478 Regis
1563 2443 1730 2477 Armorum,
1745 2439 1779 2470 &
1798 2437 1932 2478 Francifii
1942 2441 2040 2476 Dupon
2054 2437 2159 2468 Nostri
2171 2441 2200 2468 in
2213 2438 2327 2476 Lingua
2341 2437 2414 2468 Gal-

1345 2480 1398 2510 lica
1413 2480 1575 2515 Secretarii,
1594 2478 1836 2517 quamplurimum
1850 2476 2041 2513 confidentes,

1384 2518 1462 2556 Ipsos
1484 2518 1595 2548 nostros
1616 2527 1697 2547 veros
1716 2517 1749 2547 &
1768 2516 1936 2546 indubitatos
1953 2514 2095 2551 Actores,
2113 2513 2264 2552 mekotes,
2281 2515 2416 2546 Attorna-

1347 2565 1413 2595 tos,
1432 2558 1465 2588 ὃ(
1479 2557 1677 2586 Procuratores
1691 2555 1819 2592 speciales
1839 2553 1987 2590 Fecimus,
2006 2551 2225 2591 ordinavimus,
2243 2554 2277 2584 &
2296 2553 2418 2584 Consti-

1348 2597 1470 2634 tuimus,
1484 2603 1570 2635 prout
1585 2604 1635 2632 per
1654 2593 1806 2624 Pxaesente:
1828 2592 1974 2629 Facimus,
1989 2590 2181 2630 Ordinamus,
2198 2593 2232 2624 &
2256 2591 2418 2623 Constitui-

1350 2644 1414 2665 mus

1389 2657 1499 2703 Dantes
1521 2671 1555 2702 &
1583 2668 1785 2701 Concedentes
1807 2668 1910 2700 eisdem
1932 2668 1965 2699 &
1986 2678 2087 2698 eorum
2100 2669 2213 2707 utrique
2227 2668 2339 2707 plenam
2356 2668 2420 2700 Te-

1351 2721 1422 2741 nore
1441 2709 1626 2740 Praesentium
1649 2708 1822 2740 Potestatem
1843 2708 1877 2738 &
1898 2707 2106 2737 Auctoritatem
2124 2717 2156 2737 ac
2174 2707 2344 2739 Mandatum
2358 2708 2420 2746 spe·

1352 2750 1424 2780 ciale
1438 2759 1452 2778 a
1470 2747 1584 2786 praefata
1597 2747 1775 2778 Sereniffima
1788 2746 1922 2783 Principe
1937 2749 2045 2783 Reginae
2061 2744 2172 2784 Ductffa
2187 2750 2346 2777 Britanniae
2356 2771 2366 2784 ,
2384 2747 2419 2777 &

1352 2799 1368 2819 a
1385 2788 1468 2818 dietis
1480 2787 1588 2817 Tribus
1604 2786 1726 2817 Statibus
1739 2785 1903 2822 Britannice,
1919 2786 1950 2815 ὃ(
1966 2793 2069 2814 eorum
2085 2785 2230 2823 quolibet,
2247 2785 2420 2823 Cautiones,

1354 2827 1569 2863 obligationes,
1598 2824 1705 2856 Literas
1721 2847 1731 2862 ,
1758 2825 1925 2862 Scriptaque
1947 2822 2126 2862 Obligatoria
2140 2847 2150 2861 ,
2176 2825 2277 2862 quibus
2300 2823 2418 2861 quidem

1354 2866 1457 2896 Literis
1471 2864 1505 2894 ad
1520 2872 1621 2894 omnes
1638 2864 1671 2895 &
1685 2863 1805 2899 fingulas
1819 2862 1905 2893 dietas
1918 2862 2057 2899 Expensas
2071 2860 2316 2899 Pemniarumque
2331 2861 2420 2892 Sum-

1354 2915 1432 2942 mas,
1450 2913 1502 2941 pro
1516 2901 1637 2940 ejusdem
1651 2900 1840 2932 Sereniffimae
1864 2901 2006 2938 Principis
2028 2903 2207 2930 Romanorum
2225 2903 2329 2936 Regina
2351 2902 2419 2929 Bri-

1353 2947 1505 2983 tanniaeque
1516 2939 1631 2980 Duciffae
1647 2940 1814 2978 suarumque
1828 2939 1982 2970 Patriarum
1997 2937 2188 2975 Defensione,
2205 2946 2255 2975 per
2267 2937 2337 2968 Nos
2353 2948 2421 2968 ero-

1356 2991 1431 3019 gatas
1450 2984 1483 3012 &
1505 2984 1640 3017 expolitas
1652 3003 1662 3016 ‚
1687 2979 1721 3010 &
1742 2978 1839 3016 postea
1859 2977 2013 3015 erogandas
2034 2977 2068 3007 &
2091 2975 2270 3013 exponendas
2284 2999 2294 3014 ,
2317 2975 2421 3007 Nobis

1355 3021 1440 3052 certis
1455 3019 1576 3049 limitatis
1594 3017 1683 3049 Locis
1694 3019 1728 3049 ὃς
1742 3017 1938 3055 Temporibus
1948 3039 1958 3054 ,
1976 3023 2007 3045 ut
2022 3013 2186 3056 praefertur,
2204 3014 2422 3054 persolvendas,

1356 3058 1474 3096 suosque
1485 3055 1621 3088 Haeredes
1637 3058 1670 3088 &
1694 3056 1891 3101 Successores,
1909 3054 2028 3097 Partitis,
2046 3051 2200 3096 Subditos,
2214 3052 2350 3098 Bonaque
2371 3063 2423 3085 eo—

1358 3095 1905 3171 32¹3„ss“iatssziz‘aessffi‘ssssrzszrgzz
1920 3089 2257 3172 Ῑέἒὲῗςὲἳὲῖἒξᾙοῗξ
2267 3092 2422 3169 ἀὲῗὲἓᾷἓῗ

1358 3184 1460 3206 eorum
1479 3173 1578 3204 Nobis
1599 3171 1794 3210 obligabunt,
1811 3179 1894 3207 atque
1916 3168 1951 3198 ad
1969 3176 2066 3198 omnia
2088 3167 2122 3197 &
2143 3166 2261 3205 Singula
2273 3168 2420 3201 Praemiffa

1359 3213 1477 3244 firmiter
1494 3210 1665 3241 observanda
1680 3210 1771 3240 valide
1784 3211 1817 3240 &
1832 3207 1985 3238 efficaciter
2001 3205 2028 3236 se
2041 3204 2174 3243 astringet
2195 3207 2230 3238 &
2248 3206 2422 3247 astringent,

1359 3261 1443 3289 atque
1465 3250 1592 3287 obligare
1615 3249 1649 3279 &
1670 3248 1825 3285 astringere
1846 3246 1874 3276 se
1891 3246 1991 3275 debeat
2014 3245 2049 3275 &
2070 3244 2206 3283 debeant,
2225 3245 2424 3285 Requirendi,

1362 3289 1521 3327 Exigendi,
1539 3289 1572 3319 &
1594 3286 1753 3325 Optinendi
1793 3287 1872 3315 ariter
1895 3284 1928 3315 &
1944 3282 2132 3320 Recipiendi,
2151 3283 2313 3322 Literasque
2325 3284 2423 3315 Testi-

1362 3327 1497 3358 moniales
1509 3327 1588 3364 super
1600 3325 1759 3362 hujusmodi
1803 3323 1991 3360 bligationum
2005 3321 2187 3359 Receptione
2208 3322 2345 3353 Nomine
2367 3332 2422 3353 no-

1363 3367 1422 3396 stro
1438 3366 1592 3402 Faciendi,
1609 3363 1708 3400 easque
1721 3363 1814 3393 eidem
1830 3360 2020 3392 Sereniffimae
2033 3359 2161 3397 Principi
2181 3364 2290 3399 Reginae
2303 3363 2422 3392 Britan-

1361 3409 1414 3434 niae
1428 3402 1543 3443 Duciffae
1553 3427 1562 3441 ,
1577 3404 1596 3433 fi
1611 3411 1654 3431 ωε
1668 3402 1771 3431 habere
1785 3401 1921 3439 requirat,
1939 3397 2141 3436 Deliberandi,

1402 3442 1569 3479 Caeteraque
1590 3440 1736 3476 Faciendi,
1755 3438 1938 3476 Exequendi,
1956 3438 1989 3469 &
2012 3436 2188 3474 Expediendi
2208 3446 2274 3476 quae
2292 3437 2322 3468 in
2344 3437 2424 3469 Praea

1365 3481 1452 3511 miffis
1467 3480 1513 3510 seu
1528 3481 1604 3510 circa
1617 3488 1648 3509 ea
1662 3478 1811 3508 necessaria
1823 3477 1927 3507 suerint
1938 3475 1984 3506 seu
1999 3475 2219 3513 quomodolibet
2231 3485 2388 3515 oportuna,

1402 3519 1619 3554 Promittentes,
1635 3516 1713 3547 bona
1733 3515 1817 3554 Fide,
1834 3516 1869 3546 &
1893 3515 1922 3544 in
1942 3513 2044 3545 Verbo
2067 3513 2176 3553 Regio,
2194 3513 2264 3545 Nos
2278 3514 2372 3552 Rata,
2388 3513 2424 3544 δε

1365 3557 1472 3594 Grata,
1489 3557 1523 3587 &
1541 3557 1634 3586 Firma
1645 3566 1699 3594 pro
1714 3563 1850 3592 perpetuo
1864 3553 2008 3584 habituros
2021 3561 2118 3583 totum
2140 3553 2174 3583 &
2194 3553 2328 3591 quicquid
2350 3562 2424 3589 prae-

1365 3597 1435 3626 dicti
1459 3595 1548 3624 nostri
1568 3594 1706 3632 lictores,
1725 3594 1871 3630 fictores,
1890 3592 1924 3623 &
1944 3591 2146 3624 Procuratores
2169 3590 2302 3622 Nomine
2321 3589 2423 3621 nostro

1365 3635 1485 3666 fecerint
1498 3635 1526 3663 in
1543 3632 1702 3663 Praemiffis.

1404 3673 1437 3703 In
1454 3673 1548 3710 cujus,
1565 3673 1627 3704 ὅτε.

1402 3710 1492 3742 Teste
1505 3710 1586 3750 Rege
1597 3710 1671 3749 apud
1686 3712 1821 3755 Caqtuar.
1839 3707 1979 3740 vicesimo
1990 3716 2070 3738 nono
2083 3704 2129 3737 die
2142 3704 2248 3737 Martii.

1996 3789 2051 3818 Per
2064 3785 2147 3826 ipfiem
2163 3786 2267 3823 Regem.

2387 4057 2433 4085 De

2407 201 2484 233 Ann.
2499 202 2540 235 D.

2429 250 2515 280 1491.

2407 284 2472 309 Hen.
2489 290 2515 317 7.

2412 541 2488 573 Ann.
2499 541 2542 573 D.

2409 589 2519 648 212492‘

2412 663 2447 687 H.
2467 668 2496 694 7.

2411 696 2476 726 thid.
2489 698 2528 726 mi

2417 744 2442 765 ἰ.

2419 1394 2438 1413 *
2460 1394 2530 1424 xn.

2420 1441 2487 1471 439-
