2555 4266
785 195 890 238 ET
973 198 1242 240 ACTA

80 272 153 304 drm-
166 272 206 304 D·
222 277 298 309 ditos
322 276 407 317 Regis
430 275 558 316 Angliae‚
576 276 815 313 Deliberabuntur
839 282 872 314 &
892 283 921 313 in
939 282 1083 321 pristinam
1105 284 1282 316 Libertatem

100 322 184 352 1492.

80 362 136 386 ΨΑ.
157 368 182 393 7.

65 978 82 995 ⁰
98 977 168 1005 XII.

62 1023 132 1050 502.

44 4023 64 4042 ⁸
82 4025 151 4055 XII.

45 4071 112 4101 503.

222 317 323 355 absque
344 315 472 346 Finantia
493 317 526 346 ὃς
550 316 759 355 Redemptione
780 330 952 359 reponentur
971 332 978 350 ε
1006 322 1043 352 Et
1055 324 1162 353 ibidem
1178 323 1226 354 fiet
1245 323 1282 352 de

223 355 345 386 Subditis
358 355 459 386 Terrae
474 353 608 394 Calesiae,
625 366 689 395 quae
706 359 853 397 vulgariter
867 359 1023 398 Anglicana
1037 364 1209 392 nominatur.

260 393 307 424 IT
316 402 334 423 Ε
345 401 392 432 Μ,
406 392 486 432 quod
511 393 641 434 deinceps
657 396 686 425 in
704 396 776 427 Villa
790 397 922 434 Calesiae,
939 396 1066 427 Castellis
1077 399 1114 429 de
1127 399 1233 430 Hames
1247 398 1281 428 &

222 431 366 470 Guysnes,
381 442 427 462 aut
448 433 476 462 in
492 433 628 471 aliquibus
642 433 786 465 Portubus
799 436 891 466 aliisve
905 436 994 465 Locis
1024 437 1218 475 uibuscunque
1230 437 1280 466 sub

220 471 395 501 obedientia
414 473 491 508 Regis
511 471 642 510 Angliae‚
661 473 717 503 sive
737 475 805 504 citra
828 474 884 504 five
900 475 969 504 ultra
984 473 1005 502 Β
1040 484 1068 503 re
1083 474 1282 511 existentibus,

215 519 277 540 non
293 508 494 548 Recipiantur,
511 510 761 549 Manuteneantur‚
776 519 822 542 aut
835 511 1029 542 Favorisentur
1041 513 1126 550 aliqui
1140 513 1281 552 Armigeri

217 558 266 579 aut
287 546 396 579 Gentes
417 548 575 579 Armorum
584 572 600 593 >
623 559 800 588 quaecunque
821 549 981 579 Latrocinia
994 572 1005 588 ,
1031 549 1280 589 Depraedatione5‚

217 587 319 624 Furta,
334 586 488 627 Exeursus,
507 587 637 626 Pinnas,
654 595 700 617 aut
723 587 877 617 Melefaein
889 596 989 619 contra
1006 587 1143 619 effeetum
1160 589 1280 627 praesen-

218 627 253 656 tis
264 624 414 658 Trac‘tatfis
427 636 475 666 per
492 626 634 663 Terram,
653 623 752 662 Mare,
769 626 803 656 &
820 625 914 664 Aquas
929 625 1040 664 dulces,
1060 627 1140 664 super
1153 631 1186 659 &
1205 639 1280 659 con-

215 673 258 695 tra
277 664 410 696 Subditos
427 663 539 704 praefati
557 666 636 701 Regis
655 665 795 702 Francia,
811 672 858 694 aut
883 674 985 694 eorum
1006 664 1083 697 Bona
1097 667 1230 698 facientes
1245 668 1278 698 δε

216 713 399 735 exercentes:
418 705 452 736 &
476 704 534 742 pari
555 702 716 739 eodemque
737 701 830 732 modo
851 703 882 732 in
905 702 986 733 Villis
1000 702 1146 742 Boluniae,
1163 706 1280 745 Ardrae,

215 742 388 782 Montoire,
402 741 546 782 Fyennes,
565 741 643 777 Aria,
662 740 696 770 &
711 739 848 778 Mortua,
867 750 914 772 aut
929 742 958 771 in
975 742 1110 780 aliquibus
1124 743 1279 784 Portubus,

214 782 310 813 aliisve
332 781 405 813 locis
424 779 638 819 quibuscunque
660 776 710 808 sub
732 778 903 809 Obedientia
917 783 994 819 Regis
1004 783 1126 812 Franciae
1137 782 1279 814 existenti-

214 821 287 859 bus,
302 821 459 857 nullatenus
475 812 681 856 Recipiantur,
696 815 938 849 Manutenmntur
949 842 958 857 ,
972 828 1020 849 aut
1035 819 1058 849 F
1059 822 1230 852 avorisentur
1249 833 1278 852 a-

212 859 282 899 liqui
303 856 446 896 Ar'migeri
461 864 507 886 aut
521 853 631 885 Gentes
646 855 804 886 Armorum
820 866 1000 895 quaecunque
1016 857 1195 898 Latrocinia,
1215 860 1278 891 De-

214 897 415 935 praedationes,
433 893 534 931 Furta,
551 893 707 932 Excurffis,
726 893 856 932 Pinnas,
874 905 922 925 aut
942 895 1095 928 Malefac'ta
1120 907 1219 929 contra
1235 899 1277 929 ef-

214 936 324 967 fectum
341 933 481 971 praesentis
501 932 654 963 Tractatsis
671 942 721 970 per
736 932 875 972 Terram,
894 932 994 972 Mare,
1011 945 1057 966 aut
1073 937 1166 975 Aquas
1183 936 1280 968 dulces

216 974 299 1012 super
314 973 347 1003 &
361 981 463 1002 contra
477 970 610 1001 Subditos
624 971 730 1010 praefati
744 973 874 1010 Principis
887 972 999 1011 Angliae
1019 976 1034 989 ³*
1048 984 1094 1006 aut
1106 985 1208 1006 eorum
1223 975 1278 1006 Bo-

215 1022 253 1042 na
265 1011 396 1041 facientes
409 1011 442 1040 &
457 1018 634 1047 exercentes,
653 1008 690 1040 Et
704 1011 734 1039 in
750 1008 822 1040 Casu
837 1021 895 1050 quo
909 1011 986 1042 secus
999 1011 1057 1050 fiat,
1079 1022 1194 1052 uterque
1226 1025 1278 1045 rae-

212 1047 358 1081 dictorum
385 1049 553 1086 Principum
583 1058 723 1078 eorumve
749 1047 892 1079 Amicitiae
917 1049 1134 1082 Conservatores
1149 1075 1159 1090 ,
1215 1054 1277 1084 ausa

210 1089 365 1120 summarie
380 1088 414 1118 &
427 1087 463 1117 de
477 1087 561 1124 plano
574 1087 631 1117 fine
646 1086 733 1125 figura
743 1086 850 1125 Judicii
865 1089 999 1127 covnita,
1016 1098 1068 1127 pro
1084 1089 1166 1121 Parte
1180 1091 1226 1123 susi
1242 1092 1275 1123 &

210 1128 342 1165 quatinus
364 1137 412 1164 pet
439 1126 476 1156 Se
493 1134 540 1156 aut
558 1124 694 1156 Subditos
707 1126 767 1156 suos
783 1125 885 1165 aliquid
900 1112 982 1158 {ierit
1000 1128 1028 1156 in
1043 1130 1218 1160 contrarium
1232 1139 1273 1161 at-

210 1174 397 1204 temptatum,
416 1164 543 1203 plenam,
559 1165 708 1201 integram,
726 1164 760 1195 &
773 1174 937 1202 promptam
951 1166 1035 1196 faciet
1046 1165 1091 1197 seu
1103 1167 1209 1199 facient
1219 1169 1237 1207 J
1242 1180 1273 1199 u-

207 1204 330 1242 stitiam,
351 1203 591 1239 Restitutionem,
609 1204 643 1233 &
662 1202 891 1239 Reparationem.

243 1243 289 1274 1¹1·
299 1251 347 1273 EM
358 1266 367 1281 ,
386 1242 406 1272 fi
421 1252 471 1280 per
486 1241 648 1279 hujusmodi
663 1240 829 1279 Armigeros
841 1250 887 1272 aut
903 1240 1014 1272 Gentes
1029 1241 1186 1274 Armorum
1203 1255 1274 1283 prae-

207 1289 249 1312 ter
265 1283 310 1312 sea
325 1290 427 1312 contra
441 1279 588 1311 Praemiffa
604 1279 690 1317 aliqui
707 1278 857 1310 Prisonarii
869 1281 974 1311 fuerint
987 1280 1144 1320 Captivati,
1162 1283 1272 1315 Gentes

207 1319 374 1358 Arrestatae,
390 1326 437 1350 aut
455 1318 533 1349 Bona
561 1317 863 1361 quaecunquesCath
881 1319 914 1350 &
930 1318 1019 1349 Causa
1033 1321 1112 1357 huius
1127 1320 1272 1360 Captionis

207 1358 241 1389 &
263 1358 459 1389 Arrestationis
482 1366 595 1396 propter
615 1357 811 1387 rationabilem
834 1357 954 1395 aliquam
972 1357 1091 1388 Causam
1113 1369 1172 1389 non
1188 1361 1271 1397 poffit

206 1398 267 1427 tam
290 1398 444 1428 summarie
465 1395 565 1426 discuti
587 1394 620 1425 &
642 1397 801 1433 terminari,
820 1404 888 1426 tunc
907 1397 935 1426 in
960 1396 1014 1426 isto
1036 1396 1109 1427 Casu
1131 1400 1224 1437 primo
1238 1403 1271 1431 &

205 1444 271 1466 ante
286 1437 384 1466 omnia
398 1443 448 1473 per
463 1433 683 1464 Conservatores
697 1432 875 1472 subscriptos,
893 1444 1030 1464 eorumve
1045 1434 1272 1476 Commiffirio;‚

204 1482 252 1504 aut
269 1473 419 1505 Locorum
429 1472 544 1512 judices
553 1495 562 1509 ,
579 1471 749 1509 procedetur
761 1472 794 1502 ad
809 1473 966 1513 hujusmodi
980 1473 1222 1513 Prisomriorum,
1236 1478 1270 1507 &

207 1512 417 1543 Arrestatorum
428 1534 438 1550 ,
452 1512 485 1541 ὅ(
500 1510 648 1540 Bonorum
665 1508 828 1548 Captorum
842 1511 1097 1550 Deliberationem,
1114 1513 1148 1543 &
1165 1513 1269 1546 Recre-

205 1550 374 1581 dentionem
396 1549 442 1580 seu
462 1548 700 1585 Restitutionem,
720 1548 849 1579 Praestitfl
864 1557 960 1579 tamen
975 1549 1125 1580 sufficienti
1139 1554 1271 1584 cautione

205 1587 296 1618 standi
316 1589 430 1619 arbitrio
450 1587 634 1626 praefatorum
651 1586 912 1626 Conservatorum,
932 1587 1219 1630 Commiffariorum,
1237 1593 1271 1624 ὃς

225 1627 352 1657 udicum.

202 1626 221 1665 J
240 1665 313 1697 ΙΤΕ
325 1674 353 1696 M
385 1664 470 1704 quod
487 1673 521 1695 ex
538 1664 661 1694 neutrius
675 1662 841 1701 Principum
856 1664 1058 1703 praedistorum
1077 1665 1269 1706 Cancellarizi,

202 1701 248 1734 aut
268 1704 320 1735 alia
341 1689 428 1734 (iuria
442 1704 470 1732 in
483 1702 629 1742 posterum
642 1701 835 1746 concedantur
853 1703 949 1741 aliquae
965 1703 1080 1734 Litterae
1102 1704 1270 1750 Reprcsalia-

201 1743 425 1821 fflifflig,
438 1742 477 1811 ᾗ
492 1739 1074 1822 ἓῗῧῑῶἓῐέἒῖἑῗὲῡῗὲῗῃῖἒᾞὲυῗὲῑὲξᾟ
1090 1742 1267 1814 ῑῖἳὲῗᾶρὲἷῖῗ

201 1820 312 1851 nifestae
334 1818 538 1858 Denegationis
559 1816 682 1856 Justitiae
719 1817 755 1848 de
775 1817 833 1855 quai
852 1827 902 1855 per
924 1817 1039 1849 Litteras
1060 1819 1266 1853 Summatiouis

200 1855 248 1890 a'ut
274 1857 477 1897 Requifitionis
503 1857 537 1888 ὃς
565 1863 649 1895 prout
693 1865 708 1886 e
727 1855 797 1894 Jure
823 1856 970 1896 requiritur
997 1856 1166 1890 sufficienter
1194 1871 1264 1892 con-

244 1896 297 1926 bit.

202 1896 365 1971 staITEM'
384 1932 481 1972 quod,
500 1931 519 1963 fi
543 1932 704 1963 durantibus
722 1931 798 1962 Pace
819 1933 853 1964 &
878 1932 1020 1964 Amicitii's
1031 1935 1150 1974 praefatis
1163 1935 1265 1976 aliquid

200 1980 300 2004 contra
311 1972 392 2002 Vires
406 1973 440 2003 &
457 1971 585 2003 Effestus
598 1970 757 2002 eorundem
772 1980 822 2011 per
832 1970 972 2010 Terram,
988 1971 1089 2010 Mare,
1107 1983 1155 2004 aut
1171 1975 1265 2015 Aquas

199 2012 297 2044 dulces
310 2021 360 2049 per
374 2010 498 2049 aliquem
508 2010 633 2050 ipsorum
646 2009 831 2047 Principum,
848 2011 1042 2044 eorundemve
1059 2011 1214 2044 Haeredum
1231 2015 1265 2045 &

201 2050 420 2086 successorum,
444 2049 490 2080 vel
513 2048 670 2080 eorundem
688 2047 840 2085 subditos,
857 2047 1007 2088 Vaffailos,
1026 2050 1177 2090 Subditos,
1197 2052 1267 2083 Alli-

200 2098 298 2128 gatos,
316 2097 363 2119 aut
383 2098 483 2120 eorum
508 2087 694 2127 Alligatorum
719 2085 856 2117 Haeredes
870 2087 903 2118 &
917 2087 1095 2120 Succeffores
1111 2091 1140 2120 in
1156 2090 1206 2120 hiis
1223 2092 1264 2123 A-

199 2128 314 2158 micitiis
337 2126 627 2164 comprehensorum,
646 2125 780 2156 Subditos
800 2125 846 2155 vel
870 2125 1005 2157 Vaffallos
1024 2127 1105 2158 fuerit
1119 2137 1265 2170 attempta-

200 2174 281 2204 tum,
299 2165 415 2204 aetum,
433 2174 480 2197 aut
500 2164 612 2203 gestum
623 2187 632 2202 ,
650 2163 685 2194 N
688 2164 867 2194 ichilominus
888 2172 980 2196 tamen
996 2165 1060 2197 haec
1075 2165 1132 2197 Pax
1150 2168 1207 2198 five
1223 2170 1265 2200 Α-

200 2205 308 2236 micitia
329 2205 359 2234 in
377 2204 430 2234 suis
452 2203 586 2241 Viribus,
602 2202 719 2234 durante
737 2202 880 2233 Termino
895 2203 1051 2243 praedisto,
1062 2207 1264 2247 permanebit,

197 2244 232 2274 δὲ
273 2253 306 2273 ro
329 2242 392 2283 ipsis
413 2241 594 2280 Attemptatis
607 2240 788 2272 solummodo
811 2241 968 2273 Punientur
987 2243 1035 2282 ipsi
1056 2244 1263 2284 Attetnptantes

197 2282 232 2312 &
281 2280 510 2320 ampnificanteS,
528 2281 561 2311 &
576 2291 637 2311 non
654 2281 709 2313 alii.

234 2319 277 2350 IT
289 2327 362 2359 EM,
380 2319 460 2358 quod
479 2320 510 2350 in
529 2320 656 2357 praesenti
677 2318 815 2351 Trac'iatu
829 2316 910 2351 Pacis
923 2322 958 2353 &
973 2321 1118 2353 Amicitiae
1129 2333 1261 2363 compre-

197 2358 353 2392 hendentur
380 2358 494 2398 Alligati
520 2358 555 2389 &
574 2358 774 2390 Confoederati
799 2359 888 2390 utrius
902 2370 937 2390 ue
959 2360 1055 2401 Partis·
1065 2361 1261 2401 subsequenter

198 2396 352 2428 Nominati
374 2397 384 2433 (
392 2397 542 2434 videlicet)
559 2407 614 2435 pro
628 2392 713 2428 Parte
724 2395 878 2428 Christiani
902 2399 952 2428 imi
968 2400 1045 2437 Regis
1058 2401 1195 2440 Franciae,

235 2440 319 2467 Sacra
341 2435 475 2477 Majestas
496 2435 664 2503 Imlperialis,
681 2445 750 2466 cum
765 2434 933 2466 EleHo'ribus
946 2440 1070 2477 Imperii,
1089 2439 1260 2472 Sereniffimi

197 2474 345 2513 Principes
356 2478 439 2511 Reges
454 2473 530 2514 Caste
542 2473 594 2514 lae,
612 2478 772 2512 Aragonum
781 2497 791 2513 ,
809 2477 920 2514 Scotiae,
939 2480 1104 2516 Unguarz‘ae,
1123 2480 1157 2510 δε
1171 2479 1259 2508 Bolse-

198 2516 259 2543 771}ae
295 2513 442 2552 Neapolis,
459 2516 571 2551 Scotiae,
595 2513 776 2551 Portugaliae,
798 2514 832 2544 &
853 2515 1009 2545 Navarriae
1025 2539 1033 2553 ,
1057 2515 1259 2548 Potentiffimi-

196 2562 252 2590 quc
265 2537 410 2589 Principes
425 2556 494 2582 Dux
510 2551 547 2587 ὅ),
565 2559 625 2582 tota
642 2555 742 2582 Domus
758 2554 904 2591 Bavariae,
925 2556 1008 2583 Duces
1023 2554 1177 2595 Sahaudiae‚
1194 2559 1258 2586 1119-

196 2590 299 2620 diolani
313 2615 324 2631 ,
347 2591 536 2627 Lotharingiae
548 2613 558 2627 ,
580 2590 735 2627 Gheldriae‚
758 2593 826 2619 Dux
846 2594 1004 2621 Dominium
1023 2594 1055 2623 ὃς
1075 2597 1258 2625 communitas

193 2629 379 2669 LeodJ'enfium
392 2653 403 2668 ,
428 2632 636 2659 Communitates
659 2628 876 2658 florentinorum
891 2652 901 2667 ,
935 2633 1129 2661 Goniventium
1143 2656 1153 2671 2
1180 2636 1258 2671 Ligae

195 2679 277 2698 novae
291 2669 325 2700 δι’,
337 2672 458 2709 antiquat
472 2671 638 2698 Suetentium
653 2667 686 2698 &
698 2665 962 2706 Confoederatorum,
982 2669 1020 2699 Et
1034 2671 1079 2699 alii
1096 2673 1259 2710 quicunque

195 2714 266 2746 quos
287 2707 342 2744 ipse
363 2709 424 2736 Rex
445 2709 566 2736 Franciae
587 2707 616 2736 in
628 2705 679 2736 suis
694 2705 807 2737 Litteris
821 2706 960 2744 praesentis
971 2707 1125 2739 Tratstatsis
1137 2708 1259 2741 Confir-

198 2746 322 2776 matoriis
337 2746 485 2776 nominare
499 2745 636 2783 voluerit,

207 2783 210 2785 ’
232 2783 280 2814 Ac
296 2790 348 2821 pro
399 2790 440 2814 rte
453 2782 626 2820 Illustriffimi
638 2785 716 2820 Regis
725 2781 855 2821 Angliae,

234 2821 340 2852 Sacrati
373 2833 435 2853 mus
455 2821 601 2859 Princeps
611 2821 822 2851 Maximilianus
847 2824 1027 2852 Romanorum
1049 2825 1129 2863 Rex,
1147 2826 1260 2865 ejusque

195 2859 281 2891 Filius
294 2859 441 2897 Dominus
457 2859 595 2898 Philippus
606 2860 759 2898 Archiduic
770 2860 891 2900 Austriae
900 2884 909 2898 ,
917 2862 1143 2900 eorumdemque
1156 2864 1258 2896 Haere-

195 2898 246 2929 des
258 2899 292 2930 ὃ(
307 2898 496 2935 Succefforoe,
512 2901 593 2936 Reges
607 2897 766 2937 Hispania,
787 2899 966 2937 Portugaliae,
980 2901 1109 2938 Neapolis
1118 2924 1128 2940 ,
1140 2900 1259 2937 &Da-

195 2940 255 2975 ciae,
268 2940 355 2967 Duces
367 2937 504 2967 Calabriae
515 2935 553 2970 ό·
565 2939 715 2974 Ferrariae,
725 2937 757 2967 ὃ(
772 2940 887 2966 Societas
898 2939 931 2968 δε
949 2941 1131 2970 communitas
1145 2942 1258 2981 Hanffae

195 2978 363 3012 Teutonicae,
381 2977 414 3006 ὃς
427 2976 471 3006 alii
484 2975 662 3014 quicunque,
680 2984 751 3013 quos
764 2975 819 3012 ipse
830 2978 890 3005 Rex
908 2976 1022 3014 Angliae
1036 2979 1066 3008 in
1079 2979 1131 3009 suis
1146 2979 1260 3012 Litteris

195 3015 336 3053 praefientis
347 3012 500 3045 Tractatfis
517 3011 747 3043 confirmatoriis
758 3015 906 3044 nominare
919 3016 1056 3053 voluerit,

235 3050 299 3092 Qui
311 3053 429 3092 quidem
444 3052 555 3091 Alligati
567 3053 601 3083 &
616 3050 814 3082 Confoederati
827 3052 954 3091 praedicti
969 3054 1136 3091 (videlicet)
1152 3057 1257 3094 praefati

195 3092 257 3120 Rex
271 3094 467 3130 Romanorum,
484 3090 596 3129 ejusque
614 3089 699 3120 Filius
715 3090 863 3121 Dominus
879 3090 1014 3130 Philippus
1028 3094 1175 3124 Archidux
1191 3100 1257 3126 Au-

188 3128 286 3168 striae,
301 3131 374 3160 infra
386 3130 536 3169 Qiatuor,
554 3129 587 3159 &
603 3128 722 3166 Reliqui
737 3128 808 3159 infra
823 3129 990 3160 Duodecim
1007 3131 1131 3170 Menses,
1150 3133 1255 3165 Damm

196 3168 339 3205 praesentis
357 3167 512 3199 TraCtatfis
523 3168 654 3204 proxime
669 3168 703 3198 &
717 3167 882 3198 immediate
899 3168 1062 3208 sequentes,
1081 3181 1131 3208 per
1148 3172 1255 3203 Literas

195 3206 312 3244 Magno
336 3207 435 3246 sigillo
457 3207 506 3237 suo
523 3206 662 3245 sigillatas,
677 3204 803 3243 Principi
817 3216 865 3236 eos
880 3209 1149 3246 comprehendenti,
1169 3211 1187 3241 si
1205 3222 1254 3249 per

194 3252 263 3276 eum
282 3245 368 3276 velint
388 3243 624 3283 Comprehendi,
641 3244 822 3275 declarabunt
841 3245 874 3275 &
890 3245 1097 3285 significabunt,
1118 3248 1256 3287 idemque

195 3282 336 3322 Princeps,
349 3284 427 3314 alteri
441 3283 571 3321 Principi
583 3283 655 3314 infra
668 3282 762 3313 dictos
776 3283 910 3322 Quatuor
926 3283 1040 3317 Menses
1055 3287 1148 3324 quoad
1160 3290 1256 3325 Regem

194 3324 391 3360 Romanorum,
410 3322 444 3353 ὅ(
462 3325 608 3352 Dominum
633 3321 813 3352 Archiducem
826 3323 883 3361 ejus
901 3322 1019 3362 Filium,
1037 3325 1070 3355 &
1088 3327 1180 3362 quoad
1194 3326 1256 3357 Re-

195 3361 287 3400 liquos
298 3361 370 3392 infra
382 3360 550 3392 Duodecim
565 3360 680 3391 Menses
694 3370 744 3399 per
758 3360 876 3391 Litteras
892 3361 950 3391 suas
964 3362 1074 3401 Magno
1087 3364 1187 3402 Sigillo
1203 3365 1253 3396 suo

197 3399 337 3438 sigillatas,
345 3399 462 3437 praefatis
480 3399 592 3430 Litteris
607 3399 691 3429 dictae
704 3398 973 3436 Comprehenfionis
989 3400 1186 3433 Declaratoriis
1201 3413 1252 3434 an-

196 3445 300 3476 nexas,
325 3438 445 3469 eandem
470 3436 701 3468 Declarationem
722 3437 897 3476 notificabit,
922 3439 1052 3477 priusque
1074 3441 1162 3479 quam
1181 3441 1255 3473 dicta

194 3475 369 3508 Notificatio
387 3477 421 3508 &
435 3475 638 3514 Certifficatio,
656 3484 686 3506 ut
700 3477 900 3515 praemittitur,
918 3478 989 3508 saeba
1001 3478 1100 3516 fuerit,
1117 3480 1186 3511 dieti
1200 3491 1252 3511 no-

191 3515 293 3545 minati
306 3524 360 3552 pro
376 3514 596 3554 Comprehenfis
608 3515 764 3545 nullatenus
779 3516 973 3547 ceniebuntur.

230 3551 357 3590 ITEM,
374 3554 408 3584 &
423 3553 443 3584 fi
457 3553 548 3584 diditus
559 3556 618 3584 Rex
631 3556 820 3591 Romanorum,
835 3554 927 3590 ejusve
943 3555 1031 3585 Filius
1043 3558 1176 3586 Dominus
1190 3560 1253 3587 Ar-

193 3589 293 3619 chidux
305 3591 476 3630 praedictus,
493 3600 546 3630 pro
559 3592 611 3629 Se,
630 3589 818 3630 Haeiedibus,
836 3593 870 3622 &
882 3592 1093 3624 Succefforibus
1108 3594 1159 3625 suis
1171 3605 1253 3633 atque

194 3629 310 3666 Patriis,
328 3629 433 3668 modo,
449 3638 591 3669 tempore,
608 3630 642 3659 δε
656 3629 751 3660 formai
766 3630 906 3666 praedictis
919 3630 1131 3663 Declaraverint
1146 3633 1181 3663 Se
1197 3634 1255 3664 vel—

194 3667 221 3697 le
242 3667 272 3697 in
291 3665 416 3704 praesenti
437 3667 576 3698 Traetatu
596 3666 813 3706 Comprehendi
829 3691 838 3705 ,
862 3669 897 3698 &
916 3669 1103 3706 postmodum
1127 3672 1256 3709 praefatus

193 3708 255 3736 Rex
270 3707 410 3743 Franciae,
427 3705 521 3743 ejusve
533 3704 690 3743 Haeredoe,
703 3713 750 3736 aut
766 3705 954 3744 successores,
972 3717 1070 3738 contra
1085 3719 1133 3739 eos
1147 3710 1190 3740 vel
1204 3721 1253 3740 eo—

194 3752 260 3774 rum
276 3744 410 3781 alterum,
427 3751 477 3779 per
487 3742 662 3782 Gaptiouem
674 3744 790 3781 alicujus
802 3743 904 3781 Villae,
921 3755 999 3776 nunc
1013 3747 1062 3777 sub
1080 3747 1253 3778 obedientia

192 3791 314 3821 eorum,
340 3782 386 3812 vel
406 3781 513 3811 alterius
533 3791 635 3812 eorum
653 3781 810 3820 existentis,
832 3781 940 3812 Bellum
964 3793 1096 3823 movere,
1121 3787 1164 3815 vel
1184 3796 1252 3816 cum

192 3819 324 3852 Exercitu
345 3820 389 3851 {eu
414 3818 546 3850 Potentia
563 3819 720 3850 Armorum
737 3820 892 3851 eorundem
908 3820 952 3851 vel
964 3831 1064 3853 eorum
1078 3824 1186 3854 alterius
1202 3824 1253 3854 Pa-

195 3861 277 3897 trias,
295 3859 418 3897 Terras,
437 3858 482 3888 vel
497 3857 639 3888 Dominia
655 3859 817 3896 intraverit;
836 3868 906 3889 tunc
919 3860 953 3890 ὅ(
971 3861 1000 3890 in
1017 3861 1073 3892 isto
1089 3862 1164 3893 Casu
1180 3864 1253 3893 bene

188 3895 289 3929 ‘licebit
310 3897 429 3936 p'raefato
441 3898 506 3933 Regi
522 3895 650 3935 Angla,
666 3897 780 3935 ejusque
792 3895 963 3928 Haeredibus
975 3897 1012 3930 δι’
1022 3899 1235 3932 Successoribus
1243 3924 1252 3939 ,

192 3936 310 3972 praefato
325 3936 459 3968 Domino
471 3938 536 3979 Regi
549 3936 747 3972 Romanorum,
765 3934 880 3979 ejusque
895 3935 968 3966 Filio
982 3939 1098 3968 Domino
1112 3939 1251 3983 Archida-

193 3983 357 4050 2'325235213}
373 3974 597 4045 Ψέᾶἓὼιῗζὲξ
613 3973 828 4050 ἓὲιῖἓίἷῖοῗῗὲ
841 3973 1249 4055 ffrffgfiffsbffifffixai:

191 4062 247 4084 nus
258 4058 392 4084 rmnente
408 4063 415 4082 :
441 4051 481 4083 Et
494 4051 515 4081 fi
528 4050 657 4089 praefatus
670 4054 731 4081 Rex
746 4053 942 4088 Rornanorum,
957 4052 1002 4096 vel
1016 4053 1075 4090 ejiis
1090 4053 1175 4084 Filius
1187 4057 1247 4083 Do-

174 4095 281 4137 fm‘mrs
304 4090 453 4122 Anhidux
476 4089 630 4129 medians
650 4098 704 4121 aut
717 4088 814 4129 aliquis
831 4089 899 4121 alius
919 4098 1039 4122 nomine
1057 4101 1175 4131 eorum,
1201 4092 1245 4124 vel

1327 194 1798 254 P'UssLICA.

1323 282 1479 350 lHaeredum
1498 302 1545 324 aut
1565 293 1764 340 Succeflorum
1780 297 1914 337 suorum,
1933 307 1982 337 per
1995 300 2166 341 Captionem
2183 303 2296 342 aliem-³
2312 304 2376 337 Vii-
2392 299 2468 333 Asm-
2486 301 2528 336 ἶ).

1333 332 1374 361 ae,
1393 337 1468 359 nunc
1488 330 1536 360 sub
1561 332 1732 364 Obedientia
1746 337 1847 371 praefati
1866 340 1941 374 Regis
1952 342 2092 379 Franciae,
2110 342 2264 380 existentis,
2284 346 2373 375 edem
2413 348 2499 380 1422·

1322 361 1388 399 Regi
1398 367 1516 397 Franciae
1527 370 1617 407 ejusve
1630 370 1798 403 Haeredibus
1813 384 1859 405 aut
1875 375 2085 409 Succefforibus
2097 379 2206 410 Bellum
2226 391 2354 413 moveret
2364 405 2374 421 ‚
2389 383 2454 408 Hen-
2473 390 2501 419 72

1321 401 1367 445 ve}
1382 411 1449 433 curn
1465 404 1612 448 Eitercitu,
1628 409 1671 439 seu
1686 409 1817 442 Potentia
1833 414 2001 453 Armorum,
2023 417 2123 448 Patrias
2136 418 2186 449 sub
2203 419 2375 453 obedientia

1320 435 1368 468 sua
1384 448 1452 487 tunc
1463 442 1606 488 existentes
1621 447 1780 486 intraverit,
1797 458 1863 480 tunc
1877 452 1910 481 δε
1926 453 1954 481 ἰη
1969 455 2022 483 isto
2033 453 2106 486 Casu
2122 466 2180 487 non
2196 458 2289 488 lice'oit
2304 468 2376 495 prae-

1320 473 1379 506 fato
1401 480 1520 518 Prznczpt
1540 483 1650 520 Angliae
1673 486 1783 517 eosdem
1800 487 1903 525 Juvare
1925 490 2065 523 Gentibus
2087 495 2243 526 Armorum
2260 498 2306 526 vel
2322 497 2379 533 Pe-¹

1325 515 1418 546 cunia.

1358 552 1487 592 ITEM,
1508 555 1525 585 fi
1545 566 1593 602 per
1611 558 1743 604 Subditos
1763 562 1806 604 vel
1830 563 2011 597 Adhaerentes
2030 569 2133 606 praefati
2151 573 2228 609 Regis
2244 573 2378 603 Romano-

1319 600 1395 630 rum,
1408 603 1455 624 aut
1471 597 1582 624 Donum
1596 596 1755 627 Archtducis
1769 609 1826 636 ejus
1841 602 1900 632 Filii
1915 605 2051 644 praedic‘ti,
2068 618 2204 640 eorumve
2220 610 2378 642 Haeredum

1318 639 1365 659 aut
1381 631 1582 677 Successorum
1594 656 1603 669 ,
1623 644 1720 677 contra
1731 636 1798 673 Jura
1815 677 1820 680 ἢ
1833 639 1952 678 Patrias,
1969 652 2016 673 aut
2032 645 2164 676 Subditos
2176 649 2283 684 praefati
2299 650 2377 687 Regis

1318 670 1440 714 Franco-e
1463 671 1552 701 modo
1575 671 1696 710 Hostili,
1715 682 1770 715 aut·
1783 660 1932 718 Vis-Fasti
1947 680 2045 719 aliquid
2061 683 2106 713 fiat
2121 692 2165 714 aut
2180 694 2375 726 attemptetur,

1316 707 1393 750 quod
1418 719 1447 739 in
1464 709 1634 747 Dampnum
1650 711 1683 741 &
1699 710 1898 749 PraeJudicium
1913 720 2078 750 eorumdem
2095 720 2231 762 Principis
2243 734 2288 755 aut
2301 726 2377 756 Sub-

1318 746 1442 788 ditorum
1466 748 1564 779 cedere
1581 748 1681 788 poffit,
1701 749 1733 779 &
1752 751 1879 787 praefatus
1893 752 2036 787 Dominus
2052 761 2112 788 Rex
2130 762 2304 792 Romanorum
2342 775 2374 795 e-

1314 784 1393 821 Jusve
1415 785 1499 816 Filius
1519 790 1652 816 Dominus
1669 787 1817 817 Archidux
1840 791 2008 830 praedium,
2026 798 2228 830 eorumdemve
2246 786 2375 832 Loci'm'i-

1320 831 1445 854 tenentes
1458 833 1505 855 aut
1521 824 1740 864 Officiarii,pro
1756 826 1871 865 Justitia
1885 829 1919 859 &
1932 829 2120 867 Reparatione
2136 835 2215 874 super
2233 839 2290 870 hoc
2307 840 2378 870 faci-

1321 861 1401 891 endis
1412 862 1508 893 debite
1522 862 1687 894 Submonizi
1701 864 1733 894 ὃ(
1745 865 2020 905 requifiti,Justitiam
2035 871 2067 901 ὅτ.
2078 872 2291 910 Reparationem
2304 878 2377 909 infra

1317 899 1423 930 Unum
1437 900 1566 933 Mensem
1576 902 1675 941 ,ipsiim
1688 902 1938 935 Submonitionem
1955 909 2083 944 proxime
2098 910 2257 948 sequentem
2266 915 2375 952 ‚facere

1316 939 1515 978 denegaverint
1536 940 1580 970 vel
1601 941 1792 981 neglexerint,
1810 952 1879 973 tunc
1903 945 1935 975 δε
1957 947 1987 975 in
2011 945 2065 976 isto
2088 946 2160 979 Casu
2174 952 2302 987 praefatus
2315 958 2375 985 Rex

1314 979 1454 1015 Franciae,
1468 978 1558 1017 ejusve
1577 978 1807 1018 Locumtenens,
1826 981 1882 1012 sive
1896 981 2128 1024 Commiffarius,
2146 989 2259 1024 praefato
2274 987 2375 1024 Mense

1318 1016 1424 1054 elapso,
1438 1016 1485 1047 sua
1510 1015 1689 1049 Aue'toritate
1702 1019 1734 1048 &
1753 1029 1801 1057 per
1818 1020 1892 1050 viam
1910 1020 1989 1052 Faffl
2004 1023 2038 1053 ad
2054 1023 2272 1062 Reparationem
2285 1029 2377 1068 hujus-

1315 1054 1396 1084 modi
1418 1055 1578 1085 faciendam
1596 1055 1748 1094 procedere
1768 1059 1886 1097 poterit,
1903 1059 2004 1099 absque
2026 1071 2063 1092 eo
2083 1065 2162 1100 quod
2183 1072 2297 1104 propter
2313 1070 2372 1102 hoc

1315 1092 1434 1130 praesens
1448 1092 1505 1123 Pax
1520 1094 1565 1124 seu
1582 1095 1715 1125 Amicitia
1731 1097 1760 1125 in
1775 1096 1867 1134 aliquo
1882 1107 2025 1136 rumpatur
2040 1101 2073 1132 &
2086 1101 2214 1133 violetur.

1346 1129 1363 1173 ¹I
1374 1139 1396 1174 ji·
1407 1140 1427 1174 E·
1435 1139 1479 1170 M,
1499 1132 1578 1169 quod
1600 1134 1749 1165 omnes&
1764 1134 1858 1174 singuli
1874 1134 2071 1177 Habitatores,
2088 1138 2196 1171 Incolae
2211 1141 2244 1173 ὃς
2260 1142 2375 1177 Subditi

1313 1167 1459 1207 Civitatis,
1487 1170 1642 1209 Villarum,
1667 1173 1701 1203 ὃς
1728 1172 1910 1204 Ballivatuum
1936 1175 1973 1205 de
1991 1175 2130 1208 Tornaco
2155 1181 2188 1210 &
2214 1181 2374 1222 Tornesio,

1313 1206 1468 1244 Mortagne
1483 1231 1492 1247 ,
1524 1209 1558 1239 de
1579 1209 1684 1240 Sancio
1710 1211 1843 1241 Amando
1857 1236 1866 1249 ‚
1894 1221 2028 1251 tanquam
2053 1215 2164 1247 Subditi
2189 1217 2295 1257 Regni·
2310 1221 2374 1256 sunt

1309 1246 1480 1276 nominatim
1494 1247 1526 1277 δε
1540 1248 1664 1286 expresse
1678 1249 1707 1278 in
1722 1251 1845 1286 praesenti
1859 1251 1994 1283 Trastam
2011 1255 2214 1294 comprehenfi.

1347 1283 1476 1327 ITEM,
1493 1285 1572 1324 quod
1596 1296 1647 1324 pro
1669 1286 1788 1318 firmiori
1812 1290 1846 1320 &
1870 1290 2025 1322 inviolabili
2048 1293 2246 1330 praedictarum
2267 1295 2371 1337 Pacis,

1311 1322 1457 1353 Amicitiae
1478 1324 1511 1354 &
1536 1323 1689 1355 Foederum
1712 1326 1900 1365 observantia,
1921 1329 1955 1358 &
1974 1330 2209 1371 confirmatione,
2227 1332 2319 1365 Eleffi
2335 1336 2371 1367 δι’

1313 1360 1466 1391 Nominati
1485 1360 1548 1391 sunt
1567 1372 1601 1392 ex
1622 1372 1698 1401 parte
1720 1365 1801 1402 ipsius
1817 1364 2042 1398 Christianisfimi
2057 1371 2136 1408 Regis
2149 1373 2276 1402 Franciae
2289 1372 2373 1406 Con-

1311 1399 1465 1430 servatores
1479 1400 1683 1440 subsequentes,

1352 1437 1452 1480 Primo
1472 1439 1481 1473 (
1493 1440 1565 1474 viz.)
1586 1449 1638 1478 pro
1652 1440 1745 1470 Patria
1760 1441 1792 1471 &
1806 1441 1920 1473 Ducam
1935 1444 2140 1486 Normanniae,
2158 1447 2375 1482 Potentiffimus

1315 1475 1451 1513 Princeps
1475 1476 1617 1507 Dominus
1637 1481 1706 1507 Dux
1730 1480 1950 1522 Aurelianensis,
1969 1483 2027 1514 Pro
2040 1485 2132 1516 Patria
2149 1485 2268 1525 Linguae
2283 1488 2374 1520 Occi-

1311 1522 1402 1552 tanae,
1416 1516 1449 1544 &
1472 1515 1529 1544 aliis
1553 1517 1673 1552 partibus
1686 1516 1797 1555 Regni,
1813 1520 1841 1548 in
1855 1522 1954 1557 quibus
1966 1531 2026 1551 non
2042 1532 2122 1554 erunt
2135 1527 2274 1558 nominati
2287 1526 2373 1558 Con-

1310 1551 1692 1590 servatore3,Potentiffimus
1708 1555 1840 1593 Princeps
1854 1557 2000 1589 Dominus
2015 1563 2084 1590 Dux
2095 1561 2128 1591 de
2144 1563 2298 1602 Burbom'03
2314 1571 2370 1606 pro

1313 1590 1406 1621 Patria
1421 1592 1454 1621 &
1472 1591 1586 1621 Ducaiu
1603 1592 1639 1622 de
1654 1592 1797 1631 Guyenne
1812 1594 1958 1626 Dominus
1973 1601 2061 1628 Comes
2071 1598 2092 1628 d
2097 1600 2301 1642 'Angoulefine3
2314 1615 2369 1642 pro

1311 1627 1404 1659 Patria
1432 1630 1465 1659 &
1491 1629 1604 1660 Ducatu
1620 1630 1769 1661 Britanniae
1783 1635 1913 1662 Dominus
1926 1636 2090 1674 Princepsde
2107 1640 2220 1678 Oregia3
2238 1651 2291 1678 pro
2306 1651 2371 1680 par-

1309 1667 1383 1698 tibus
1405 1667 1524 1698 Arthesii
1547 1669 1580 1699 &
1604 1668 1740 1700 Picardioe
1760 1670 1815 1708 ipse
1834 1673 1965 1702 Dominus
1983 1674 2015 1703 de
2033 1675 2177 1713 Querdes,
2194 1688 2246 1714 pro
2260 1679 2351 1711 Patria

1307 1705 1442 1744 Ducatu,
1460 1707 1493 1737 δε
1515 1705 1666 1738 Comitatu
1688 1707 1879 1746 Bourgondiae
1902 1714 2034 1741 Dominus
2057 1713 2090 1742 de
2112 1716 2315 1755 Baudrecourt3
2333 1706 2372 1751 &ff

1307 1754 1359 1780 pro
1384 1743 1512 1775 Partibus
1532 1744 1685 1776 Maritimis
1702 1749 1832 1777 Dominus
1852 1748 1886 1777 de
1899 1749 2029 1779 Grawlle
2043 1751 2211 1784 Admirallus
2225 1754 2249 1784 F
2250 1757 2369 1796 ranciae3

1305 1782 1390 1812 Salvo
1405 1782 1482 1812 Mari
1497 1783 1676 1822 Aquitaneo,
1695 1785 1724 1815 in
1737 1787 1816 1825 cujus
1827 1785 1969 1818 DistricTtu
1983 1788 2075 1820 dietus
2090 1792 2214 1830 Princeps
2226 1793 2259 1822 de
2273 1797 2369 1825 Aure-

1301 1821 1348 1859 gid
1372 1821 1424 1851 erit
1439 1820 1637 1852 Conservator.
2354 1864 2356 1866 v

1342 1859 1534 1899 Poteruntque
1549 1860 1767 1892 Conservatores
1780 1863 1996 1900 supranominati
2012 1866 2041 1896 in
2056 1866 2154 1898 Patriis
2169 1868 2202 1900 &
2213 1868 2370 1902 Locissibi

1304 1897 1436 1929 ordinatis
1449 1898 1573 1938 delegare
1587 1900 1620 1930 &
1633 1900 1764 1938 deputare
1777 1899 1991 1934 Cemmiffarios
2011 1904 2061 1935 sub
2073 1905 2130 1944 Se,
2149 1905 2187 1937 Et
2202 1907 2220 1936 fi
2234 1907 2319 1947 aliqui
2333 1920 2369 1942 eit

1304 1937 1514 1976 praenominatis
1531 1937 1781 1969 Conservatoribus
1802 1941 1838 1970 ab
1858 1939 1912 1971 hic
1927 1941 2007 1973 Luce
2022 1943 2198 1982 decederint,
2217 1945 2369 1978 Succeffo-

1304 1985 1348 2006 res
1368 1985 1469 2006 eorutn
1487 1977 1516 2006 in
1542 1975 1614 2006 statu
1629 1976 1834 2008 Gubernatoris
1848 1978 1894 2009 seu
1910 1979 2145 2013 Locumtcnentis
2166 1983 2321 2016 Patriarum
2337 1988 2366 2018 in

1304 2014 1406 2052 quibus
1428 2015 1635 2045 commituntur
1645 2038 1654 2053 ‚
1669 2015 1848 2047 habebuntur
1867 2018 1960 2056 quoad
1974 2019 2047 2050 hanc
2062 2020 2311 2054 Conservatoriam
2326 2025 2368 2056 lo-

1303 2063 1342 2083 co
1355 2052 1498 2083 dictorum
1514 2052 1735 2084 Decedentium.
2276 2065 2278 2067 ’

1340 2091 1379 2121 Et
1393 2101 1445 2130 pro
1463 2091 1545 2122 Parte
1559 2092 1626 2122 dic'li
1645 2091 1814 2124 Sereniffimi
1831 2095 1962 2134 Principis
1975 2096 2088 2135 Angliae
2351 2106 2354 2109 ’

1322 2129 1571 2165 ,Praeclariffimus
1587 2130 1751 2162 Avunculus
1768 2133 1845 2170 suus,
1862 2131 2060 2166 Illustriffimus
2085 2121 2154 2166 Dux
2178 2137 2211 2168 de
2231 2138 2364 2179 Betfhrd,

1303 2167 1486 2198 Cancellarius
1500 2193 1509 2207 ,
1537 2167 1731 2208 Thesburarius
1747 2192 1756 2207 ,
1791 2170 1830 2206 ό,
1854 2172 2030 2203 Admirallus
2048 2174 2161 2212 Angliae
2174 2199 2184 2214 ,
2213 2179 2368 2215 Deputatus

1302 2207 1432 2246 Quinque
1452 2209 1598 2246 Portuum,
1617 2207 1706 2247 Custos
1729 2211 1845 2240 Privati
1859 2211 1960 2251 sigilli,
1975 2213 2010 2244 &
2026 2215 2222 2244 Locumtenens
2233 2218 2301 2247 didi
2312 2220 2366 2248 Re-

1297 2249 1339 2284 gis
1355 2245 1463 2287 Calefiae
1481 2256 1533 2283 pro
1548 2255 1677 2284 tempore
1691 2246 1845 2279 existentes.

1339 2285 1400 2324 Qi
1426 2285 1540 2323 quidem
1560 2285 1776 2317 Conservatores
1795 2286 1939 2319 dictorum
1964 2288 2150 2329 Principum,
2169 2301 2202 2322 ac
2225 2292 2364 2333 utriusque

1300 2333 1400 2354 eorum
1410 2346 1419 2361 ,
1437 2324 1470 2354 &
1486 2323 1558 2354 Duo
1573 2333 1621 2355 aut
1637 2335 1707 2355 unus
1721 2325 1861 2364 ipsorum,
1877 2336 1912 2357 ex
1927 2327 2008 2359 Parte
2021 2329 2117 2359 saltem
2132 2330 2271 2370 Principis
2286 2332 2364 2362 Sub·

1299 2362 1426 2394 dirorum
1450 2362 1742 2402 Dampnificantium,
1761 2365 1809 2402 qui
1831 2366 1910 2403 super
1923 2365 1980 2396 hoc
1995 2377 2022 2396 re
2046 2368 2149 2398 uiretur
2164 2369 2208 2398 vel
2223 2371 2365 2408 requiren-

1299 2410 1344 2432 tur
1354 2425 1363 2439 ,
1377 2402 1474 2432 habeat
1487 2401 1531 2432 seu
1546 2402 1674 2434 habeant,
1682 2402 1889 2434 Auctoritatem
1905 2405 1939 2436 &
1957 2377 2127 2436 Poteitatem
2137 2429 2146 2444 ,
2166 2408 2268 2438 virtute
2281 2409 2363 2448 hujus

1299 2439 1485 2477 Contractus,
1502 2440 1573 2478 ipsos
1589 2440 1834 2480 Dampni'ficantes
1848 2452 1948 2473 coram
1964 2443 2001 2473 Se
2017 2442 2157 2482 Vocandi,
2176 2444 2361 2479 Convenien-

1298 2479 1344 2517 di,
1363 2481 1396 2511 &
1413 2478 1615 2510 Examinandi:
1638 2479 1675 2510 Et
1691 2479 1763 2517 ipsos
1777 2480 1815 2511 sic
1830 2479 2028 2518 Examinatos,
2047 2481 2202 2514 secundum
2219 2485 2299 2522 quod
2309 2486 2363 2525 Ju-

1296 2517 1366 2547 stitia
1382 2518 1494 2557 exigerit
1511 2518 1542 2547 ὅ(
1558 2519 1695 2556 requiret,
1715 2517 1918 2550 Convincendi
1945 2520 1978 2550 &
2000 2519 2158 2560 Puniendi,
2184 2522 2361 2563 Attemptata

1294 2557 1328 2587 &
1346 2556 1493 2594 Dampna,
1509 2565 1608 2586 contra
1624 2556 1705 2587 Vires
1720 2556 1801 2594 hujus
1813 2556 1966 2589 Ττεᾶαῐΐιε
1980 2559 2068 2597 illata,
2087 2561 2143 2590 una
2158 2570 2225 2591 curn
2241 2561 2358 2600 Expen-

1295 2595 1328 2624 sis
1341 2594 1618 2631 Dampnificatorum
1633 2594 1794 2626 Reficiendi
1812 2597 1845 2627 &
1862 2595 2032 2636 Reparandi.
2060 2598 2097 2629 Et
2115 2599 2135 2629 fi
2151 2600 2297 2639 contingat
2317 2602 2362 2640 ip-

1294 2633 1338 2663 sos
1349 2632 1576 2671 Conservatores,
1585 2642 1633 2668 per
1647 2633 1738 2663 ἀίἑὶοε
1753 2633 1908 2703 Ρτίηείἕὶεε,
1921 2635 1970 2680 fic,
1987 2644 2017 2666 ut
2030 2638 2210 2675 praemittitur
2227 2640 2358 2671 nomina·
2412 2676 2414 2678 v

1877 2683 1921 2703 rm

1295 2680 1358 2710 tos,
1376 2672 1423 2702 vel
1442 2670 1675 2709 Commiffiirios,
1694 2672 1772 2709 super
1797 2672 1843 2703 Re
1923 2681 2018 2705 atione
2035 2674 2197 2713 aliquorum
2212 2676 2358 2709 dictorum

1297 2710 1540 2748 Attemptatorum
1560 2710 1621 2741 sore
1637 2710 1805 2748 Discordes,
1824 2712 1857 2742 &
1870 2713 1942 2742 inter
1958 2722 2007 2742 eos
2024 2711 2104 2751 super
2120 2714 2185 2745 inde
2200 2716 2361 2747 concorda-

1297 2757 1327 2779 re
1343 2759 1402 2778 non
1419 2749 1555 2779 valentes·
1576 2749 1654 2786 qubd
1670 2758 1708 2779 eo
1721 2749 1780 2787 ipso
1793 2751 1828 2780 &
1842 2757 1947 2781 extunc
1962 2750 2050 2782 Causa
2066 2752 2111 2783 illa
2129 2752 2260 2784 referatur
2277 2753 2360 2785 Con-

1297 2787 1358 2817 silio
1380 2787 1520 2825 Principis
1541 2772 1727 2817 §ubditorum
1751 2787 1787 2819 sic
1809 2788 2112 2828 Dampnificatorum‚
2128 2799 2176 2822 aut
2196 2792 2216 2821 si
2237 2802 2309 2830 opus
2327 2792 2361 2824 sit

1297 2826 1437 2864 utriusque
1461 2825 1614 2864 Principis,
1633 2826 1714 2856 Dum
1729 2834 1822 2856 tamen
1837 2827 1913 2858 dieta
1926 2826 2033 2866 Causa,
2051 2828 2106 2858 sive
2119 2837 2217 2859 coram
2230 2829 2359 2861 *Conser-

1297 2865 1440 2895 vatoribus
1465 2872 1512 2894 aut
1533 2865 1613 2894 unius
1632 2864 1678 2894 vel
1705 2865 1846 2903 utriusque
1869 2865 2005 2903 Principis
2027 2865 2157 2897 Consilio
2185 2868 2360 2908 ventilanda,

1297 2903 1447 2933 simmarie
1471 2903 1504 2932 &
1525 2901 1560 2932 de
1577 2902 1661 2940 plano
1675 2912 1775 2933 coram
1791 2904 1828 2934 eis
1841 2904 2032 2942 examinetur,
2052 2905 2086 2935 &
2099 2903 2173 2935 felici
2191 2905 2284 2938 Marte
2300 2915 2358 2938 tet*

1298 2942 1427 2971 minetur.
1464 2940 1502 2971 Et
1523 2941 1667 2971 diciorum
1690 2940 1928 2972 Conservatorum
1944 2952 1997 2979 pro
2011 2951 2127 2981 utraque
2143 2942 2224 2974 Parte
2237 2943 2358 2977 Senten-

1297 2981 1390 3010 tentiae
1413 2979 1634 3010 Interlocutoriae
1648 2979 1681 3009 &
1699 2978 1869 3009 Diffinitivae
1883 2979 2029 3018 Praecepta
2044 2982 2077 3011 &
2097 2980 2218 3013 Decreta
2233 2982 2358 3015 inconti-

1297 3018 1375 3048 nenti
1390 3020 1423 3049 &
1440 3018 1554 3047 indilate
1567 3017 1707 3048 dabuntur
1722 3016 1908 3056 Executioni,
1923 3027 1984 3049 non
1997 3018 2175 3051 obstantibus
2188 3020 2360 3059 Appellatio·-

1298 3058 1381 3087 nibus
1391 3056 1607 3095 quibuscunque.

1334 3094 1404 3125 *Ιτ
1418 3105 1434 3126 ε
1445 3102 1489 3133 Μ,
1505 3093 1764 3125 Communicatum
1786 3093 1819 3125 δε
1835 3092 2002 3126 Concusum
2022 3094 2155 3140 estquod
2169 3097 2300 3134 praefatus
2314 3097 2353 3130 Il-
2373 3099 2393 3118 ⁸
2409 3101 2478 3133 xii.

1295 3133 1470 3164 lustriffimus
1489 3133 1621 3170 Princeps
1637 3136 1697 3162 Rex
1711 3132 1824 3170 Angliae
1835 3133 1942 3166 diCtam
1955 3135 2119 3166 Amicitiam
2135 3135 2171 3165 sic
2186 3137 2258 3166 inter
2273 3147 2353 3175 eum,
2371 3147 2409 3175 50
2419 3151 2441 3175 l·

1294 3173 1407 3210 ejusque
1423 3171 1558 3202 Haeredes
1572 3172 1605 3201 &
1622 3171 1816 3208 Successores,
1834 3172 1867 3202 &
1887 3172 2102 3204 Illustriffimum
2116 3175 2352 3216 RegemFranciae,

1293 3220 1377 3248 atque
1393 3211 1471 3248 ipsius
1490 3209 1626 3240 Haeredes
1641 3211 1674 3241 &
1689 3209 1870 3241 successores
1902 3220 1933 3242 ut
1947 3213 2141 3252 praemittitur,
2160 3214 2350 3256 contraibit»,

1293 3259 1377 3287 atque
1393 3249 1489 3279 omnia
1503 3249 1536 3278 ἃς
1550 3248 1652 3286 lingula
1667 3242 1795 3286 Capitula
1810 3259 1867 3286 prae
1887 3249 1941 3279 ista
1958 3248 1988 3279 in
2005 3250 2056 3279 hiis
2070 3250 2183 3281 Litteris
2198 3261 2348 3292 contenta,

1296 3297 1345 3327 per
1357 3287 1414 3318 suas
1430 3287 1546 3317 Litteras
1561 3286 1705 3323 Parentes,
1723 3287 1773 3317 sub
1790 3286 1905 3324 Magno
1921 3286 2018 3327 Sigillo
2090 3327 2092 3329 v

1294 3327 1410 3395 mi
1422 3323 2037 3402 i‘ssssiilll'fflssicii{limgcmsscissnffi'mff‘
2059 3327 2164 3402 ῆῗξὲι
2175 3327 2353 3400 Ξῗιπῇἳὲἓὲἶ

1293 3387 1604 3441 ficata,⁷Confirinata,
1623 3403 1657 3434 &
1671 3400 1781 3439 Jurata,
1796 3411 1845 3439 per
1858 3401 1932 3431 Tres
1945 3386 2042 3432 Status’
2051 3401 2146 3441 Regni
2163 3400 2277 3443 An'gliae
2295 3407 2350 3444 (vi-

1293 3440 1406 3478 delicet)
1425 3451 1474 3478 per
1488 3440 1618 3470 Praelatos
1637 3441 1669 3470 ὃ(
1685 3439 1821 3477 Clerum,
1838 3438 1962 3470 Nobiles
1981 3439 2014 3470 ὃς
2033 3439 2262 3475 Communitates
2281 3446 2350 3486 ejus-

1295 3479 1361 3510 dem
1378 3479 1485 3518 Regni,
1492 3480 1543 3509 rite
1558 3480 1589 3509 &
1605 3479 1698 3508 debite
1714 3477 1898 3508 convocatos
1908 3478 1978 3521 infra
1985 3477 2152 3510 Duodecim
2161 3479 2348 3521 Mensespro-

1296 3519 1390 3548 ximos
1404 3517 1469 3555 post
1485 3516 1589 3547 Datam
1603 3516 1801 3551 praesentium,
1817 3515 1974 3547 Ratifficari
1989 3516 2212 3550 &confirmari
2229 3520 2331 3553 faciet:

1331 3555 1371 3586 Et
1382 3557 1511 3594 peraeque
1526 3554 1720 3585 Serenissimus
1733 3555 1766 3585 δε
1780 3553 2027 3585 Christianiffimus
2042 3557 2102 3585 Rex
2119 3556 2242 3588 Franciae
2263 3561 2347 3591 Ami—

1294 3595 1391 3624 citiam
1405 3595 1438 3624 &
1454 3593 1497 3624 Ca
1519 3593 1582 3623 itula
1597 3592 1736 3623 antediCia
1746 3614 1755 3630 ,
1774 3601 1823 3631 per
1841 3592 1897 3622 suas
1912 3592 2042 3623 Lirtteras
2055 3593 2204 3633 Parentes,
2220 3596 2270 3627 suo
2278 3597 2348 3630 Ma-

1293 3641 1352 3672 gno
1366 3632 1467 3669 Sigillo
1495 3632 1624 3670 igillatas,
1642 3630 1786 3667 Manuque
1798 3629 1912 3674 propria
1933 3631 2112 3672 subscriptas,
2129 3634 2163 3664 &
2181 3635 2348 3673 Juramento

1297 3671 1423 3708 vallatas,
1441 3669 1617 3699 Ratifficabit
1630 3669 1663 3699 ὃ(
1680 3667 1886 3707 Confirmabit,
1904 3669 2044 3708 ipsamque
2061 3671 2226 3703 Amicitiam
2243 3674 2277 3705 &
2291 3674 2349 3705 Ca'-

1291 3709 1378 3746 pitula
1391 3709 1428 3738 fic
1443 3718 1490 3744 per
1507 3707 1584 3737 Eum
1599 3705 1757 3743 misticum,
1775 3706 1958 3745 confirmata,
1977 3709 2011 3739 &
2021 3709 2129 3748 jurata,
2145 3720 2195 3748 per
2202 3710 2347 3744 TresSta'-

1291 3756 1334 3777 tus
1347 3747 1438 3784 Regni
1453 3745 1490 3775 sui
1507 3745 1529 3774 F
1531 3745 1630 3775 ranciae
1649 3744 1803 3781 (videlicet)
1822 3755 1872 3782 per
1888 3742 2022 3778 Praelatos
2037 3747 2071 3778 &
2088 3747 2224 3787 Clerum,
2244 3749 2346 3782 Nobi-

1291 3785 1329 3815 les
1342 3787 1376 3816 δι·
1391 3783 1528 3814 Civitates
1550 3782 1673 3821 ejusdem
1691 3782 1804 3820 Regni,
1822 3785 1875 3814 rite
1895 3785 1929 3815 &
1950 3784 2045 3815 debite
2068 3796 2258 3827 convocatos,
2275 3790 2347 3822 infra

1290 3823 1383 3854 dieios
1397 3822 1563 3853 Duodecim
1579 3819 1691 3850 Menses
1707 3821 1845 3852 ratifficari
1859 3824 1892 3852 &
1906 3821 2066 3853 confirmari
2076 3823 2180 3863 faciet,
2200 3825 2348 3866 Qiodque

1290 3870 1352 3892 uter
1374 3871 1408 3891 ue
1426 3859 1591 3896 Principum
1612 3858 1816 3895 praedictorum
1838 3859 2003 3899 praedie'tam
2027 3861 2211 3901 Amicitiam,
2228 3865 2350 3904 &cm-

1291 3900 1335 3929 nia
1382 3898 1478 3937 apitula
1500 3896 1658 3934 antedicta,
1677 3906 1724 3934 per
1740 3897 1842 3928 Sedem
1863 3898 2056 3937 Apostolicam
2082 3901 2115 3930 &
2139 3901 2347 3937 Autaoritatem

1290 3938 1430 3976 ejusdem,
1446 3936 1514 3965 infra
1530 3934 1583 3965 Sex
1598 3934 1726 3972 Menses,
1744 3936 1836 3966 diffos
1853 3935 2017 3966 Duodecim
2039 3936 2152 3968 Menses
2164 3943 2294 3979 proxime
2309 3944 2349 3975 se-

1292 3979 1426 4014 quentes,
1445 3973 1633 4015 Confir-mari,
1651 3973 1770 4012 Vallari,
1789 3977 1822 4005 Sc
1847 3974 1988 4005 Roborari
2013 3985 2065 4012 pro
2087 3977 2193 4009 viribus
2214 3990 2350 4019 procura.

1292 4016 1353 4050 bit,
1373 4015 1406 4045 &
1421 4022 1486 4042 cum
1501 4011 1607 4042 effectu
1621 4012 1718 4043 faciet:

1326 4052 1363 4083 Et
1374 4074 1383 4089 ,
1403 4060 1414 4080 1
1424 4059 1446 4080 N
1459 4058 1501 4080 su
1511 4058 1529 4079 P
1540 4059 1558 4080 E
1570 4059 1592 4080 R
1603 4072 1611 4087 ,
1629 4059 1746 4088 uterque
1760 4049 1926 4090 Principum
1940 4051 2143 4089 praedie‘torum
2154 4056 2224 4088 infra
2232 4056 2350 4091 Termi-

1289 4100 1358 4121 num
1383 4088 1570 4127 supradhstum
1585 4087 1718 4120 instanter
1733 4089 1766 4120 ὅτ
1782 4098 1853 4157 &um
1874 4089 1980 4121 effectu
1996 4093 2117 4129 requiret
2139 4093 2351 4128 Sacrosenfflm

1834 4136 1848 4165 3
2246 4135 2350 4167 Sedem

2385 3237 2410 3247 (-

2037 3287 2163 3356 gig-imam
2170 3311 2180 3328 ,
2200 3288 2351 3331 Manuque
2396 3299 2399 3301 ’
