<?xml version="1.0" encoding="UTF-8"?>
<!DOCTYPE html PUBLIC "-//W3C//DTD XHTML 1.0 Transitional//EN"
    "http://www.w3.org/TR/xhtml1/DTD/xhtml1-transitional.dtd">
<html xmlns="http://www.w3.org/1999/xhtml" xml:lang="en" lang="en">
 <head>
  <title>
</title>
<meta http-equiv="Content-Type" content="text/html;charset=utf-8" />
  <meta name='ocr-system' content='tesseract 3.04.00' />
  <meta name='ocr-capabilities' content='ocr_page ocr_carea ocr_par ocr_line ocrx_word'/>
</head>
<body>
  <div class='ocr_page' id='page_1' title='image "./fderaconventione05ryme_0631.png"; bbox 0 0 2555 4266; ppageno 0'>
   <div class='ocr_carea' id='block_1_1' title="bbox 700 168 2257 223">
    <p class='ocr_par' dir='ltr' id='par_1_1' title="bbox 700 168 2257 223">
     <span class='ocr_line' id='line_1_1' title="bbox 700 168 2257 223; baseline 0.009 -14"><span class='ocrx_word' id='word_1_1' title='bbox 700 168 809 211; x_wconf 90' lang='lat' dir='ltr'><strong>ET</strong></span> <span class='ocrx_word' id='word_1_2' title='bbox 898 169 1164 211; x_wconf 84' lang='lat' dir='ltr'>ACTA</span> <span class='ocrx_word' id='word_1_3' title='bbox 1254 168 1736 219; x_wconf 84' lang='lat' dir='ltr'>PUBLICA.</span> <span class='ocrx_word' id='word_1_4' title='bbox 2213 195 2257 223; x_wconf 88' lang='lat'><strong>11</strong></span> 
     </span>
    </p>
   </div>
   <div class='ocr_carea' id='block_1_2' title="bbox 0 246 2404 306">
    <p class='ocr_par' dir='ltr' id='par_1_2' title="bbox 0 246 2404 306">
     <span class='ocr_line' id='line_1_2' title="bbox 0 246 2404 306; baseline 0.006 -23"><span class='ocrx_word' id='word_1_5' title='bbox 0 258 24 279; x_wconf 78' lang='lat' dir='ltr'><strong>n·</strong></span> <span class='ocrx_word' id='word_1_6' title='bbox 37 246 78 278; x_wconf 87' lang='lat' dir='ltr'><strong>D·</strong></span> <span class='ocrx_word' id='word_1_7' title='bbox 95 253 249 285; x_wconf 82' lang='lat' dir='ltr'><strong>baffadeurs</strong></span> <span class='ocrx_word' id='word_1_8' title='bbox 264 253 501 286; x_wconf 86' lang='lat' dir='ltr'><strong>derrenierement</strong></span> <span class='ocrx_word' id='word_1_9' title='bbox 519 257 639 286; x_wconf 80' lang='lat' dir='ltr'><strong>envoiez</strong></span> <span class='ocrx_word' id='word_1_10' title='bbox 663 257 758 288; x_wconf 86' lang='lat' dir='ltr'><strong>devers</strong></span> <span class='ocrx_word' id='word_1_11' title='bbox 775 256 847 296; x_wconf 80' lang='lat' dir='ltr'><strong>Lui,</strong></span> <span class='ocrx_word' id='word_1_12' title='bbox 865 259 898 290; x_wconf 78' lang='grc' dir='ltr'><strong>δε</strong></span> <span class='ocrx_word' id='word_1_13' title='bbox 914 258 981 289; x_wconf 83' lang='lat' dir='ltr'><strong>aussi</strong></span> <span class='ocrx_word' id='word_1_14' title='bbox 999 258 1024 288; x_wconf 91' lang='lat' dir='ltr'><strong>le</strong></span> <span class='ocrx_word' id='word_1_15' title='bbox 1039 257 1126 288; x_wconf 82' lang='lat' dir='ltr'><strong>Nous</strong></span> <span class='ocrx_word' id='word_1_16' title='bbox 1141 267 1157 287; x_wconf 92' lang='lat' dir='ltr'><strong>a</strong></span> <span class='ocrx_word' id='word_1_17' title='bbox 1193 257 1264 288; x_wconf 88' lang='lat' dir='ltr'><strong>dum</strong></span> <span class='ocrx_word' id='word_1_18' title='bbox 1277 267 1323 288; x_wconf 89' lang='lat' dir='ltr'><strong>aut</strong></span> <span class='ocrx_word' id='word_1_19' title='bbox 1336 259 1539 292; x_wconf 85' lang='lat' dir='ltr'><strong>Successorum</strong></span> <span class='ocrx_word' id='word_1_20' title='bbox 1554 263 1685 303; x_wconf 89' lang='lat' dir='ltr'><strong>suorum,</strong></span> <span class='ocrx_word' id='word_1_21' title='bbox 1703 265 1796 297; x_wconf 86' lang='lat' dir='ltr'><strong>donec</strong></span> <span class='ocrx_word' id='word_1_22' title='bbox 1814 267 1925 305; x_wconf 74' lang='lat' dir='ltr'><strong>integre</strong></span> <span class='ocrx_word' id='word_1_23' title='bbox 1939 269 1973 300; x_wconf 89' lang='lat'>&amp;</span> <span class='ocrx_word' id='word_1_24' title='bbox 1990 267 2112 306; x_wconf 73' lang='lat' dir='ltr'><strong>plenarie</strong></span> <span class='ocrx_word' id='word_1_25' title='bbox 2126 268 2176 299; x_wconf 89' lang='lat' dir='ltr'><strong>fibi</strong></span> <span class='ocrx_word' id='word_1_26' title='bbox 2192 268 2252 300; x_wconf 84' lang='lat' dir='ltr'><strong>fue·</strong></span> <span class='ocrx_word' id='word_1_27' title='bbox 2267 266 2343 298; x_wconf 86' lang='lat' dir='ltr'>Arm.</span> <span class='ocrx_word' id='word_1_28' title='bbox 2359 264 2404 297; x_wconf 50' lang='lat' dir='ltr'><strong>Di</strong></span> 
     </span>
    </p>
   </div>
   <div class='ocr_carea' id='block_1_3' title="bbox 0 291 2375 372">
    <p class='ocr_par' dir='ltr' id='par_1_3' title="bbox 0 291 2375 372">
     <span class='ocr_line' id='line_1_3' title="bbox 0 291 2375 345; baseline 0.005 -23"><span class='ocrx_word' id='word_1_29' title='bbox 0 295 53 325; x_wconf 79' lang='lat'><strong>90·</strong></span> <span class='ocrx_word' id='word_1_30' title='bbox 97 291 197 330; x_wconf 89' lang='lat' dir='ltr'><strong>escript</strong></span> <span class='ocrx_word' id='word_1_31' title='bbox 210 294 243 324; x_wconf 91' lang='lat'>&amp;</span> <span class='ocrx_word' id='word_1_32' title='bbox 259 293 306 324; x_wconf 89' lang='lat' dir='ltr'><strong>fait</strong></span> <span class='ocrx_word' id='word_1_33' title='bbox 321 293 380 336; x_wconf 82' lang='lat' dir='ltr'><strong>dire</strong></span> <span class='ocrx_word' id='word_1_34' title='bbox 394 303 442 330; x_wconf 89' lang='lat' dir='ltr'><strong>par</strong></span> <span class='ocrx_word' id='word_1_35' title='bbox 456 293 586 330; x_wconf 79' lang='lat' dir='ltr'><strong>plusieurs</strong></span> <span class='ocrx_word' id='word_1_36' title='bbox 599 298 676 332; x_wconf 77' lang='lat' dir='ltr'><strong>foiz,</strong></span> <span class='ocrx_word' id='word_1_37' title='bbox 695 295 782 340; x_wconf 84' lang='lat' dir='ltr'><strong>Nous</strong></span> <span class='ocrx_word' id='word_1_38' title='bbox 803 305 887 334; x_wconf 90' lang='lat' dir='ltr'><strong>ayons</strong></span> <span class='ocrx_word' id='word_1_39' title='bbox 902 297 1024 327; x_wconf 88' lang='lat' dir='ltr'><strong>delibere</strong></span> <span class='ocrx_word' id='word_1_40' title='bbox 1037 296 1156 339; x_wconf 80' lang='lat' dir='ltr'><strong>prendre</strong></span> <span class='ocrx_word' id='word_1_41' title='bbox 1199 297 1235 326; x_wconf 85' lang='lat' dir='ltr'><strong>rit</strong></span> <span class='ocrx_word' id='word_1_42' title='bbox 1250 296 1382 327; x_wconf 90' lang='lat' dir='ltr'><strong>Solutum</strong></span> <span class='ocrx_word' id='word_1_43' title='bbox 1398 309 1443 329; x_wconf 91' lang='lat' dir='ltr'><strong>aut</strong></span> <span class='ocrx_word' id='word_1_44' title='bbox 1456 300 1632 332; x_wconf 61' lang='lat' dir='ltr'><strong>Satisfaefflm</strong></span> <span class='ocrx_word' id='word_1_45' title='bbox 1652 303 1687 334; x_wconf 92' lang='lat' dir='ltr'><strong>de</strong></span> <span class='ocrx_word' id='word_1_46' title='bbox 1707 304 1739 334; x_wconf 90' lang='lat'>&amp;</span> <span class='ocrx_word' id='word_1_47' title='bbox 1754 305 1832 344; x_wconf 89' lang='lat' dir='ltr'><strong>super</strong></span> <span class='ocrx_word' id='word_1_48' title='bbox 1850 307 1985 337; x_wconf 85' lang='lat' dir='ltr'><strong>omnibus</strong></span> <span class='ocrx_word' id='word_1_49' title='bbox 2006 308 2038 337; x_wconf 73' lang='grc' dir='ltr'><strong>ὅ(</strong></span> <span class='ocrx_word' id='word_1_50' title='bbox 2055 307 2162 345; x_wconf 80' lang='lat' dir='ltr'><strong>singulis</strong></span> <span class='ocrx_word' id='word_1_51' title='bbox 2182 317 2254 344; x_wconf 74' lang='lat' dir='ltr'><strong>prae-</strong></span> <span class='ocrx_word' id='word_1_52' title='bbox 2290 312 2375 344; x_wconf 87' lang='lat'><em>1490.</em></span> 
     </span>
     <span class='ocr_line' id='line_1_4' title="bbox 3 330 1158 372; baseline 0 -11"><span class='ocrx_word' id='word_1_53' title='bbox 3 348 8 353; x_wconf 94' lang='lat'>·</span> <span class='ocrx_word' id='word_1_54' title='bbox 28 335 56 361; x_wconf 91' lang='lat'><strong>7-</strong></span> <span class='ocrx_word' id='word_1_55' title='bbox 95 340 164 361; x_wconf 87' lang='lat' dir='ltr'><strong>avec</strong></span> <span class='ocrx_word' id='word_1_56' title='bbox 186 330 278 362; x_wconf 88' lang='lat' dir='ltr'>nostre</span> <span class='ocrx_word' id='word_1_57' title='bbox 299 331 338 361; x_wconf 91' lang='lat' dir='ltr'><strong>dit</strong></span> <span class='ocrx_word' id='word_1_58' title='bbox 357 331 442 363; x_wconf 89' lang='lat' dir='ltr'><strong>Frere</strong></span> <span class='ocrx_word' id='word_1_59' title='bbox 462 331 637 370; x_wconf 76' lang='lat' dir='ltr'><strong>piusgrandes</strong></span> <span class='ocrx_word' id='word_1_60' title='bbox 657 333 871 372; x_wconf 83' lang='lat' dir='ltr'><strong>Intelligences,</strong></span> <span class='ocrx_word' id='word_1_61' title='bbox 891 334 1158 370; x_wconf 82' lang='lat' dir='ltr'><strong>Consederacions,</strong></span> 
     </span>
    </p>
   </div>
   <div class='ocr_carea' id='block_1_4' title="bbox 0 800 62 829">
    <p class='ocr_par' dir='ltr' id='par_1_4' title="bbox 0 800 62 829">
     <span class='ocr_line' id='line_1_5' title="bbox 0 800 62 829; baseline -0.032 0"><span class='ocrx_word' id='word_1_62' title='bbox 0 800 62 829; x_wconf 81' lang='lat' dir='ltr'><strong>xll.</strong></span> 
     </span>
    </p>
   </div>
   <div class='ocr_carea' id='block_1_5' title="bbox 95 369 1171 1022">
    <p class='ocr_par' dir='ltr' id='par_1_5' title="bbox 96 369 1157 448">
     <span class='ocr_line' id='line_1_6' title="bbox 97 369 1157 409; baseline 0.002 -10"><span class='ocrx_word' id='word_1_63' title='bbox 97 369 131 399; x_wconf 89' lang='lat'>&amp;</span> <span class='ocrx_word' id='word_1_64' title='bbox 146 370 301 406; x_wconf 82' lang='lat' dir='ltr'><strong>Alliances,</strong></span> <span class='ocrx_word' id='word_1_65' title='bbox 319 370 352 400; x_wconf 67' lang='grc' dir='ltr'><strong>ὃ(</strong></span> <span class='ocrx_word' id='word_1_66' title='bbox 367 370 418 401; x_wconf 78' lang='lat' dir='ltr'><strong>soit</strong></span> <span class='ocrx_word' id='word_1_67' title='bbox 435 370 550 409; x_wconf 88' lang='lat' dir='ltr'><strong>besoign</strong></span> <span class='ocrx_word' id='word_1_68' title='bbox 564 382 637 409; x_wconf 88' lang='lat' dir='ltr'><strong>pour</strong></span> <span class='ocrx_word' id='word_1_69' title='bbox 656 373 746 402; x_wconf 79' lang='lat' dir='ltr'><strong>icelles</strong></span> <span class='ocrx_word' id='word_1_70' title='bbox 762 373 890 403; x_wconf 65' lang='lat' dir='ltr'><strong>Traieter</strong></span> <span class='ocrx_word' id='word_1_71' title='bbox 903 372 1090 402; x_wconf 85' lang='lat' dir='ltr'><strong>Commettre</strong></span> <span class='ocrx_word' id='word_1_72' title='bbox 1108 381 1157 401; x_wconf 85' lang='lat' dir='ltr'><strong>au-</strong></span> 
     </span>
     <span class='ocr_line' id='line_1_7' title="bbox 96 407 898 448; baseline 0.004 -11"><span class='ocrx_word' id='word_1_73' title='bbox 96 414 166 437; x_wconf 83' lang='lat' dir='ltr'>cuns</span> <span class='ocrx_word' id='word_1_74' title='bbox 182 407 309 437; x_wconf 88' lang='lat' dir='ltr'><strong>Notable</strong></span> <span class='ocrx_word' id='word_1_75' title='bbox 326 407 501 448; x_wconf 86' lang='lat' dir='ltr'><strong>Personaiges</strong></span> <span class='ocrx_word' id='word_1_76' title='bbox 514 419 529 438; x_wconf 88' lang='lat' dir='ltr'><strong>a</strong></span> <span class='ocrx_word' id='word_1_77' title='bbox 546 410 633 441; x_wconf 88' lang='lat' dir='ltr'><strong>Nous</strong></span> <span class='ocrx_word' id='word_1_78' title='bbox 650 412 720 441; x_wconf 89' lang='lat' dir='ltr'><strong>scurs</strong></span> <span class='ocrx_word' id='word_1_79' title='bbox 735 411 767 441; x_wconf 89' lang='lat'>&amp;</span> <span class='ocrx_word' id='word_1_80' title='bbox 781 411 898 448; x_wconf 88' lang='lat' dir='ltr'><strong>feables,</strong></span> 
     </span>
    </p>

    <p class='ocr_par' dir='ltr' id='par_1_6' title="bbox 134 443 530 485">
     <span class='ocr_line' id='line_1_8' title="bbox 134 443 530 485; baseline 0.008 -10"><span class='ocrx_word' id='word_1_81' title='bbox 134 443 345 484; x_wconf 69' lang='lat' dir='ltr'><strong>Savoirfaisbm</strong></span> <span class='ocrx_word' id='word_1_82' title='bbox 357 456 412 485; x_wconf 84' lang='lat' dir='ltr'><strong>que</strong></span> <span class='ocrx_word' id='word_1_83' title='bbox 428 448 530 485; x_wconf 86' lang='lat' dir='ltr'><strong>Nous,</strong></span> 
     </span>
    </p>

    <p class='ocr_par' dir='ltr' id='par_1_7' title="bbox 95 483 1162 638">
     <span class='ocr_line' id='line_1_9' title="bbox 132 483 1160 525; baseline 0.003 -13"><span class='ocrx_word' id='word_1_84' title='bbox 132 483 158 512; x_wconf 91' lang='lat' dir='ltr'>A</span> <span class='ocrx_word' id='word_1_85' title='bbox 174 483 247 520; x_wconf 89' lang='lat' dir='ltr'><strong>plain</strong></span> <span class='ocrx_word' id='word_1_86' title='bbox 263 484 389 515; x_wconf 72' lang='lat' dir='ltr'><strong>conflans</strong></span> <span class='ocrx_word' id='word_1_87' title='bbox 404 486 438 516; x_wconf 89' lang='lat' dir='ltr'><strong>de</strong></span> <span class='ocrx_word' id='word_1_88' title='bbox 450 486 554 524; x_wconf 59' lang='lat' dir='ltr'><strong>Scene,</strong></span> <span class='ocrx_word' id='word_1_89' title='bbox 572 486 744 525; x_wconf 85' lang='lat' dir='ltr'><strong>Loyaultez,</strong></span> <span class='ocrx_word' id='word_1_90' title='bbox 763 485 1006 524; x_wconf 86' lang='lat' dir='ltr'><strong>Preudornmyes,</strong></span> <span class='ocrx_word' id='word_1_91' title='bbox 1023 486 1057 516; x_wconf 68' lang='grc' dir='ltr'><strong>ὃ(</strong></span> <span class='ocrx_word' id='word_1_92' title='bbox 1074 483 1160 516; x_wconf 85' lang='lat' dir='ltr'><strong>Souf-</strong></span> 
     </span>
     <span class='ocr_line' id='line_1_10' title="bbox 95 520 1161 555; baseline 0.003 -5"><span class='ocrx_word' id='word_1_93' title='bbox 95 520 209 551; x_wconf 79' lang='lat' dir='ltr'><strong>fisances</strong></span> <span class='ocrx_word' id='word_1_94' title='bbox 222 521 256 552; x_wconf 93' lang='lat' dir='ltr'><strong>de</strong></span> <span class='ocrx_word' id='word_1_95' title='bbox 273 531 331 552; x_wconf 90' lang='lat' dir='ltr'><strong>noz</strong></span> <span class='ocrx_word' id='word_1_96' title='bbox 348 524 442 554; x_wconf 83' lang='lat' dir='ltr'><strong>Ainez</strong></span> <span class='ocrx_word' id='word_1_97' title='bbox 458 526 490 555; x_wconf 89' lang='lat'>&amp;</span> <span class='ocrx_word' id='word_1_98' title='bbox 506 524 529 553; x_wconf 91' lang='lat' dir='ltr'>F</span> <span class='ocrx_word' id='word_1_99' title='bbox 531 527 609 555; x_wconf 82' lang='lat' dir='ltr'><strong>eaulx</strong></span> <span class='ocrx_word' id='word_1_100' title='bbox 624 524 739 554; x_wconf 77' lang='lat' dir='ltr'><strong>Meffire</strong></span> <span class='ocrx_word' id='word_1_101' title='bbox 754 524 871 553; x_wconf 79' lang='lat' dir='ltr'><strong>Ladron</strong></span> <span class='ocrx_word' id='word_1_102' title='bbox 884 524 915 552; x_wconf 85' lang='lat' dir='ltr'><strong>de</strong></span> <span class='ocrx_word' id='word_1_103' title='bbox 929 523 1065 552; x_wconf 84' lang='lat' dir='ltr'><strong>Ghevara</strong></span> <span class='ocrx_word' id='word_1_104' title='bbox 1083 523 1161 553; x_wconf 82' lang='lat' dir='ltr'><strong>Che-</strong></span> 
     </span>
     <span class='ocr_line' id='line_1_11' title="bbox 96 558 1162 602; baseline 0.001 -13"><span class='ocrx_word' id='word_1_105' title='bbox 96 559 180 589; x_wconf 89' lang='lat' dir='ltr'><strong>valier</strong></span> <span class='ocrx_word' id='word_1_106' title='bbox 202 558 297 590; x_wconf 72' lang='lat' dir='ltr'><strong>nostre</strong></span> <span class='ocrx_word' id='word_1_107' title='bbox 326 560 493 593; x_wconf 88' lang='lat' dir='ltr'><strong>Conseillier</strong></span> <span class='ocrx_word' id='word_1_108' title='bbox 513 564 546 593; x_wconf 91' lang='lat'>&amp;</span> <span class='ocrx_word' id='word_1_109' title='bbox 572 563 779 600; x_wconf 85' lang='lat' dir='ltr'><strong>Chambellan,</strong></span> <span class='ocrx_word' id='word_1_110' title='bbox 798 562 831 592; x_wconf 92' lang='lat'>&amp;</span> <span class='ocrx_word' id='word_1_111' title='bbox 851 561 970 591; x_wconf 90' lang='lat' dir='ltr'><strong>Maistre</strong></span> <span class='ocrx_word' id='word_1_112' title='bbox 989 562 1112 602; x_wconf 77' lang='lat' dir='ltr'><strong>Jacques</strong></span> <span class='ocrx_word' id='word_1_113' title='bbox 1130 562 1162 590; x_wconf 86' lang='lat' dir='ltr'><strong>de</strong></span> 
     </span>
     <span class='ocr_line' id='line_1_12' title="bbox 95 597 1131 638; baseline 0.003 -11"><span class='ocrx_word' id='word_1_114' title='bbox 95 597 265 627; x_wconf 80' lang='lat' dir='ltr'><strong>Gondebault</strong></span> <span class='ocrx_word' id='word_1_115' title='bbox 281 599 378 630; x_wconf 91' lang='lat' dir='ltr'><strong>nostre</strong></span> <span class='ocrx_word' id='word_1_116' title='bbox 393 601 544 632; x_wconf 82' lang='lat' dir='ltr'><strong>Secretaire</strong></span> <span class='ocrx_word' id='word_1_117' title='bbox 558 611 591 630; x_wconf 89' lang='lat' dir='ltr'><strong>en</strong></span> <span class='ocrx_word' id='word_1_118' title='bbox 609 600 807 630; x_wconf 83' lang='lat' dir='ltr'><strong>Ordonnance</strong></span> <span class='ocrx_word' id='word_1_119' title='bbox 824 600 857 629; x_wconf 75' lang='grc' dir='ltr'><strong>ὅ(</strong></span> <span class='ocrx_word' id='word_1_120' title='bbox 872 599 907 630; x_wconf 89' lang='lat' dir='ltr'><strong>de</strong></span> <span class='ocrx_word' id='word_1_121' title='bbox 921 609 979 630; x_wconf 84' lang='lat' dir='ltr'><strong>noz</strong></span> <span class='ocrx_word' id='word_1_122' title='bbox 992 600 1021 630; x_wconf 85' lang='lat' dir='ltr'>G</span> <span class='ocrx_word' id='word_1_123' title='bbox 1027 611 1131 638; x_wconf 69' lang='lat' dir='ltr'><strong>uerreS,</strong></span> 
     </span>
    </p>

    <p class='ocr_par' dir='ltr' id='par_1_8' title="bbox 99 636 1167 785">
     <span class='ocr_line' id='line_1_13' title="bbox 142 636 1165 676; baseline 0.001 -10"><span class='ocrx_word' id='word_1_124' title='bbox 142 636 169 666; x_wconf 95' lang='lat' dir='ltr'>A</span> <span class='ocrx_word' id='word_1_125' title='bbox 185 637 294 676; x_wconf 82' lang='lat' dir='ltr'><strong>iceulx,</strong></span> <span class='ocrx_word' id='word_1_126' title='bbox 313 648 385 676; x_wconf 88' lang='lat' dir='ltr'><strong>pour</strong></span> <span class='ocrx_word' id='word_1_127' title='bbox 408 650 453 670; x_wconf 88' lang='lat' dir='ltr'><strong>ces</strong></span> <span class='ocrx_word' id='word_1_128' title='bbox 474 639 576 670; x_wconf 82' lang='lat' dir='ltr'><strong>Causes</strong></span> <span class='ocrx_word' id='word_1_129' title='bbox 593 640 627 669; x_wconf 88' lang='lat'>&amp;</span> <span class='ocrx_word' id='word_1_130' title='bbox 644 647 731 668; x_wconf 83' lang='lat' dir='ltr'>autres</span> <span class='ocrx_word' id='word_1_131' title='bbox 752 637 786 667; x_wconf 90' lang='lat' dir='ltr'><strong>ad</strong></span> <span class='ocrx_word' id='word_1_132' title='bbox 807 647 840 668; x_wconf 91' lang='lat' dir='ltr'><strong>ce</strong></span> <span class='ocrx_word' id='word_1_133' title='bbox 857 637 942 668; x_wconf 91' lang='lat' dir='ltr'><strong>Nous</strong></span> <span class='ocrx_word' id='word_1_134' title='bbox 963 648 1118 675; x_wconf 83' lang='lat' dir='ltr'><strong>mouvans,</strong></span> <span class='ocrx_word' id='word_1_135' title='bbox 1135 648 1165 667; x_wconf 90' lang='lat' dir='ltr'><strong>a-</strong></span> 
     </span>
     <span class='ocr_line' id='line_1_14' title="bbox 99 675 1165 716; baseline 0.001 -11"><span class='ocrx_word' id='word_1_136' title='bbox 99 683 173 705; x_wconf 91' lang='lat' dir='ltr'><strong>vons</strong></span> <span class='ocrx_word' id='word_1_137' title='bbox 191 685 238 713; x_wconf 86' lang='lat' dir='ltr'><strong>par</strong></span> <span class='ocrx_word' id='word_1_138' title='bbox 255 679 314 706; x_wconf 92' lang='lat' dir='ltr'><strong>bon</strong></span> <span class='ocrx_word' id='word_1_139' title='bbox 330 677 460 709; x_wconf 83' lang='lat' dir='ltr'><strong>Advis&amp;</strong></span> <span class='ocrx_word' id='word_1_140' title='bbox 474 677 670 708; x_wconf 88' lang='lat' dir='ltr'><strong>Deliberation</strong></span> <span class='ocrx_word' id='word_1_141' title='bbox 685 676 779 705; x_wconf 91' lang='lat' dir='ltr'><strong>donne</strong></span> <span class='ocrx_word' id='word_1_142' title='bbox 789 676 823 707; x_wconf 91' lang='lat'>&amp;</span> <span class='ocrx_word' id='word_1_143' title='bbox 836 675 968 707; x_wconf 76' lang='lat' dir='ltr'><strong>donnons</strong></span> <span class='ocrx_word' id='word_1_144' title='bbox 981 687 1029 716; x_wconf 84' lang='lat' dir='ltr'><strong>par</strong></span> <span class='ocrx_word' id='word_1_145' title='bbox 1045 687 1090 707; x_wconf 88' lang='lat' dir='ltr'><strong>ces</strong></span> <span class='ocrx_word' id='word_1_146' title='bbox 1105 677 1165 706; x_wconf 87' lang='lat' dir='ltr'><strong>dic-</strong></span> 
     </span>
     <span class='ocr_line' id='line_1_15' title="bbox 102 713 1167 785; baseline 0.004 -43"><span class='ocrx_word' id='word_1_147' title='bbox 102 715 291 783; x_wconf 53' lang='grc' dir='ltr'><strong>ῐεζρῖζεΐεηῑεὲ</strong></span> <span class='ocrx_word' id='word_1_148' title='bbox 307 715 427 785; x_wconf 42' lang='lat' dir='ltr'><strong>fissesss&amp;</strong></span> <span class='ocrx_word' id='word_1_149' title='bbox 426 717 463 746; x_wconf 90' lang='lat' dir='ltr'><strong>de</strong></span> <span class='ocrx_word' id='word_1_150' title='bbox 480 713 695 784; x_wconf 50' lang='lat' dir='ltr'><strong>nfostressbellacigr’i</strong></span> <span class='ocrx_word' id='word_1_151' title='bbox 710 714 876 782; x_wconf 54' lang='lat' dir='ltr'><strong>Audiorite,</strong></span> <span class='ocrx_word' id='word_1_152' title='bbox 895 715 918 744; x_wconf 92' lang='lat' dir='ltr'>F</span> <span class='ocrx_word' id='word_1_153' title='bbox 910 715 1011 784; x_wconf 60' lang='lat' dir='ltr'><strong>gcculte</strong></span> <span class='ocrx_word' id='word_1_154' title='bbox 1024 717 1059 784; x_wconf 46' lang='grc' dir='ltr'><strong>ἐξ</strong></span> <span class='ocrx_word' id='word_1_155' title='bbox 1075 716 1167 783; x_wconf 61' lang='grc' dir='ltr'><strong>ρ1αἰὲἓ</strong></span> 
     </span>
    </p>

    <p class='ocr_par' dir='ltr' id='par_1_9' title="bbox 105 760 1171 944">
     <span class='ocr_line' id='line_1_16' title="bbox 147 762 1112 786; baseline 0.004 -6"><span class='ocrx_word' id='word_1_156' title='bbox 147 762 154 780; x_wconf 91' lang='grc' dir='ltr'>ι</span> <span class='ocrx_word' id='word_1_157' title='bbox 180 763 249 784; x_wconf 84' lang='lat' dir='ltr'><strong>ance</strong></span> <span class='ocrx_word' id='word_1_158' title='bbox 291 764 306 783; x_wconf 91' lang='lat' dir='ltr'><strong>e</strong></span> <span class='ocrx_word' id='word_1_159' title='bbox 361 765 397 785; x_wconf 86' lang='lat' dir='ltr'><strong>rai</strong></span> <span class='ocrx_word' id='word_1_160' title='bbox 429 765 458 786; x_wconf 90' lang='lat' dir='ltr'><strong>er</strong></span> <span class='ocrx_word' id='word_1_161' title='bbox 505 764 559 784; x_wconf 82' lang='lat' dir='ltr'><strong>aire</strong></span> <span class='ocrx_word' id='word_1_162' title='bbox 697 763 713 782; x_wconf 91' lang='lat' dir='ltr'><strong>c</strong></span> <span class='ocrx_word' id='word_1_163' title='bbox 727 763 742 782; x_wconf 92' lang='lat' dir='ltr'><strong>u</strong></span> <span class='ocrx_word' id='word_1_164' title='bbox 760 763 789 782; x_wconf 86' lang='lat' dir='ltr'><strong>re</strong></span> <span class='ocrx_word' id='word_1_165' title='bbox 824 763 877 783; x_wconf 93' lang='lat' dir='ltr'><strong>our</strong></span> <span class='ocrx_word' id='word_1_166' title='bbox 961 764 1000 784; x_wconf 89' lang='lat' dir='ltr'><strong>ou</strong></span> <span class='ocrx_word' id='word_1_167' title='bbox 1062 764 1112 784; x_wconf 89' lang='lat' dir='ltr'><strong>om</strong></span> 
     </span>
     <span class='ocr_line' id='line_1_17' title="bbox 105 760 1167 829; baseline 0.002 -9"><span class='ocrx_word' id='word_1_168' title='bbox 105 760 214 829; x_wconf 43' lang='lat' dir='ltr'><strong>inlotis,</strong></span> <span class='ocrx_word' id='word_1_169' title='bbox 232 802 302 822; x_wconf 91' lang='lat' dir='ltr'><strong>avec</strong></span> <span class='ocrx_word' id='word_1_170' title='bbox 317 793 410 822; x_wconf 85' lang='lat' dir='ltr'><strong>nostre</strong></span> <span class='ocrx_word' id='word_1_171' title='bbox 423 777 559 823; x_wconf 74' lang='lat' dir='ltr'><strong>dit⁷Frere</strong></span> <span class='ocrx_word' id='word_1_172' title='bbox 572 790 596 820; x_wconf 86' lang='lat' dir='ltr'><strong>le</strong></span> <span class='ocrx_word' id='word_1_173' title='bbox 608 793 648 820; x_wconf 83' lang='lat' dir='ltr'><strong>Ro</strong></span> <span class='ocrx_word' id='word_1_174' title='bbox 679 791 710 819; x_wconf 89' lang='lat' dir='ltr'><strong>de</strong></span> <span class='ocrx_word' id='word_1_175' title='bbox 725 762 907 829; x_wconf 52' lang='lat' dir='ltr'><strong>Anglffterrg,</strong></span> <span class='ocrx_word' id='word_1_176' title='bbox 927 796 942 808; x_wconf 62' lang='lat'><strong>&#39;⁶</strong></span> <span class='ocrx_word' id='word_1_177' title='bbox 960 800 1050 822; x_wconf 84' lang='lat' dir='ltr'><strong>toutes</strong></span> <span class='ocrx_word' id='word_1_178' title='bbox 1065 793 1103 822; x_wconf 88' lang='lat' dir='ltr'><strong>les</strong></span> <span class='ocrx_word' id='word_1_179' title='bbox 1118 789 1167 821; x_wconf 90' lang='lat' dir='ltr'>In-</span> 
     </span>
     <span class='ocr_line' id='line_1_18' title="bbox 110 801 1169 868; baseline 0.001 -10"><span class='ocrx_word' id='word_1_180' title='bbox 110 829 289 868; x_wconf 84' lang='lat' dir='ltr'><strong>telligences,</strong></span> <span class='ocrx_word' id='word_1_181' title='bbox 307 830 566 866; x_wconf 72' lang='lat' dir='ltr'><strong>Confedeiacions,</strong></span> <span class='ocrx_word' id='word_1_182' title='bbox 584 829 615 859; x_wconf 89' lang='lat'>&amp;</span> <span class='ocrx_word' id='word_1_183' title='bbox 634 801 789 867; x_wconf 55' lang='lat' dir='ltr'><strong>Kiliances,</strong></span> <span class='ocrx_word' id='word_1_184' title='bbox 807 831 855 867; x_wconf 85' lang='lat' dir='ltr'><strong>qui</strong></span> <span class='ocrx_word' id='word_1_185' title='bbox 873 830 964 861; x_wconf 89' lang='lat' dir='ltr'><strong>seront</strong></span> <span class='ocrx_word' id='word_1_186' title='bbox 982 831 1081 861; x_wconf 83' lang='lat' dir='ltr'><strong>avisees</strong></span> <span class='ocrx_word' id='word_1_187' title='bbox 1097 830 1169 861; x_wconf 88' lang='lat' dir='ltr'><strong>estre</strong></span> 
     </span>
     <span class='ocr_line' id='line_1_19' title="bbox 109 865 1171 906; baseline 0.004 -10"><span class='ocrx_word' id='word_1_188' title='bbox 109 865 222 899; x_wconf 90' lang='lat' dir='ltr'><strong>Bonnes</strong></span> <span class='ocrx_word' id='word_1_189' title='bbox 235 869 269 899; x_wconf 90' lang='lat'>&amp;</span> <span class='ocrx_word' id='word_1_190' title='bbox 282 867 471 906; x_wconf 85' lang='lat' dir='ltr'><strong>prouffitables</strong></span> <span class='ocrx_word' id='word_1_191' title='bbox 486 877 557 904; x_wconf 88' lang='lat' dir='ltr'><strong>pour</strong></span> <span class='ocrx_word' id='word_1_192' title='bbox 572 867 596 897; x_wconf 88' lang='lat' dir='ltr'><strong>le</strong></span> <span class='ocrx_word' id='word_1_193' title='bbox 613 866 679 897; x_wconf 90' lang='lat' dir='ltr'><strong>Bien</strong></span> <span class='ocrx_word' id='word_1_194' title='bbox 694 869 727 898; x_wconf 87' lang='lat'>&amp;</span> <span class='ocrx_word' id='word_1_195' title='bbox 742 867 883 899; x_wconf 86' lang='lat' dir='ltr'><strong>Honneur</strong></span> <span class='ocrx_word' id='word_1_196' title='bbox 897 869 932 900; x_wconf 94' lang='lat' dir='ltr'><strong>de</strong></span> <span class='ocrx_word' id='word_1_197' title='bbox 942 869 1036 899; x_wconf 90' lang='lat' dir='ltr'><strong>nostre</strong></span> <span class='ocrx_word' id='word_1_198' title='bbox 1049 870 1088 899; x_wconf 92' lang='lat' dir='ltr'><strong>dit</strong></span> <span class='ocrx_word' id='word_1_199' title='bbox 1105 869 1127 899; x_wconf 85' lang='lat' dir='ltr'>F</span> <span class='ocrx_word' id='word_1_200' title='bbox 1129 879 1171 900; x_wconf 86' lang='lat' dir='ltr'><strong>te-</strong></span> 
     </span>
     <span class='ocr_line' id='line_1_20' title="bbox 110 905 742 944; baseline 0 -9"><span class='ocrx_word' id='word_1_201' title='bbox 110 915 140 936; x_wconf 89' lang='lat' dir='ltr'><strong>re</strong></span> <span class='ocrx_word' id='word_1_202' title='bbox 155 907 188 936; x_wconf 88' lang='lat'>&amp;</span> <span class='ocrx_word' id='word_1_203' title='bbox 201 907 237 938; x_wconf 91' lang='lat' dir='ltr'><strong>de</strong></span> <span class='ocrx_word' id='word_1_204' title='bbox 251 907 354 944; x_wconf 90' lang='lat' dir='ltr'><strong>Nous,</strong></span> <span class='ocrx_word' id='word_1_205' title='bbox 376 915 434 935; x_wconf 84' lang='lat' dir='ltr'><strong>noz</strong></span> <span class='ocrx_word' id='word_1_206' title='bbox 447 906 519 936; x_wconf 83' lang='lat' dir='ltr'><strong>Paiis</strong></span> <span class='ocrx_word' id='word_1_207' title='bbox 530 908 563 937; x_wconf 90' lang='lat'>&amp;</span> <span class='ocrx_word' id='word_1_208' title='bbox 579 905 742 944; x_wconf 64' lang='lat' dir='ltr'><strong>Subgedtz,</strong></span> 
     </span>
    </p>

    <p class='ocr_par' dir='ltr' id='par_1_10' title="bbox 108 943 1170 1022">
     <span class='ocr_line' id='line_1_21' title="bbox 146 943 1170 983; baseline 0.001 -9"><span class='ocrx_word' id='word_1_209' title='bbox 146 943 336 979; x_wconf 87' lang='lat' dir='ltr'><strong>Promettaris,</strong></span> <span class='ocrx_word' id='word_1_210' title='bbox 355 953 391 973; x_wconf 89' lang='lat' dir='ltr'><strong>en</strong></span> <span class='ocrx_word' id='word_1_211' title='bbox 408 943 517 975; x_wconf 86' lang='lat' dir='ltr'><strong>Parolle</strong></span> <span class='ocrx_word' id='word_1_212' title='bbox 539 945 573 976; x_wconf 93' lang='lat' dir='ltr'><strong>de</strong></span> <span class='ocrx_word' id='word_1_213' title='bbox 588 943 671 983; x_wconf 88' lang='lat' dir='ltr'><strong>Roy,</strong></span> <span class='ocrx_word' id='word_1_214' title='bbox 691 943 821 975; x_wconf 85' lang='lat' dir='ltr'><strong>Ratiffier</strong></span> <span class='ocrx_word' id='word_1_215' title='bbox 838 946 871 977; x_wconf 90' lang='lat'>&amp;</span> <span class='ocrx_word' id='word_1_216' title='bbox 890 946 968 975; x_wconf 92' lang='lat' dir='ltr'><strong>avoir</strong></span> <span class='ocrx_word' id='word_1_217' title='bbox 990 946 1108 983; x_wconf 84' lang='lat' dir='ltr'>Ferme,</span> <span class='ocrx_word' id='word_1_218' title='bbox 1129 945 1170 975; x_wconf 89' lang='lat' dir='ltr'><strong>A-</strong></span> 
     </span>
     <span class='ocr_line' id='line_1_22' title="bbox 108 980 1170 1022; baseline 0.003 -11"><span class='ocrx_word' id='word_1_219' title='bbox 108 982 234 1021; x_wconf 83' lang='lat' dir='ltr'><strong>greable,</strong></span> <span class='ocrx_word' id='word_1_220' title='bbox 252 983 285 1013; x_wconf 92' lang='lat'>&amp;</span> <span class='ocrx_word' id='word_1_221' title='bbox 301 980 414 1012; x_wconf 77' lang='lat' dir='ltr'><strong>Estable</strong></span> <span class='ocrx_word' id='word_1_222' title='bbox 427 991 489 1012; x_wconf 89' lang='lat' dir='ltr'><strong>tout</strong></span> <span class='ocrx_word' id='word_1_223' title='bbox 505 993 537 1013; x_wconf 87' lang='lat' dir='ltr'><strong>ce</strong></span> <span class='ocrx_word' id='word_1_224' title='bbox 556 992 610 1021; x_wconf 85' lang='lat' dir='ltr'><strong>que</strong></span> <span class='ocrx_word' id='word_1_225' title='bbox 625 993 659 1012; x_wconf 87' lang='lat' dir='ltr'><strong>en</strong></span> <span class='ocrx_word' id='word_1_226' title='bbox 675 983 751 1013; x_wconf 87' lang='lat' dir='ltr'><strong>ceste</strong></span> <span class='ocrx_word' id='word_1_227' title='bbox 768 984 853 1021; x_wconf 86' lang='lat' dir='ltr'><strong>partie</strong></span> <span class='ocrx_word' id='word_1_228' title='bbox 868 985 923 1014; x_wconf 85' lang='lat' dir='ltr'><strong>sera</strong></span> <span class='ocrx_word' id='word_1_229' title='bbox 936 984 1072 1022; x_wconf 66' lang='lat' dir='ltr'><strong>Transte,</strong></span> <span class='ocrx_word' id='word_1_230' title='bbox 1092 984 1150 1014; x_wconf 88' lang='lat' dir='ltr'><strong>Fait</strong></span> <span class='ocrx_word' id='word_1_231' title='bbox 1160 1007 1170 1022; x_wconf 96' lang='lat'><strong>,</strong></span> 
     </span>
    </p>
   </div>
   <div class='ocr_carea' id='block_1_6' title="bbox 66 1019 1171 1063">
    <p class='ocr_par' dir='ltr' id='par_1_11' title="bbox 66 1019 1171 1063">
     <span class='ocr_line' id='line_1_23' title="bbox 66 1019 1171 1063; baseline -0.001 -11"><span class='ocrx_word' id='word_1_232' title='bbox 66 1025 71 1030; x_wconf 85' lang='lat'>&#39;</span> <span class='ocrx_word' id='word_1_233' title='bbox 107 1022 142 1052; x_wconf 88' lang='lat'>&amp;</span> <span class='ocrx_word' id='word_1_234' title='bbox 156 1019 269 1050; x_wconf 91' lang='lat' dir='ltr'><strong>Conclu</strong></span> <span class='ocrx_word' id='word_1_235' title='bbox 284 1030 333 1058; x_wconf 88' lang='lat' dir='ltr'><strong>par</strong></span> <span class='ocrx_word' id='word_1_236' title='bbox 348 1020 386 1050; x_wconf 75' lang='lat' dir='ltr'><strong>les</strong></span> <span class='ocrx_word' id='word_1_237' title='bbox 401 1021 449 1051; x_wconf 88' lang='lat' dir='ltr'><strong>diz</strong></span> <span class='ocrx_word' id='word_1_238' title='bbox 467 1020 586 1052; x_wconf 87' lang='lat' dir='ltr'><strong>Meffire</strong></span> <span class='ocrx_word' id='word_1_239' title='bbox 597 1021 727 1059; x_wconf 82' lang='lat' dir='ltr'><strong>Ladron,</strong></span> <span class='ocrx_word' id='word_1_240' title='bbox 744 1022 776 1052; x_wconf 72' lang='grc' dir='ltr'><strong>ὃς</strong></span> <span class='ocrx_word' id='word_1_241' title='bbox 800 1021 918 1052; x_wconf 81' lang='lat' dir='ltr'><strong>Miistre</strong></span> <span class='ocrx_word' id='word_1_242' title='bbox 931 1022 1069 1063; x_wconf 79' lang='lat' dir='ltr'><strong>Jacques,</strong></span> <span class='ocrx_word' id='word_1_243' title='bbox 1087 1032 1171 1053; x_wconf 92' lang='lat' dir='ltr'><strong>corn-</strong></span> 
     </span>
    </p>
   </div>
   <div class='ocr_carea' id='block_1_7' title="bbox 109 1058 1173 1137">
    <p class='ocr_par' dir='ltr' id='par_1_12' title="bbox 109 1058 1173 1137">
     <span class='ocr_line' id='line_1_24' title="bbox 109 1058 1173 1100; baseline 0.002 -12"><span class='ocrx_word' id='word_1_244' title='bbox 109 1067 158 1088; x_wconf 88' lang='lat' dir='ltr'><strong>me</strong></span> <span class='ocrx_word' id='word_1_245' title='bbox 170 1067 204 1088; x_wconf 92' lang='lat' dir='ltr'><strong>ce</strong></span> <span class='ocrx_word' id='word_1_246' title='bbox 226 1058 303 1097; x_wconf 87' lang='lat' dir='ltr'><strong>Fait,</strong></span> <span class='ocrx_word' id='word_1_247' title='bbox 321 1058 459 1097; x_wconf 65' lang='lat' dir='ltr'><strong>Transte,</strong></span> <span class='ocrx_word' id='word_1_248' title='bbox 475 1059 649 1090; x_wconf 91' lang='lat' dir='ltr'><strong>&amp;Conclud</strong></span> <span class='ocrx_word' id='word_1_249' title='bbox 665 1059 773 1089; x_wconf 73' lang='lat' dir='ltr'><strong>l’avons</strong></span> <span class='ocrx_word' id='word_1_250' title='bbox 789 1070 823 1090; x_wconf 90' lang='lat' dir='ltr'><strong>en</strong></span> <span class='ocrx_word' id='word_1_251' title='bbox 834 1060 974 1091; x_wconf 86' lang='lat' dir='ltr'><strong>Personne</strong></span> <span class='ocrx_word' id='word_1_252' title='bbox 984 1083 993 1099; x_wconf 91' lang='lat'><strong>,</strong></span> <span class='ocrx_word' id='word_1_253' title='bbox 1011 1070 1096 1100; x_wconf 83' lang='lat' dir='ltr'>quant</span> <span class='ocrx_word' id='word_1_254' title='bbox 1109 1070 1173 1091; x_wconf 87' lang='lat' dir='ltr'><strong>ores</strong></span> 
     </span>
     <span class='ocr_line' id='line_1_25' title="bbox 111 1096 1049 1137; baseline 0.004 -11"><span class='ocrx_word' id='word_1_255' title='bbox 111 1106 146 1126; x_wconf 90' lang='lat' dir='ltr'><strong>ce</strong></span> <span class='ocrx_word' id='word_1_256' title='bbox 161 1096 279 1127; x_wconf 87' lang='lat' dir='ltr'><strong>seroient</strong></span> <span class='ocrx_word' id='word_1_257' title='bbox 294 1097 390 1128; x_wconf 86' lang='lat' dir='ltr'><strong>choses</strong></span> <span class='ocrx_word' id='word_1_258' title='bbox 405 1100 452 1135; x_wconf 85' lang='lat' dir='ltr'><strong>qui</strong></span> <span class='ocrx_word' id='word_1_259' title='bbox 472 1098 622 1137; x_wconf 85' lang='lat' dir='ltr'><strong>requissent</strong></span> <span class='ocrx_word' id='word_1_260' title='bbox 640 1097 828 1129; x_wconf 87' lang='lat' dir='ltr'><strong>Mandement</strong></span> <span class='ocrx_word' id='word_1_261' title='bbox 846 1099 906 1137; x_wconf 88' lang='lat' dir='ltr'><strong>plus</strong></span> <span class='ocrx_word' id='word_1_262' title='bbox 922 1100 1049 1136; x_wconf 86' lang='lat' dir='ltr'><strong>especial.</strong></span> 
     </span>
    </p>
   </div>
   <div class='ocr_carea' id='block_1_8' title="bbox 114 1133 1174 1205">
    <p class='ocr_par' dir='ltr' id='par_1_13' title="bbox 114 1133 1174 1205">
     <span class='ocr_line' id='line_1_26' title="bbox 114 1133 1174 1202; baseline 0.003 -39"><span class='ocrx_word' id='word_1_263' title='bbox 114 1133 194 1202; x_wconf 72' lang='lat' dir='ltr'><strong>PEsn</strong></span> <span class='ocrx_word' id='word_1_264' title='bbox 216 1135 376 1175; x_wconf 85' lang='lat' dir='ltr'><strong>Tesmoing</strong></span> <span class='ocrx_word' id='word_1_265' title='bbox 388 1136 424 1168; x_wconf 88' lang='lat' dir='ltr'><strong>de</strong></span> <span class='ocrx_word' id='word_1_266' title='bbox 445 1146 478 1167; x_wconf 90' lang='lat' dir='ltr'><strong>ce</strong></span> <span class='ocrx_word' id='word_1_267' title='bbox 501 1136 584 1168; x_wconf 86' lang='lat' dir='ltr'><strong>Nous</strong></span> <span class='ocrx_word' id='word_1_268' title='bbox 601 1146 689 1167; x_wconf 81' lang='lat' dir='ltr'><strong>avons</strong></span> <span class='ocrx_word' id='word_1_269' title='bbox 704 1137 751 1167; x_wconf 86' lang='lat' dir='ltr'><strong>fait</strong></span> <span class='ocrx_word' id='word_1_270' title='bbox 768 1146 868 1167; x_wconf 89' lang='lat' dir='ltr'><strong>mettre</strong></span> <span class='ocrx_word' id='word_1_271' title='bbox 889 1137 985 1169; x_wconf 87' lang='lat' dir='ltr'><strong>nostre</strong></span> <span class='ocrx_word' id='word_1_272' title='bbox 1006 1138 1068 1168; x_wconf 83' lang='lat' dir='ltr'><strong>Scel</strong></span> <span class='ocrx_word' id='word_1_273' title='bbox 1089 1148 1104 1168; x_wconf 92' lang='lat' dir='ltr'><strong>a</strong></span> <span class='ocrx_word' id='word_1_274' title='bbox 1127 1146 1174 1167; x_wconf 84' lang='lat' dir='ltr'><strong>ces</strong></span> 
     </span>
     <span class='ocr_line' id='line_1_27' title="bbox 141 1182 266 1205; baseline 0.008 -4"><span class='ocrx_word' id='word_1_275' title='bbox 141 1182 168 1202; x_wconf 90' lang='lat' dir='ltr'><strong>re</strong></span> <span class='ocrx_word' id='word_1_276' title='bbox 180 1182 266 1205; x_wconf 87' lang='lat' dir='ltr'><strong>entes.</strong></span> 
     </span>
    </p>
   </div>
   <div class='ocr_carea' id='block_1_9' title="bbox 148 1211 1174 1254">
    <p class='ocr_par' dir='ltr' id='par_1_14' title="bbox 148 1211 1174 1254">
     <span class='ocr_line' id='line_1_28' title="bbox 148 1211 1174 1254; baseline 0.002 -14"><span class='ocrx_word' id='word_1_277' title='bbox 148 1211 256 1242; x_wconf 90' lang='lat' dir='ltr'><strong>Donne</strong></span> <span class='ocrx_word' id='word_1_278' title='bbox 270 1221 305 1242; x_wconf 87' lang='lat' dir='ltr'><strong>en</strong></span> <span class='ocrx_word' id='word_1_279' title='bbox 321 1212 414 1242; x_wconf 84' lang='lat' dir='ltr'><strong>nostre</strong></span> <span class='ocrx_word' id='word_1_280' title='bbox 430 1212 497 1243; x_wconf 81' lang='lat' dir='ltr'><strong>Ville</strong></span> <span class='ocrx_word' id='word_1_281' title='bbox 511 1214 543 1242; x_wconf 89' lang='lat' dir='ltr'><strong>de</strong></span> <span class='ocrx_word' id='word_1_282' title='bbox 563 1212 682 1249; x_wconf 66' lang='lat' dir='ltr'><strong>Wilme,</strong></span> <span class='ocrx_word' id='word_1_283' title='bbox 700 1213 725 1243; x_wconf 92' lang='lat' dir='ltr'><strong>le</strong></span> <span class='ocrx_word' id='word_1_284' title='bbox 739 1213 794 1252; x_wconf 76' lang='lat' dir='ltr'><strong>xxij</strong></span> <span class='ocrx_word' id='word_1_285' title='bbox 805 1212 878 1252; x_wconf 88' lang='lat' dir='ltr'><strong>J0ur</strong></span> <span class='ocrx_word' id='word_1_286' title='bbox 898 1213 934 1244; x_wconf 87' lang='lat' dir='ltr'><strong>de</strong></span> <span class='ocrx_word' id='word_1_287' title='bbox 950 1213 1039 1254; x_wconf 86' lang='lat' dir='ltr'><strong>May,</strong></span> <span class='ocrx_word' id='word_1_288' title='bbox 1056 1213 1121 1243; x_wconf 86' lang='lat' dir='ltr'><strong>l&#39;An</strong></span> <span class='ocrx_word' id='word_1_289' title='bbox 1138 1212 1174 1243; x_wconf 90' lang='lat' dir='ltr'><strong>de</strong></span> 
     </span>
    </p>
   </div>
   <div class='ocr_carea' id='block_1_10' title="bbox 113 1248 1176 1317">
    <p class='ocr_par' dir='ltr' id='par_1_15' title="bbox 113 1248 1176 1317">
     <span class='ocr_line' id='line_1_29' title="bbox 113 1248 1176 1317; baseline 0.001 -37"><span class='ocrx_word' id='word_1_290' title='bbox 113 1248 210 1317; x_wconf 51' lang='lat' dir='ltr'><strong>ggace</strong></span> <span class='ocrx_word' id='word_1_291' title='bbox 219 1249 317 1288; x_wconf 88' lang='lat' dir='ltr'><strong>Mille,</strong></span> <span class='ocrx_word' id='word_1_292' title='bbox 334 1250 462 1282; x_wconf 91' lang='lat' dir='ltr'>CCCC.</span> <span class='ocrx_word' id='word_1_293' title='bbox 475 1251 545 1282; x_wconf 91' lang='lat' dir='ltr'><strong>XC.</strong></span> <span class='ocrx_word' id='word_1_294' title='bbox 563 1252 596 1282; x_wconf 74' lang='grc' dir='ltr'><strong>δε</strong></span> <span class='ocrx_word' id='word_1_295' title='bbox 611 1251 649 1283; x_wconf 91' lang='lat' dir='ltr'><strong>du</strong></span> <span class='ocrx_word' id='word_1_296' title='bbox 660 1251 764 1290; x_wconf 82' lang='lat' dir='ltr'><strong>Regne</strong></span> <span class='ocrx_word' id='word_1_297' title='bbox 778 1254 814 1283; x_wconf 91' lang='lat' dir='ltr'><strong>de</strong></span> <span class='ocrx_word' id='word_1_298' title='bbox 829 1261 900 1282; x_wconf 84' lang='lat' dir='ltr'><strong>nous</strong></span> <span class='ocrx_word' id='word_1_299' title='bbox 907 1251 974 1292; x_wconf 82' lang='lat' dir='ltr'><strong>Roy</strong></span> <span class='ocrx_word' id='word_1_300' title='bbox 988 1253 1013 1284; x_wconf 85' lang='lat' dir='ltr'><strong>ie</strong></span> <span class='ocrx_word' id='word_1_301' title='bbox 1026 1251 1176 1292; x_wconf 85' lang='lat' dir='ltr'><strong>Cinquies-</strong></span> 
     </span>
    </p>
   </div>
   <div class='ocr_carea' id='block_1_11' title="bbox 153 1355 294 1388">
    <p class='ocr_par' dir='ltr' id='par_1_16' title="bbox 153 1355 294 1388">
     <span class='ocr_line' id='line_1_30' title="bbox 153 1355 294 1388; baseline 0.014 -2"><span class='ocrx_word' id='word_1_302' title='bbox 153 1355 191 1386; x_wconf 89' lang='lat' dir='ltr'>M</span> <span class='ocrx_word' id='word_1_303' title='bbox 210 1357 236 1388; x_wconf 89' lang='lat' dir='ltr'>A</span> <span class='ocrx_word' id='word_1_304' title='bbox 254 1357 294 1388; x_wconf 87' lang='lat' dir='ltr'><strong>X.</strong></span> 
     </span>
    </p>
   </div>
   <div class='ocr_carea' id='block_1_12' title="bbox 1200 333 2384 383">
    <p class='ocr_par' dir='ltr' id='par_1_17' title="bbox 1200 333 2384 383">
     <span class='ocr_line' id='line_1_31' title="bbox 1200 333 2384 383; baseline 0.014 -21"><span class='ocrx_word' id='word_1_305' title='bbox 1200 333 1283 364; x_wconf 63' lang='lat' dir='ltr'><strong>dietis</strong></span> <span class='ocrx_word' id='word_1_306' title='bbox 1298 334 1502 367; x_wconf 88' lang='lat' dir='ltr'><strong>Peccuniarutn</strong></span> <span class='ocrx_word' id='word_1_307' title='bbox 1516 339 1658 378; x_wconf 70' lang='lat' dir='ltr'><strong>Summis,</strong></span> <span class='ocrx_word' id='word_1_308' title='bbox 1676 342 1756 372; x_wconf 64' lang='lat' dir='ltr'><strong>dietis</strong></span> <span class='ocrx_word' id='word_1_309' title='bbox 1775 352 1868 373; x_wconf 89' lang='lat' dir='ltr'><strong>tamen</strong></span> <span class='ocrx_word' id='word_1_310' title='bbox 1884 344 2116 375; x_wconf 68' lang='lat' dir='ltr'><strong>Obvenrionibus</strong></span> <span class='ocrx_word' id='word_1_311' title='bbox 2132 346 2163 376; x_wconf 70' lang='grc' dir='ltr'><strong>δε</strong></span> <span class='ocrx_word' id='word_1_312' title='bbox 2180 345 2257 383; x_wconf 63' lang='lat' dir='ltr'><strong>juri⁴</strong></span> <span class='ocrx_word' id='word_1_313' title='bbox 2270 349 2332 372; x_wconf 82' lang='lat' dir='ltr'><strong>Hen.</strong></span> <span class='ocrx_word' id='word_1_314' title='bbox 2356 353 2384 379; x_wconf 83' lang='grc'><strong>7-</strong></span> 
     </span>
    </p>
   </div>
   <div class='ocr_carea' id='block_1_13' title="bbox 1200 371 2269 990">
    <p class='ocr_par' dir='ltr' id='par_1_18' title="bbox 1200 371 2262 670">
     <span class='ocr_line' id='line_1_32' title="bbox 1201 371 2258 421; baseline 0.013 -21"><span class='ocrx_word' id='word_1_315' title='bbox 1201 372 1253 401; x_wconf 88' lang='lat' dir='ltr'><strong>bus</strong></span> <span class='ocrx_word' id='word_1_316' title='bbox 1266 371 1301 401; x_wconf 93' lang='lat' dir='ltr'><strong>de</strong></span> <span class='ocrx_word' id='word_1_317' title='bbox 1314 373 1396 416; x_wconf 67' lang='lat' dir='ltr'><strong>dietis</strong></span> <span class='ocrx_word' id='word_1_318' title='bbox 1415 374 1513 418; x_wconf 78' lang='lat' dir='ltr'><strong>Locis,</strong></span> <span class='ocrx_word' id='word_1_319' title='bbox 1530 387 1578 412; x_wconf 87' lang='lat' dir='ltr'><strong>per</strong></span> <span class='ocrx_word' id='word_1_320' title='bbox 1600 378 1714 416; x_wconf 83' lang='lat' dir='ltr'><strong>Regem</strong></span> <span class='ocrx_word' id='word_1_321' title='bbox 1731 383 1883 420; x_wconf 74' lang='lat' dir='ltr'><strong>perceptis,</strong></span> <span class='ocrx_word' id='word_1_322' title='bbox 1903 383 1931 412; x_wconf 87' lang='lat' dir='ltr'><strong>in</strong></span> <span class='ocrx_word' id='word_1_323' title='bbox 1948 383 2059 414; x_wconf 67' lang='lat' dir='ltr'><strong>Sortem</strong></span> <span class='ocrx_word' id='word_1_324' title='bbox 2076 384 2258 421; x_wconf 77' lang='lat' dir='ltr'>principalem</span> 
     </span>
     <span class='ocr_line' id='line_1_33' title="bbox 1200 413 2257 453; baseline 0.015 -16"><span class='ocrx_word' id='word_1_325' title='bbox 1200 413 1413 453; x_wconf 55' lang='lat' dir='ltr'><strong>computando,</strong></span> <span class='ocrx_word' id='word_1_326' title='bbox 1431 413 1507 442; x_wconf 81' lang='lat' dir='ltr'><strong>salvis</strong></span> <span class='ocrx_word' id='word_1_327' title='bbox 1521 413 1740 447; x_wconf 81' lang='lat' dir='ltr'><strong>Coiiditionibus</strong></span> <span class='ocrx_word' id='word_1_328' title='bbox 1752 420 1781 448; x_wconf 95' lang='lat' dir='ltr'><strong>in</strong></span> <span class='ocrx_word' id='word_1_329' title='bbox 1795 419 1875 450; x_wconf 63' lang='lat' dir='ltr'><strong>dic‘tis</strong></span> <span class='ocrx_word' id='word_1_330' title='bbox 1891 420 2048 451; x_wconf 87' lang='lat' dir='ltr'><strong>Indenturis</strong></span> <span class='ocrx_word' id='word_1_331' title='bbox 2068 423 2206 452; x_wconf 84' lang='lat' dir='ltr'><strong>contentis</strong></span> <span class='ocrx_word' id='word_1_332' title='bbox 2223 422 2257 452; x_wconf 89' lang='lat'>&amp;</span> 
     </span>
     <span class='ocr_line' id='line_1_34' title="bbox 1201 447 2258 496; baseline 0.015 -21"><span class='ocrx_word' id='word_1_333' title='bbox 1201 447 1257 476; x_wconf 87' lang='lat' dir='ltr'><strong>fine</strong></span> <span class='ocrx_word' id='word_1_334' title='bbox 1274 448 1390 486; x_wconf 87' lang='lat' dir='ltr'><strong>ipsarum</strong></span> <span class='ocrx_word' id='word_1_335' title='bbox 1414 449 1629 490; x_wconf 73' lang='lat' dir='ltr'><strong>Derogatione,</strong></span> <span class='ocrx_word' id='word_1_336' title='bbox 1652 454 1770 485; x_wconf 78' lang='lat' dir='ltr'>Proviso</span> <span class='ocrx_word' id='word_1_337' title='bbox 1789 459 1867 496; x_wconf 81' lang='lat' dir='ltr'><strong>quod</strong></span> <span class='ocrx_word' id='word_1_338' title='bbox 1889 458 1974 488; x_wconf 66' lang='lat' dir='ltr'><strong>dietus</strong></span> <span class='ocrx_word' id='word_1_339' title='bbox 1994 463 2052 488; x_wconf 88' lang='lat' dir='ltr'><strong>Rex</strong></span> <span class='ocrx_word' id='word_1_340' title='bbox 2072 460 2106 490; x_wconf 87' lang='lat' dir='ltr'><strong>ad</strong></span> <span class='ocrx_word' id='word_1_341' title='bbox 2130 460 2178 490; x_wconf 90' lang='lat' dir='ltr'><strong>alia</strong></span> <span class='ocrx_word' id='word_1_342' title='bbox 2195 459 2258 490; x_wconf 92' lang='lat' dir='ltr'><strong>Lo-</strong></span> 
     </span>
     <span class='ocr_line' id='line_1_35' title="bbox 1202 487 2257 536; baseline 0.014 -22"><span class='ocrx_word' id='word_1_343' title='bbox 1202 495 1254 523; x_wconf 84' lang='lat' dir='ltr'><strong>ca,</strong></span> <span class='ocrx_word' id='word_1_344' title='bbox 1271 496 1350 516; x_wconf 89' lang='lat' dir='ltr'><strong>nunc</strong></span> <span class='ocrx_word' id='word_1_345' title='bbox 1366 496 1413 523; x_wconf 88' lang='lat' dir='ltr'><strong>per</strong></span> <span class='ocrx_word' id='word_1_346' title='bbox 1428 487 1527 532; x_wconf 77' lang='lat' dir='ltr'><strong>Gallos</strong></span> <span class='ocrx_word' id='word_1_347' title='bbox 1543 491 1570 519; x_wconf 93' lang='lat' dir='ltr'><strong>in</strong></span> <span class='ocrx_word' id='word_1_348' title='bbox 1586 491 1700 522; x_wconf 83' lang='lat' dir='ltr'><strong>Ducatu</strong></span> <span class='ocrx_word' id='word_1_349' title='bbox 1722 493 1850 525; x_wconf 80' lang='lat' dir='ltr'><strong>Britaniae</strong></span> <span class='ocrx_word' id='word_1_350' title='bbox 1866 505 2018 536; x_wconf 79' lang='lat' dir='ltr'><strong>occupata,</strong></span> <span class='ocrx_word' id='word_1_351' title='bbox 2037 508 2103 528; x_wconf 90' lang='lat' dir='ltr'><strong>cum</strong></span> <span class='ocrx_word' id='word_1_352' title='bbox 2120 497 2257 536; x_wconf 85' lang='lat' dir='ltr'><strong>imposte-</strong></span> 
     </span>
     <span class='ocr_line' id='line_1_36' title="bbox 1203 523 2260 575; baseline 0.013 -22"><span class='ocrx_word' id='word_1_353' title='bbox 1203 533 1266 553; x_wconf 86' lang='lat' dir='ltr'><strong>rum</strong></span> <span class='ocrx_word' id='word_1_354' title='bbox 1293 523 1390 555; x_wconf 82' lang='lat' dir='ltr'><strong>eadem</strong></span> <span class='ocrx_word' id='word_1_355' title='bbox 1409 524 1531 569; x_wconf 86' lang='lat' dir='ltr'><strong>Evinci,</strong></span> <span class='ocrx_word' id='word_1_356' title='bbox 1556 536 1602 571; x_wconf 80' lang='lat' dir='ltr'><strong>aut</strong></span> <span class='ocrx_word' id='word_1_357' title='bbox 1621 539 1668 565; x_wconf 88' lang='lat' dir='ltr'><strong>per</strong></span> <span class='ocrx_word' id='word_1_358' title='bbox 1687 531 1821 570; x_wconf 84' lang='lat' dir='ltr'><strong>Duciffam</strong></span> <span class='ocrx_word' id='word_1_359' title='bbox 1846 533 1938 570; x_wconf 78' lang='lat' dir='ltr'><strong>ejusve</strong></span> <span class='ocrx_word' id='word_1_360' title='bbox 1963 534 2136 566; x_wconf 82' lang='lat' dir='ltr'><strong>Successores</strong></span> <span class='ocrx_word' id='word_1_361' title='bbox 2156 537 2260 575; x_wconf 68' lang='lat' dir='ltr'><strong>quovis</strong></span> 
     </span>
     <span class='ocr_line' id='line_1_37' title="bbox 1203 562 2260 611; baseline 0.013 -20"><span class='ocrx_word' id='word_1_362' title='bbox 1203 562 1292 592; x_wconf 90' lang='lat' dir='ltr'><strong>modo</strong></span> <span class='ocrx_word' id='word_1_363' title='bbox 1309 562 1481 607; x_wconf 75' lang='lat' dir='ltr'><strong>Recuperari</strong></span> <span class='ocrx_word' id='word_1_364' title='bbox 1499 568 1667 604; x_wconf 80' lang='lat' dir='ltr'><strong>contigerit,</strong></span> <span class='ocrx_word' id='word_1_365' title='bbox 1685 567 1843 600; x_wconf 82' lang='lat' dir='ltr'><strong>Recursurn</strong></span> <span class='ocrx_word' id='word_1_366' title='bbox 1860 573 1962 601; x_wconf 86' lang='lat' dir='ltr'><strong>habere</strong></span> <span class='ocrx_word' id='word_1_367' title='bbox 1977 574 2095 611; x_wconf 90' lang='lat' dir='ltr'><strong>poterit,</strong></span> <span class='ocrx_word' id='word_1_368' title='bbox 2113 574 2145 604; x_wconf 67' lang='grc' dir='ltr'><strong>ὃς</strong></span> <span class='ocrx_word' id='word_1_369' title='bbox 2160 575 2260 605; x_wconf 88' lang='lat' dir='ltr'><strong>eadem</strong></span> 
     </span>
     <span class='ocr_line' id='line_1_38' title="bbox 1202 600 2262 648; baseline 0.013 -18"><span class='ocrx_word' id='word_1_370' title='bbox 1202 600 1272 644; x_wconf 85' lang='lat' dir='ltr'><strong>loco</strong></span> <span class='ocrx_word' id='word_1_371' title='bbox 1289 600 1418 640; x_wconf 86' lang='lat' dir='ltr'><strong>Pignoris</strong></span> <span class='ocrx_word' id='word_1_372' title='bbox 1432 611 1526 633; x_wconf 89' lang='lat' dir='ltr'><strong>tenere</strong></span> <span class='ocrx_word' id='word_1_373' title='bbox 1536 626 1546 641; x_wconf 90' lang='lat'><strong>,</strong></span> <span class='ocrx_word' id='word_1_374' title='bbox 1565 613 1648 641; x_wconf 87' lang='lat' dir='ltr'><strong>prout</strong></span> <span class='ocrx_word' id='word_1_375' title='bbox 1664 606 1691 634; x_wconf 95' lang='lat' dir='ltr'><strong>in</strong></span> <span class='ocrx_word' id='word_1_376' title='bbox 1706 605 1787 636; x_wconf 69' lang='lat' dir='ltr'><strong>dietis</strong></span> <span class='ocrx_word' id='word_1_377' title='bbox 1805 608 2054 641; x_wconf 87' lang='lat' dir='ltr'><strong>Conventionibus</strong></span> <span class='ocrx_word' id='word_1_378' title='bbox 2067 613 2174 648; x_wconf 77' lang='lat' dir='ltr'><strong>plenius</strong></span> <span class='ocrx_word' id='word_1_379' title='bbox 2188 622 2262 643; x_wconf 82' lang='lat' dir='ltr'><strong>con-</strong></span> 
     </span>
     <span class='ocr_line' id='line_1_39' title="bbox 1205 648 1316 670; baseline 0 -1"><span class='ocrx_word' id='word_1_380' title='bbox 1205 648 1316 670; x_wconf 86' lang='lat' dir='ltr'><strong>tinetur.</strong></span> 
     </span>
    </p>

    <p class='ocr_par' dir='ltr' id='par_1_19' title="bbox 1206 676 2269 990">
     <span class='ocr_line' id='line_1_40' title="bbox 1229 676 2265 754; baseline 0.012 -47"><span class='ocrx_word' id='word_1_381' title='bbox 1229 676 1256 721; x_wconf 28' lang='grc' dir='ltr'><strong>,Ι</strong></span> <span class='ocrx_word' id='word_1_382' title='bbox 1268 687 1290 708; x_wconf 87' lang='lat' dir='ltr'><strong>T</strong></span> <span class='ocrx_word' id='word_1_383' title='bbox 1301 687 1319 708; x_wconf 78' lang='grc' dir='ltr'>Ε</span> <span class='ocrx_word' id='word_1_384' title='bbox 1329 687 1356 708; x_wconf 90' lang='grc' dir='ltr'><em>Μ</em></span> <span class='ocrx_word' id='word_1_385' title='bbox 1365 701 1374 716; x_wconf 83' lang='grc'>,</span> <span class='ocrx_word' id='word_1_386' title='bbox 1393 679 1462 709; x_wconf 80' lang='lat' dir='ltr'><strong>cum</strong></span> <span class='ocrx_word' id='word_1_387' title='bbox 1474 679 1566 710; x_wconf 62' lang='lat' dir='ltr'><strong>dietus</strong></span> <span class='ocrx_word' id='word_1_388' title='bbox 1581 677 1780 712; x_wconf 86' lang='lat' dir='ltr'><strong>Illustrissirnus</strong></span> <span class='ocrx_word' id='word_1_389' title='bbox 1797 683 1908 720; x_wconf 83' lang='lat' dir='ltr'><strong>Angliae</strong></span> <span class='ocrx_word' id='word_1_390' title='bbox 1921 689 1981 715; x_wconf 84' lang='lat' dir='ltr'><strong>Rex</strong></span> <span class='ocrx_word' id='word_1_391' title='bbox 1990 686 2132 754; x_wconf 52' lang='lat' dir='ltr'><strong>cplurimas</strong></span> <span class='ocrx_word' id='word_1_392' title='bbox 2152 686 2265 719; x_wconf 89' lang='lat' dir='ltr'><strong>Peccu-</strong></span> 
     </span>
     <span class='ocr_line' id='line_1_41' title="bbox 1206 717 2262 759; baseline 0.011 -14"><span class='ocrx_word' id='word_1_393' title='bbox 1206 726 1264 758; x_wconf 83' lang='lat' dir='ltr'><strong>nias</strong></span> <span class='ocrx_word' id='word_1_394' title='bbox 1279 717 1312 747; x_wconf 76' lang='grc' dir='ltr'><strong>δε</strong></span> <span class='ocrx_word' id='word_1_395' title='bbox 1329 717 1479 757; x_wconf 85' lang='lat' dir='ltr'>Sumptus,</span> <span class='ocrx_word' id='word_1_396' title='bbox 1498 727 1597 756; x_wconf 84' lang='lat' dir='ltr'><strong>praeter</strong></span> <span class='ocrx_word' id='word_1_397' title='bbox 1612 720 1644 749; x_wconf 89' lang='lat'>&amp;</span> <span class='ocrx_word' id='word_1_398' title='bbox 1662 720 1731 751; x_wconf 89' lang='lat' dir='ltr'><strong>ultra</strong></span> <span class='ocrx_word' id='word_1_399' title='bbox 1744 730 1792 750; x_wconf 88' lang='lat' dir='ltr'><strong>eos</strong></span> <span class='ocrx_word' id='word_1_400' title='bbox 1813 732 1883 759; x_wconf 87' lang='lat' dir='ltr'><strong>quos</strong></span> <span class='ocrx_word' id='word_1_401' title='bbox 1902 725 1976 753; x_wconf 82' lang='lat' dir='ltr'><strong>circa</strong></span> <span class='ocrx_word' id='word_1_402' title='bbox 2012 726 2094 754; x_wconf 55' lang='lat' dir='ltr'><strong>iciam</strong></span> <span class='ocrx_word' id='word_1_403' title='bbox 2116 726 2262 757; x_wconf 77' lang='lat' dir='ltr'><strong>Armatam</strong></span> 
     </span>
     <span class='ocr_line' id='line_1_42' title="bbox 1207 754 2264 798; baseline 0.009 -14"><span class='ocrx_word' id='word_1_404' title='bbox 1207 756 1264 784; x_wconf 72' lang='lat' dir='ltr'><strong>{ive</strong></span> <span class='ocrx_word' id='word_1_405' title='bbox 1277 754 1513 795; x_wconf 71' lang='lat' dir='ltr'><strong>Expeditionem,</strong></span> <span class='ocrx_word' id='word_1_406' title='bbox 1532 756 1565 787; x_wconf 86' lang='lat' dir='ltr'><strong>ad</strong></span> <span class='ocrx_word' id='word_1_407' title='bbox 1581 757 1660 787; x_wconf 68' lang='lat' dir='ltr'><strong>diHae</strong></span> <span class='ocrx_word' id='word_1_408' title='bbox 1680 758 1796 797; x_wconf 81' lang='lat' dir='ltr'><strong>Duciffae</strong></span> <span class='ocrx_word' id='word_1_409' title='bbox 1816 760 1925 798; x_wconf 88' lang='lat' dir='ltr'><strong>ejusque</strong></span> <span class='ocrx_word' id='word_1_410' title='bbox 1948 761 2076 793; x_wconf 71' lang='lat' dir='ltr'><strong>Ducatus</strong></span> <span class='ocrx_word' id='word_1_411' title='bbox 2101 762 2264 794; x_wconf 81' lang='lat' dir='ltr'><strong>Deffensio-</strong></span> 
     </span>
     <span class='ocr_line' id='line_1_43' title="bbox 1208 794 2266 839; baseline 0.01 -17"><span class='ocrx_word' id='word_1_412' title='bbox 1208 802 1294 832; x_wconf 87' lang='lat' dir='ltr'><strong>nem,</strong></span> <span class='ocrx_word' id='word_1_413' title='bbox 1312 794 1408 824; x_wconf 91' lang='lat' dir='ltr'><strong>fecerit</strong></span> <span class='ocrx_word' id='word_1_414' title='bbox 1423 796 1456 826; x_wconf 67' lang='grc' dir='ltr'><strong>ὃς</strong></span> <span class='ocrx_word' id='word_1_415' title='bbox 1473 795 1646 834; x_wconf 79' lang='lat' dir='ltr'><strong>exposuerit,</strong></span> <span class='ocrx_word' id='word_1_416' title='bbox 1664 797 1760 827; x_wconf 87' lang='lat' dir='ltr'><strong>videns</strong></span> <span class='ocrx_word' id='word_1_417' title='bbox 1782 799 1865 835; x_wconf 81' lang='lat' dir='ltr'><em>ipsam</em></span> <span class='ocrx_word' id='word_1_418' title='bbox 1882 798 2017 837; x_wconf 66' lang='lat' dir='ltr'><strong>Duciffam</strong></span> <span class='ocrx_word' id='word_1_419' title='bbox 2039 800 2148 839; x_wconf 81' lang='lat' dir='ltr'><strong>eiusque</strong></span> <span class='ocrx_word' id='word_1_420' title='bbox 2169 801 2266 833; x_wconf 83' lang='lat' dir='ltr'><strong>Duca-</strong></span> 
     </span>
     <span class='ocr_line' id='line_1_44' title="bbox 1208 833 2265 871; baseline 0.009 -10"><span class='ocrx_word' id='word_1_421' title='bbox 1208 840 1268 862; x_wconf 86' lang='lat' dir='ltr'><strong>tum</strong></span> <span class='ocrx_word' id='word_1_422' title='bbox 1295 833 1328 862; x_wconf 90' lang='lat'>&amp;</span> <span class='ocrx_word' id='word_1_423' title='bbox 1355 833 1490 864; x_wconf 88' lang='lat' dir='ltr'><strong>Subditos</strong></span> <span class='ocrx_word' id='word_1_424' title='bbox 1512 833 1627 864; x_wconf 92' lang='lat' dir='ltr'><strong>suorum</strong></span> <span class='ocrx_word' id='word_1_425' title='bbox 1649 833 1841 865; x_wconf 89' lang='lat' dir='ltr'><strong>Inimicorum</strong></span> <span class='ocrx_word' id='word_1_426' title='bbox 1857 835 1971 866; x_wconf 85' lang='lat' dir='ltr'><strong>Viribus</strong></span> <span class='ocrx_word' id='word_1_427' title='bbox 1992 839 2025 868; x_wconf 91' lang='lat'>&amp;</span> <span class='ocrx_word' id='word_1_428' title='bbox 2045 837 2216 870; x_wconf 78' lang='lat' dir='ltr'><strong>Crudelitate</strong></span> <span class='ocrx_word' id='word_1_429' title='bbox 2233 842 2265 871; x_wconf 86' lang='lat' dir='ltr'><strong>in</strong></span> 
     </span>
     <span class='ocr_line' id='line_1_45' title="bbox 1210 871 2268 913; baseline 0.009 -15"><span class='ocrx_word' id='word_1_430' title='bbox 1210 871 1337 900; x_wconf 83' lang='lat' dir='ltr'><strong>maximo</strong></span> <span class='ocrx_word' id='word_1_431' title='bbox 1351 871 1519 902; x_wconf 91' lang='lat' dir='ltr'><strong>Perditionis</strong></span> <span class='ocrx_word' id='word_1_432' title='bbox 1535 871 1667 903; x_wconf 89' lang='lat' dir='ltr'><strong>Periculo</strong></span> <span class='ocrx_word' id='word_1_433' title='bbox 1681 873 1869 913; x_wconf 87' lang='lat' dir='ltr'><strong>constitutos,</strong></span> <span class='ocrx_word' id='word_1_434' title='bbox 1885 874 1918 904; x_wconf 90' lang='lat' dir='ltr'><strong>ad</strong></span> <span class='ocrx_word' id='word_1_435' title='bbox 1932 885 2032 905; x_wconf 86' lang='lat' dir='ltr'><strong>eorum</strong></span> <span class='ocrx_word' id='word_1_436' title='bbox 2052 875 2268 908; x_wconf 83' lang='lat' dir='ltr'><strong>Deffensionetn</strong></span> 
     </span>
     <span class='ocr_line' id='line_1_46' title="bbox 1211 907 2269 954; baseline 0.009 -17"><span class='ocrx_word' id='word_1_437' title='bbox 1211 907 1255 938; x_wconf 87' lang='lat' dir='ltr'><strong>sua</strong></span> <span class='ocrx_word' id='word_1_438' title='bbox 1277 917 1312 938; x_wconf 84' lang='lat' dir='ltr'><strong>ex</strong></span> <span class='ocrx_word' id='word_1_439' title='bbox 1334 909 1507 949; x_wconf 83' lang='lat' dir='ltr'><strong>Benignitate</strong></span> <span class='ocrx_word' id='word_1_440' title='bbox 1531 919 1613 948; x_wconf 81' lang='lat' dir='ltr'><strong>atque</strong></span> <span class='ocrx_word' id='word_1_441' title='bbox 1633 910 1853 948; x_wconf 85' lang='lat' dir='ltr'><strong>Magnificentia</strong></span> <span class='ocrx_word' id='word_1_442' title='bbox 1870 913 1962 943; x_wconf 87' lang='lat' dir='ltr'><strong>facere</strong></span> <span class='ocrx_word' id='word_1_443' title='bbox 1984 913 2139 945; x_wconf 86' lang='lat' dir='ltr'><strong>decreverit</strong></span> <span class='ocrx_word' id='word_1_444' title='bbox 2182 915 2269 954; x_wconf 89' lang='lat' dir='ltr'><strong>Nos,</strong></span> 
     </span>
     <span class='ocr_line' id='line_1_47' title="bbox 1211 945 2267 990; baseline 0.008 -14"><span class='ocrx_word' id='word_1_445' title='bbox 1211 945 1347 978; x_wconf 82' lang='lat' dir='ltr'><strong>Oratores</strong></span> <span class='ocrx_word' id='word_1_446' title='bbox 1367 948 1515 987; x_wconf 72' lang='lat' dir='ltr'><strong>antedic‘h&#39;,</strong></span> <span class='ocrx_word' id='word_1_447' title='bbox 1532 949 1608 990; x_wconf 82' lang='lat' dir='ltr'><strong>ipfius</strong></span> <span class='ocrx_word' id='word_1_448' title='bbox 1623 949 1738 989; x_wconf 64' lang='lat' dir='ltr'><strong>Duciffae</strong></span> <span class='ocrx_word' id='word_1_449' title='bbox 1757 949 1892 981; x_wconf 88' lang='lat' dir='ltr'><strong>Nomine</strong></span> <span class='ocrx_word' id='word_1_450' title='bbox 1907 950 2079 983; x_wconf 89' lang='lat' dir='ltr'><strong>Pollicemur</strong></span> <span class='ocrx_word' id='word_1_451' title='bbox 2093 954 2127 983; x_wconf 72' lang='grc' dir='ltr'><strong>ὃς</strong></span> <span class='ocrx_word' id='word_1_452' title='bbox 2169 955 2267 984; x_wconf 71' lang='lat' dir='ltr'><strong>tornit-</strong></span> 
     </span>
    </p>
   </div>
   <div class='ocr_carea' id='block_1_14' title="bbox 1211 985 2270 1027">
    <p class='ocr_par' dir='ltr' id='par_1_20' title="bbox 1211 985 2270 1027">
     <span class='ocr_line' id='line_1_48' title="bbox 1211 985 2270 1027; baseline 0.007 -13"><span class='ocrx_word' id='word_1_453' title='bbox 1211 985 1314 1023; x_wconf 83' lang='lat' dir='ltr'><strong>timus,</strong></span> <span class='ocrx_word' id='word_1_454' title='bbox 1329 995 1412 1025; x_wconf 86' lang='lat' dir='ltr'><strong>atque</strong></span> <span class='ocrx_word' id='word_1_455' title='bbox 1424 990 1450 1026; x_wconf 84' lang='lat' dir='ltr'><strong>ip</strong></span> <span class='ocrx_word' id='word_1_456' title='bbox 1463 998 1509 1016; x_wconf 84' lang='lat' dir='ltr'><strong>am</strong></span> <span class='ocrx_word' id='word_1_457' title='bbox 1523 990 1593 1017; x_wconf 87' lang='lat' dir='ltr'><strong>Duci</strong></span> <span class='ocrx_word' id='word_1_458' title='bbox 1615 1000 1659 1017; x_wconf 89' lang='lat' dir='ltr'><strong>am</strong></span> <span class='ocrx_word' id='word_1_459' title='bbox 1673 992 1730 1027; x_wconf 81' lang='lat' dir='ltr'><strong>ejus</strong></span> <span class='ocrx_word' id='word_1_460' title='bbox 1746 988 1882 1020; x_wconf 89' lang='lat' dir='ltr'><strong>Haeredes</strong></span> <span class='ocrx_word' id='word_1_461' title='bbox 1894 989 1927 1019; x_wconf 75' lang='grc' dir='ltr'>ἀ</span> <span class='ocrx_word' id='word_1_462' title='bbox 1937 989 2117 1021; x_wconf 89' lang='lat' dir='ltr'><strong>Successores</strong></span> <span class='ocrx_word' id='word_1_463' title='bbox 2135 990 2270 1022; x_wconf 57' lang='lat' dir='ltr'><strong>Aufitori-</strong></span> 
     </span>
    </p>
   </div>
   <div class='ocr_carea' id='block_1_15' title="bbox 1209 1023 2268 1069">
    <p class='ocr_par' dir='ltr' id='par_1_21' title="bbox 1209 1023 2268 1069">
     <span class='ocr_line' id='line_1_49' title="bbox 1209 1023 2268 1069; baseline 0.008 -17"><span class='ocrx_word' id='word_1_464' title='bbox 1209 1030 1263 1053; x_wconf 84' lang='lat' dir='ltr'><strong>tate</strong></span> <span class='ocrx_word' id='word_1_465' title='bbox 1275 1023 1330 1061; x_wconf 69' lang='lat' dir='ltr'><strong>qua</strong></span> <span class='ocrx_word' id='word_1_466' title='bbox 1345 1024 1425 1063; x_wconf 90' lang='lat' dir='ltr'><strong>supra</strong></span> <span class='ocrx_word' id='word_1_467' title='bbox 1460 1027 1557 1056; x_wconf 87' lang='lat' dir='ltr'><strong>rmiter</strong></span> <span class='ocrx_word' id='word_1_468' title='bbox 1607 1027 1758 1065; x_wconf 70' lang='lat' dir='ltr'><strong>bligamus,</strong></span> <span class='ocrx_word' id='word_1_469' title='bbox 1792 1027 1918 1067; x_wconf 72' lang='lat' dir='ltr'><strong>ubdipsc&#39;z</strong></span> <span class='ocrx_word' id='word_1_470' title='bbox 1934 1028 2060 1067; x_wconf 74' lang='lat' dir='ltr'><strong>Duciffiz,</strong></span> <span class='ocrx_word' id='word_1_471' title='bbox 2078 1029 2188 1069; x_wconf 90' lang='lat' dir='ltr'><strong>ejusque</strong></span> <span class='ocrx_word' id='word_1_472' title='bbox 2195 1029 2268 1059; x_wconf 85' lang='lat' dir='ltr'><strong>Hae-</strong></span> 
     </span>
    </p>
   </div>
   <div class='ocr_carea' id='block_1_16' title="bbox 1210 1059 2270 1099">
    <p class='ocr_par' dir='ltr' id='par_1_22' title="bbox 1210 1059 2270 1099">
     <span class='ocr_line' id='line_1_50' title="bbox 1210 1059 2270 1099; baseline 0.008 -9"><span class='ocrx_word' id='word_1_473' title='bbox 1210 1061 1287 1091; x_wconf 85' lang='lat' dir='ltr'><strong>redes</strong></span> <span class='ocrx_word' id='word_1_474' title='bbox 1304 1062 1337 1092; x_wconf 88' lang='lat'>&amp;</span> <span class='ocrx_word' id='word_1_475' title='bbox 1354 1062 1532 1095; x_wconf 86' lang='lat' dir='ltr'><strong>Successores</strong></span> <span class='ocrx_word' id='word_1_476' title='bbox 1569 1059 1702 1096; x_wconf 83' lang='lat' dir='ltr'><strong>Resolvet</strong></span> <span class='ocrx_word' id='word_1_477' title='bbox 1715 1066 1761 1095; x_wconf 91' lang='lat' dir='ltr'><strong>seu</strong></span> <span class='ocrx_word' id='word_1_478' title='bbox 1814 1067 1937 1098; x_wconf 86' lang='lat' dir='ltr'><strong>esolvent</strong></span> <span class='ocrx_word' id='word_1_479' title='bbox 1951 1067 2103 1098; x_wconf 81' lang='lat' dir='ltr'><strong>Relolvive</strong></span> <span class='ocrx_word' id='word_1_480' title='bbox 2123 1067 2206 1098; x_wconf 87' lang='lat' dir='ltr'><strong>faciet</strong></span> <span class='ocrx_word' id='word_1_481' title='bbox 2221 1076 2270 1099; x_wconf 89' lang='lat' dir='ltr'><strong>aut</strong></span> 
     </span>
    </p>
   </div>
   <div class='ocr_carea' id='block_1_17' title="bbox 1160 1087 2272 1144">
    <p class='ocr_par' dir='ltr' id='par_1_23' title="bbox 1160 1087 2272 1144">
     <span class='ocr_line' id='line_1_51' title="bbox 1160 1087 2272 1144; baseline 0.008 -16"><span class='ocrx_word' id='word_1_482' title='bbox 1160 1107 1168 1112; x_wconf 76' lang='grc'><em>·</em></span> <span class='ocrx_word' id='word_1_483' title='bbox 1208 1098 1313 1130; x_wconf 87' lang='lat' dir='ltr'><strong>facient</strong></span> <span class='ocrx_word' id='word_1_484' title='bbox 1325 1100 1374 1144; x_wconf 73' lang='lat' dir='ltr'><strong>ipsi</strong></span> <span class='ocrx_word' id='word_1_485' title='bbox 1386 1105 1451 1139; x_wconf 86' lang='lat' dir='ltr'><strong>Regi</strong></span> <span class='ocrx_word' id='word_1_486' title='bbox 1466 1087 1578 1140; x_wconf 69' lang='lat' dir='ltr'><strong>Angliae</strong></span> <span class='ocrx_word' id='word_1_487' title='bbox 1598 1103 1682 1134; x_wconf 86' lang='lat' dir='ltr'><strong>suisve</strong></span> <span class='ocrx_word' id='word_1_488' title='bbox 1703 1103 1869 1135; x_wconf 77' lang='lat' dir='ltr'><strong>Haeredibus</strong></span> <span class='ocrx_word' id='word_1_489' title='bbox 1891 1105 1925 1135; x_wconf 89' lang='lat'>&amp;</span> <span class='ocrx_word' id='word_1_490' title='bbox 1939 1105 2154 1136; x_wconf 81' lang='lat' dir='ltr'><strong>Succefforibus</strong></span> <span class='ocrx_word' id='word_1_491' title='bbox 2168 1116 2272 1137; x_wconf 68' lang='lat' dir='ltr'><strong>omnes</strong></span> 
     </span>
    </p>
   </div>
   <div class='ocr_carea' id='block_1_18' title="bbox 1208 1138 2273 1444">
    <p class='ocr_par' dir='ltr' id='par_1_24' title="bbox 1208 1138 2271 1259">
     <span class='ocr_line' id='line_1_52' title="bbox 1208 1138 2266 1182; baseline 0.007 -15"><span class='ocrx_word' id='word_1_492' title='bbox 1208 1138 1242 1168; x_wconf 90' lang='lat'>&amp;</span> <span class='ocrx_word' id='word_1_493' title='bbox 1258 1141 1439 1170; x_wconf 88' lang='lat' dir='ltr'><strong>omnimodas</strong></span> <span class='ocrx_word' id='word_1_494' title='bbox 1452 1140 1655 1172; x_wconf 88' lang='lat' dir='ltr'><strong>Peccuniarum</strong></span> <span class='ocrx_word' id='word_1_495' title='bbox 1669 1142 1798 1172; x_wconf 85' lang='lat' dir='ltr'><strong>Summas</strong></span> <span class='ocrx_word' id='word_1_496' title='bbox 1814 1143 1847 1173; x_wconf 91' lang='lat'>&amp;</span> <span class='ocrx_word' id='word_1_497' title='bbox 1862 1143 2016 1182; x_wconf 86' lang='lat' dir='ltr'><strong>Expensas,</strong></span> <span class='ocrx_word' id='word_1_498' title='bbox 2035 1154 2103 1181; x_wconf 86' lang='lat' dir='ltr'><strong>quas</strong></span> <span class='ocrx_word' id='word_1_499' title='bbox 2114 1145 2183 1174; x_wconf 84' lang='lat' dir='ltr'><strong>idem</strong></span> <span class='ocrx_word' id='word_1_500' title='bbox 2204 1147 2266 1175; x_wconf 80' lang='lat' dir='ltr'><strong>Rex</strong></span> 
     </span>
     <span class='ocr_line' id='line_1_53' title="bbox 1210 1176 2271 1222; baseline 0.009 -18"><span class='ocrx_word' id='word_1_501' title='bbox 1210 1185 1263 1213; x_wconf 89' lang='lat' dir='ltr'><strong>pro</strong></span> <span class='ocrx_word' id='word_1_502' title='bbox 1278 1176 1355 1218; x_wconf 60' lang='lat' dir='ltr'><strong>iefius</strong></span> <span class='ocrx_word' id='word_1_503' title='bbox 1370 1178 1486 1217; x_wconf 81' lang='lat' dir='ltr'><strong>Duciffae</strong></span> <span class='ocrx_word' id='word_1_504' title='bbox 1500 1180 1611 1217; x_wconf 86' lang='lat' dir='ltr'><strong>eiusque</strong></span> <span class='ocrx_word' id='word_1_505' title='bbox 1627 1179 1756 1211; x_wconf 75' lang='lat' dir='ltr'><strong>Ducatfis</strong></span> <span class='ocrx_word' id='word_1_506' title='bbox 1773 1180 1958 1212; x_wconf 83' lang='lat' dir='ltr'><strong>Deffensione</strong></span> <span class='ocrx_word' id='word_1_507' title='bbox 1980 1190 2044 1212; x_wconf 88' lang='lat' dir='ltr'><strong>ante</strong></span> <span class='ocrx_word' id='word_1_508' title='bbox 2063 1183 2126 1213; x_wconf 86' lang='lat' dir='ltr'><strong>haec</strong></span> <span class='ocrx_word' id='word_1_509' title='bbox 2141 1191 2271 1222; x_wconf 75' lang='lat' dir='ltr'><strong>tempora</strong></span> 
     </span>
     <span class='ocr_line' id='line_1_54' title="bbox 1211 1216 2144 1259; baseline 0.009 -16"><span class='ocrx_word' id='word_1_510' title='bbox 1211 1216 1367 1251; x_wconf 82' lang='lat' dir='ltr'><strong>expoluerit</strong></span> <span class='ocrx_word' id='word_1_511' title='bbox 1384 1218 1417 1247; x_wconf 88' lang='lat'>&amp;</span> <span class='ocrx_word' id='word_1_512' title='bbox 1435 1220 1605 1256; x_wconf 82' lang='lat' dir='ltr'><strong>erogaverit,</strong></span> <span class='ocrx_word' id='word_1_513' title='bbox 1621 1218 1676 1249; x_wconf 89' lang='lat' dir='ltr'><strong>sive</strong></span> <span class='ocrx_word' id='word_1_514' title='bbox 1689 1218 1806 1256; x_wconf 80' lang='lat' dir='ltr'><strong>posthac</strong></span> <span class='ocrx_word' id='word_1_515' title='bbox 1820 1229 1940 1257; x_wconf 87' lang='lat' dir='ltr'><strong>exponet</strong></span> <span class='ocrx_word' id='word_1_516' title='bbox 1954 1220 1988 1250; x_wconf 90' lang='lat'>&amp;</span> <span class='ocrx_word' id='word_1_517' title='bbox 2002 1221 2144 1259; x_wconf 81' lang='lat' dir='ltr'><strong>erogabit,</strong></span> 
     </span>
    </p>

    <p class='ocr_par' dir='ltr' id='par_1_25' title="bbox 1212 1252 2273 1444">
     <span class='ocr_line' id='line_1_55' title="bbox 1251 1252 2270 1296; baseline 0.007 -14"><span class='ocrx_word' id='word_1_518' title='bbox 1251 1252 1286 1282; x_wconf 87' lang='lat' dir='ltr'><strong>Et</strong></span> <span class='ocrx_word' id='word_1_519' title='bbox 1298 1254 1378 1291; x_wconf 74' lang='lat' dir='ltr'><strong>quod</strong></span> <span class='ocrx_word' id='word_1_520' title='bbox 1398 1255 1472 1285; x_wconf 62' lang='lat' dir='ltr'><strong>dieta</strong></span> <span class='ocrx_word' id='word_1_521' title='bbox 1496 1256 1573 1286; x_wconf 83' lang='lat' dir='ltr'><strong>Loca</strong></span> <span class='ocrx_word' id='word_1_522' title='bbox 1592 1257 1627 1287; x_wconf 89' lang='lat' dir='ltr'><strong>de</strong></span> <span class='ocrx_word' id='word_1_523' title='bbox 1650 1257 1827 1288; x_wconf 86' lang='lat' dir='ltr'><strong>Comarecau</strong></span> <span class='ocrx_word' id='word_1_524' title='bbox 1849 1260 1883 1290; x_wconf 89' lang='lat'>&amp;</span> <span class='ocrx_word' id='word_1_525' title='bbox 1901 1256 2032 1296; x_wconf 54' lang='lat' dir='ltr'><strong>Moriar,</strong></span> <span class='ocrx_word' id='word_1_526' title='bbox 2052 1260 2108 1289; x_wconf 71' lang='lat' dir='ltr'><strong>una</strong></span> <span class='ocrx_word' id='word_1_527' title='bbox 2129 1269 2199 1290; x_wconf 91' lang='lat' dir='ltr'><strong>curn</strong></span> <span class='ocrx_word' id='word_1_528' title='bbox 2218 1258 2270 1289; x_wconf 82' lang='lat' dir='ltr'><strong>suis</strong></span> 
     </span>
     <span class='ocr_line' id='line_1_56' title="bbox 1213 1289 2270 1335; baseline 0.007 -15"><span class='ocrx_word' id='word_1_529' title='bbox 1213 1289 1343 1334; x_wconf 65' lang='lat' dir='ltr'><strong>Castellis</strong></span> <span class='ocrx_word' id='word_1_530' title='bbox 1356 1294 1389 1322; x_wconf 71' lang='grc' dir='ltr'><strong>ὃς</strong></span> <span class='ocrx_word' id='word_1_531' title='bbox 1400 1293 1533 1331; x_wconf 74' lang='lat' dir='ltr'><strong>juribus,</strong></span> <span class='ocrx_word' id='word_1_532' title='bbox 1552 1302 1635 1332; x_wconf 88' lang='lat' dir='ltr'><strong>atque</strong></span> <span class='ocrx_word' id='word_1_533' title='bbox 1649 1297 1748 1326; x_wconf 89' lang='lat' dir='ltr'><strong>omnia</strong></span> <span class='ocrx_word' id='word_1_534' title='bbox 1758 1297 1808 1326; x_wconf 89' lang='lat' dir='ltr'><strong>alia</strong></span> <span class='ocrx_word' id='word_1_535' title='bbox 1824 1295 1920 1333; x_wconf 87' lang='lat' dir='ltr'><strong>Loca,</strong></span> <span class='ocrx_word' id='word_1_536' title='bbox 1938 1307 2002 1334; x_wconf 81' lang='lat' dir='ltr'><strong>quae</strong></span> <span class='ocrx_word' id='word_1_537' title='bbox 2018 1297 2102 1326; x_wconf 82' lang='lat' dir='ltr'><strong>eidem</strong></span> <span class='ocrx_word' id='word_1_538' title='bbox 2116 1300 2197 1335; x_wconf 84' lang='lat' dir='ltr'><strong>Regi,</strong></span> <span class='ocrx_word' id='word_1_539' title='bbox 2215 1307 2270 1327; x_wconf 90' lang='lat' dir='ltr'><strong>no-</strong></span> 
     </span>
     <span class='ocr_line' id='line_1_57' title="bbox 1214 1329 2272 1374; baseline 0.007 -16"><span class='ocrx_word' id='word_1_540' title='bbox 1214 1338 1292 1373; x_wconf 79' lang='lat' dir='ltr'><strong>mine</strong></span> <span class='ocrx_word' id='word_1_541' title='bbox 1307 1329 1433 1368; x_wconf 82' lang='lat' dir='ltr'><strong>Pignoris</strong></span> <span class='ocrx_word' id='word_1_542' title='bbox 1446 1333 1479 1362; x_wconf 71' lang='grc' dir='ltr'><strong>ὃ(</strong></span> <span class='ocrx_word' id='word_1_543' title='bbox 1490 1331 1647 1371; x_wconf 83' lang='lat' dir='ltr'><strong>Ypotliecae</strong></span> <span class='ocrx_word' id='word_1_544' title='bbox 1656 1356 1665 1370; x_wconf 86' lang='lat'><strong>,</strong></span> <span class='ocrx_word' id='word_1_545' title='bbox 1681 1343 1726 1369; x_wconf 84' lang='lat' dir='ltr'><strong>per</strong></span> <span class='ocrx_word' id='word_1_546' title='bbox 1740 1333 1823 1374; x_wconf 73' lang='lat' dir='ltr'><strong>ipfhm</strong></span> <span class='ocrx_word' id='word_1_547' title='bbox 1832 1333 1969 1373; x_wconf 74' lang='lat' dir='ltr'><strong>Duciffizm</strong></span> <span class='ocrx_word' id='word_1_548' title='bbox 1983 1334 2100 1374; x_wconf 81' lang='lat' dir='ltr'><strong>posthac</strong></span> <span class='ocrx_word' id='word_1_549' title='bbox 2114 1336 2184 1366; x_wconf 86' lang='lat' dir='ltr'><strong>tradi</strong></span> <span class='ocrx_word' id='word_1_550' title='bbox 2199 1344 2272 1365; x_wconf 90' lang='lat' dir='ltr'><strong>con-</strong></span> 
     </span>
     <span class='ocr_line' id='line_1_58' title="bbox 1213 1369 2273 1413; baseline 0.008 -17"><span class='ocrx_word' id='word_1_551' title='bbox 1213 1376 1323 1406; x_wconf 87' lang='lat' dir='ltr'><strong>tigerit,</strong></span> <span class='ocrx_word' id='word_1_552' title='bbox 1339 1370 1368 1398; x_wconf 93' lang='lat' dir='ltr'><strong>in</strong></span> <span class='ocrx_word' id='word_1_553' title='bbox 1384 1369 1517 1400; x_wconf 86' lang='lat' dir='ltr'>Manibus</span> <span class='ocrx_word' id='word_1_554' title='bbox 1529 1371 1561 1400; x_wconf 89' lang='lat'>&amp;</span> <span class='ocrx_word' id='word_1_555' title='bbox 1577 1371 1784 1402; x_wconf 67' lang='lat' dir='ltr'><strong>SubdiCtionei</strong></span> <span class='ocrx_word' id='word_1_556' title='bbox 1810 1383 1848 1401; x_wconf 71' lang='lat' dir='ltr'><strong>1us</strong></span> <span class='ocrx_word' id='word_1_557' title='bbox 1863 1376 1940 1411; x_wconf 86' lang='lat' dir='ltr'><strong>Regis</strong></span> <span class='ocrx_word' id='word_1_558' title='bbox 1954 1374 2049 1411; x_wconf 78' lang='lat' dir='ltr'><strong>quiete</strong></span> <span class='ocrx_word' id='word_1_559' title='bbox 2070 1374 2247 1405; x_wconf 88' lang='lat' dir='ltr'><strong>Remaneant</strong></span> <span class='ocrx_word' id='word_1_560' title='bbox 2260 1395 2273 1413; x_wconf 92' lang='lat'><strong>,</strong></span> 
     </span>
     <span class='ocr_line' id='line_1_59' title="bbox 1212 1407 2122 1444; baseline 0.01 -9"><span class='ocrx_word' id='word_1_561' title='bbox 1212 1407 1358 1444; x_wconf 83' lang='lat' dir='ltr'>quousque</span> <span class='ocrx_word' id='word_1_562' title='bbox 1371 1407 1407 1437; x_wconf 93' lang='lat' dir='ltr'><strong>de</strong></span> <span class='ocrx_word' id='word_1_563' title='bbox 1422 1408 1503 1438; x_wconf 68' lang='lat' dir='ltr'><strong>dictis</strong></span> <span class='ocrx_word' id='word_1_564' title='bbox 1517 1408 1566 1438; x_wconf 88' lang='lat' dir='ltr'><strong>suis</strong></span> <span class='ocrx_word' id='word_1_565' title='bbox 1578 1408 1725 1440; x_wconf 81' lang='lat' dir='ltr'><strong>Peccuniis</strong></span> <span class='ocrx_word' id='word_1_566' title='bbox 1738 1412 1770 1440; x_wconf 68' lang='grc' dir='ltr'><strong>ὃς</strong></span> <span class='ocrx_word' id='word_1_567' title='bbox 2118 1413 2122 1417; x_wconf 76' lang='grc'><em>“</em></span> 
     </span>
    </p>
   </div>
   <div class='ocr_carea' id='block_1_19' title="bbox 768 1412 2274 1537">
    <p class='ocr_par' dir='ltr' id='par_1_26' title="bbox 768 1412 2274 1537">
     <span class='ocr_line' id='line_1_60' title="bbox 1263 1412 2273 1451; baseline -0.009 0"><span class='ocrx_word' id='word_1_568' title='bbox 1263 1445 1266 1449; x_wconf 88' lang='grc'><em>.</em></span> <span class='ocrx_word' id='word_1_569' title='bbox 1812 1412 1934 1449; x_wconf 80' lang='lat' dir='ltr'><strong>xpensis,</strong></span> <span class='ocrx_word' id='word_1_570' title='bbox 1948 1421 1978 1442; x_wconf 89' lang='lat' dir='ltr'><strong>ut</strong></span> <span class='ocrx_word' id='word_1_571' title='bbox 1992 1414 2190 1451; x_wconf 83' lang='lat' dir='ltr'><strong>praemittitur,</strong></span> <span class='ocrx_word' id='word_1_572' title='bbox 2207 1422 2273 1442; x_wconf 90' lang='lat' dir='ltr'><strong>ero-</strong></span> 
     </span>
     <span class='ocr_line' id='line_1_61' title="bbox 768 1428 2272 1490; baseline 0.013 -31"><span class='ocrx_word' id='word_1_573' title='bbox 768 1430 826 1460; x_wconf 86' lang='lat' dir='ltr'><strong>Par</strong></span> <span class='ocrx_word' id='word_1_574' title='bbox 844 1428 868 1460; x_wconf 91' lang='lat' dir='ltr'><strong>le</strong></span> <span class='ocrx_word' id='word_1_575' title='bbox 886 1431 950 1469; x_wconf 84' lang='lat' dir='ltr'><strong>Roy-</strong></span> <span class='ocrx_word' id='word_1_576' title='bbox 1213 1452 1281 1486; x_wconf 46' lang='grc' dir='ltr'><strong>ἕως</strong></span> <span class='ocrx_word' id='word_1_577' title='bbox 1292 1445 1324 1474; x_wconf 84' lang='lat'>&amp;</span> <span class='ocrx_word' id='word_1_578' title='bbox 1342 1447 1488 1489; x_wconf 75' lang='lat' dir='ltr'><strong>erogandis</strong></span> <span class='ocrx_word' id='word_1_579' title='bbox 1503 1447 1630 1490; x_wconf 74' lang='lat' dir='ltr'><strong>expositis</strong></span> <span class='ocrx_word' id='word_1_580' title='bbox 1645 1449 1678 1478; x_wconf 68' lang='grc' dir='ltr'><strong>ὃς</strong></span> <span class='ocrx_word' id='word_1_581' title='bbox 1692 1450 1865 1487; x_wconf 79' lang='lat' dir='ltr'><strong>exponendis</strong></span> <span class='ocrx_word' id='word_1_582' title='bbox 1901 1459 1949 1488; x_wconf 90' lang='lat' dir='ltr'><strong>per</strong></span> <span class='ocrx_word' id='word_1_583' title='bbox 1969 1448 2053 1490; x_wconf 51' lang='lat' dir='ltr'><strong>ipsam</strong></span> <span class='ocrx_word' id='word_1_584' title='bbox 2074 1449 2211 1489; x_wconf 81' lang='lat' dir='ltr'><strong>Ductffam</strong></span> <span class='ocrx_word' id='word_1_585' title='bbox 2226 1449 2272 1481; x_wconf 90' lang='lat' dir='ltr'><strong>vel</strong></span> 
     </span>
     <span class='ocr_line' id='line_1_62' title="bbox 874 1482 2274 1537; baseline 0 -21"><span class='ocrx_word' id='word_1_586' title='bbox 874 1506 909 1537; x_wconf 83' lang='lat' dir='ltr'>N</span> <span class='ocrx_word' id='word_1_587' title='bbox 920 1515 942 1536; x_wconf 80' lang='lat' dir='ltr'><strong>U</strong></span> <span class='ocrx_word' id='word_1_588' title='bbox 954 1515 980 1537; x_wconf 89' lang='lat' dir='ltr'><strong>M</strong></span> <span class='ocrx_word' id='word_1_589' title='bbox 992 1516 1011 1536; x_wconf 77' lang='lat' dir='ltr'>A</span> <span class='ocrx_word' id='word_1_590' title='bbox 1021 1514 1054 1536; x_wconf 88' lang='lat' dir='ltr'><strong>N.</strong></span> <span class='ocrx_word' id='word_1_591' title='bbox 1214 1492 1271 1518; x_wconf 73' lang='lat' dir='ltr'><strong>ejus</strong></span> <span class='ocrx_word' id='word_1_592' title='bbox 1285 1482 1464 1514; x_wconf 80' lang='lat' dir='ltr'><strong>Successores</strong></span> <span class='ocrx_word' id='word_1_593' title='bbox 1478 1485 1580 1515; x_wconf 79' lang='lat' dir='ltr'><strong>alioive</strong></span> <span class='ocrx_word' id='word_1_594' title='bbox 1592 1495 1649 1523; x_wconf 77' lang='lat' dir='ltr'><strong>ejus</strong></span> <span class='ocrx_word' id='word_1_595' title='bbox 1670 1494 1716 1517; x_wconf 88' lang='lat' dir='ltr'><strong>aut</strong></span> <span class='ocrx_word' id='word_1_596' title='bbox 1729 1496 1828 1517; x_wconf 84' lang='lat' dir='ltr'><strong>eorum</strong></span> <span class='ocrx_word' id='word_1_597' title='bbox 1889 1488 1986 1519; x_wconf 89' lang='lat' dir='ltr'><strong>omine</strong></span> <span class='ocrx_word' id='word_1_598' title='bbox 2004 1489 2086 1520; x_wconf 88' lang='lat' dir='ltr'><strong>fuerit</strong></span> <span class='ocrx_word' id='word_1_599' title='bbox 2105 1491 2189 1519; x_wconf 81' lang='lat' dir='ltr'><strong>eidem</strong></span> <span class='ocrx_word' id='word_1_600' title='bbox 2207 1491 2274 1526; x_wconf 81' lang='lat' dir='ltr'><strong>Regi</strong></span> 
     </span>
    </p>
   </div>
   <div class='ocr_carea' id='block_1_20' title="bbox 231 1629 1059 1676">
    <p class='ocr_par' dir='ltr' id='par_1_27' title="bbox 231 1629 1059 1676">
     <span class='ocr_line' id='line_1_63' title="bbox 231 1629 1059 1676; baseline 0.001 -14"><span class='ocrx_word' id='word_1_601' title='bbox 231 1630 511 1676; x_wconf 61' lang='lat' dir='ltr'><strong>Appunffuamcma</strong></span> <span class='ocrx_word' id='word_1_602' title='bbox 531 1642 601 1663; x_wconf 87' lang='lat' dir='ltr'><strong>cum</strong></span> <span class='ocrx_word' id='word_1_603' title='bbox 624 1633 719 1664; x_wconf 84' lang='lat' dir='ltr'><strong>Anna</strong></span> <span class='ocrx_word' id='word_1_604' title='bbox 745 1632 902 1662; x_wconf 76' lang='lat' dir='ltr'><strong>Britanniae</strong></span> <span class='ocrx_word' id='word_1_605' title='bbox 925 1629 1059 1676; x_wconf 76' lang='lat' dir='ltr'><strong>Duciffit.</strong></span> 
     </span>
    </p>
   </div>
   <div class='ocr_carea' id='block_1_21' title="bbox 1213 1520 2074 1641">
    <p class='ocr_par' dir='ltr' id='par_1_28' title="bbox 1213 1520 2074 1641">
     <span class='ocr_line' id='line_1_64' title="bbox 1213 1520 2074 1562; baseline 0.012 -14"><span class='ocrx_word' id='word_1_606' title='bbox 1213 1520 1326 1558; x_wconf 81' lang='lat' dir='ltr'><strong>Angliae</strong></span> <span class='ocrx_word' id='word_1_607' title='bbox 1341 1522 1447 1562; x_wconf 75' lang='lat' dir='ltr'><strong>integre</strong></span> <span class='ocrx_word' id='word_1_608' title='bbox 1463 1523 1495 1554; x_wconf 72' lang='grc' dir='ltr'><strong>ὃ(</strong></span> <span class='ocrx_word' id='word_1_609' title='bbox 1510 1523 1629 1562; x_wconf 79' lang='lat' dir='ltr'><strong>plenarie</strong></span> <span class='ocrx_word' id='word_1_610' title='bbox 1647 1523 1825 1556; x_wconf 63' lang='lat' dir='ltr'><strong>Satisfadhim</strong></span> <span class='ocrx_word' id='word_1_611' title='bbox 1842 1525 1874 1556; x_wconf 87' lang='lat'>&amp;</span> <span class='ocrx_word' id='word_1_612' title='bbox 1887 1525 2074 1558; x_wconf 86' lang='lat' dir='ltr'><strong>Persolutuin.</strong></span> 
     </span>
     <span class='ocr_line' id='line_1_65' title="bbox 1526 1602 1966 1641; baseline 0.005 -11"><span class='ocrx_word' id='word_1_613' title='bbox 1526 1602 1652 1641; x_wconf 80' lang='lat' dir='ltr'><strong>Sequitur</strong></span> <span class='ocrx_word' id='word_1_614' title='bbox 1667 1604 1753 1632; x_wconf 87' lang='lat' dir='ltr'><strong>Tenor</strong></span> <span class='ocrx_word' id='word_1_615' title='bbox 1771 1602 1966 1641; x_wconf 78' lang='lat' dir='ltr'><strong>Commiffi&#39;onir.</strong></span> 
     </span>
    </p>
   </div>
   <div class='ocr_carea' id='block_1_22' title="bbox 1217 1675 2276 1728">
    <p class='ocr_par' dir='ltr' id='par_1_29' title="bbox 1217 1675 2276 1728">
     <span class='ocr_line' id='line_1_66' title="bbox 1217 1675 2276 1728; baseline 0.002 -22"><span class='ocrx_word' id='word_1_616' title='bbox 1217 1675 1338 1728; x_wconf 80' lang='lat' dir='ltr'><strong>ANne</strong></span> <span class='ocrx_word' id='word_1_617' title='bbox 1346 1700 1356 1716; x_wconf 83' lang='lat'><strong>,</strong></span> <span class='ocrx_word' id='word_1_618' title='bbox 1374 1686 1421 1716; x_wconf 88' lang='lat' dir='ltr'><strong>par</strong></span> <span class='ocrx_word' id='word_1_619' title='bbox 1436 1677 1461 1708; x_wconf 86' lang='lat' dir='ltr'><strong>la</strong></span> <span class='ocrx_word' id='word_1_620' title='bbox 1471 1676 1567 1708; x_wconf 88' lang='lat' dir='ltr'><strong>Grace</strong></span> <span class='ocrx_word' id='word_1_621' title='bbox 1580 1677 1616 1708; x_wconf 90' lang='lat' dir='ltr'><strong>de</strong></span> <span class='ocrx_word' id='word_1_622' title='bbox 1629 1677 1725 1718; x_wconf 81' lang='lat' dir='ltr'><strong>Dieu,</strong></span> <span class='ocrx_word' id='word_1_623' title='bbox 1742 1678 1871 1718; x_wconf 80' lang='lat' dir='ltr'><strong>Ducheffe</strong></span> <span class='ocrx_word' id='word_1_624' title='bbox 1885 1678 1916 1708; x_wconf 86' lang='lat' dir='ltr'><strong>de</strong></span> <span class='ocrx_word' id='word_1_625' title='bbox 1931 1681 2093 1718; x_wconf 86' lang='lat' dir='ltr'><strong>Bretaigne,</strong></span> <span class='ocrx_word' id='word_1_626' title='bbox 2110 1678 2229 1718; x_wconf 84' lang='lat' dir='ltr'><strong>Conteffe</strong></span> <span class='ocrx_word' id='word_1_627' title='bbox 2243 1677 2276 1708; x_wconf 81' lang='lat' dir='ltr'><strong>de</strong></span> 
     </span>
    </p>
   </div>
   <div class='ocr_carea' id='block_1_23' title="bbox 0 1714 2281 1910">
    <p class='ocr_par' dir='ltr' id='par_1_30' title="bbox 0 1714 2279 1803">
     <span class='ocr_line' id='line_1_67' title="bbox 0 1714 2279 1757; baseline 0.002 -13"><span class='ocrx_word' id='word_1_628' title='bbox 0 1735 43 1756; x_wconf 44' lang='lat' dir='ltr'><strong>nn,</strong></span> <span class='ocrx_word' id='word_1_629' title='bbox 58 1725 89 1756; x_wconf 82' lang='lat' dir='ltr'>D</span> <span class='ocrx_word' id='word_1_630' title='bbox 176 1715 304 1757; x_wconf 71' lang='lat' dir='ltr'><strong>Niveifis</strong></span> <span class='ocrx_word' id='word_1_631' title='bbox 326 1715 364 1750; x_wconf 59' lang='grc' dir='ltr'><strong>ῤ’</strong></span> <span class='ocrx_word' id='word_1_632' title='bbox 382 1715 512 1753; x_wconf 75' lang='lat' dir='ltr'><strong>Singulis,</strong></span> <span class='ocrx_word' id='word_1_633' title='bbox 535 1715 569 1745; x_wconf 89' lang='lat' dir='ltr'><strong>ad</strong></span> <span class='ocrx_word' id='word_1_634' title='bbox 586 1725 657 1754; x_wconf 87' lang='lat' dir='ltr'><strong>quos</strong></span> <span class='ocrx_word' id='word_1_635' title='bbox 677 1714 824 1753; x_wconf 83' lang='lat' dir='ltr'><strong>praesentes</strong></span> <span class='ocrx_word' id='word_1_636' title='bbox 847 1715 960 1745; x_wconf 61' lang='lat' dir='ltr'><strong>Litterae</strong></span> <span class='ocrx_word' id='word_1_637' title='bbox 985 1716 1181 1754; x_wconf 82' lang='lat' dir='ltr'><strong>pervenerint,</strong></span> <span class='ocrx_word' id='word_1_638' title='bbox 1292 1715 1450 1756; x_wconf 72' lang='lat' dir='ltr'><strong>Montfort,</strong></span> <span class='ocrx_word' id='word_1_639' title='bbox 1475 1716 1507 1745; x_wconf 85' lang='lat' dir='ltr'><strong>de</strong></span> <span class='ocrx_word' id='word_1_640' title='bbox 1530 1716 1707 1754; x_wconf 80' lang='lat' dir='ltr'><strong>Richemond,</strong></span> <span class='ocrx_word' id='word_1_641' title='bbox 1725 1716 1910 1757; x_wconf 77' lang='lat' dir='ltr'><strong>d’Estampes,</strong></span> <span class='ocrx_word' id='word_1_642' title='bbox 1929 1718 1962 1748; x_wconf 89' lang='lat'>&amp;</span> <span class='ocrx_word' id='word_1_643' title='bbox 1986 1718 2019 1747; x_wconf 85' lang='lat' dir='ltr'><strong>de</strong></span> <span class='ocrx_word' id='word_1_644' title='bbox 2041 1720 2156 1756; x_wconf 68' lang='lat' dir='ltr'><strong>Verius,</strong></span> <span class='ocrx_word' id='word_1_645' title='bbox 2173 1727 2189 1748; x_wconf 89' lang='lat' dir='ltr'><strong>a</strong></span> <span class='ocrx_word' id='word_1_646' title='bbox 2214 1726 2279 1748; x_wconf 79' lang='lat' dir='ltr'><strong>tous</strong></span> 
     </span>
     <span class='ocr_line' id='line_1_68' title="bbox 0 1748 1969 1803; baseline 0.002 -20"><span class='ocrx_word' id='word_1_647' title='bbox 0 1773 75 1803; x_wconf 55' lang='lat'><strong>490·</strong></span> <span class='ocrx_word' id='word_1_648' title='bbox 89 1748 98 1756; x_wconf 66' lang='lat'><em>⁶</em></span> <span class='ocrx_word' id='word_1_649' title='bbox 187 1753 255 1783; x_wconf 91' lang='lat' dir='ltr'><strong>Nos</strong></span> <span class='ocrx_word' id='word_1_650' title='bbox 277 1753 411 1792; x_wconf 81' lang='lat' dir='ltr'><strong>Philippus</strong></span> <span class='ocrx_word' id='word_1_651' title='bbox 434 1755 467 1783; x_wconf 81' lang='lat' dir='ltr'><strong>de</strong></span> <span class='ocrx_word' id='word_1_652' title='bbox 487 1754 661 1783; x_wconf 79' lang='lat' dir='ltr'><strong>Montauban</strong></span> <span class='ocrx_word' id='word_1_653' title='bbox 681 1754 766 1784; x_wconf 87' lang='lat' dir='ltr'><strong>Miles</strong></span> <span class='ocrx_word' id='word_1_654' title='bbox 787 1753 931 1783; x_wconf 89' lang='lat' dir='ltr'><strong>Dominus</strong></span> <span class='ocrx_word' id='word_1_655' title='bbox 950 1754 986 1783; x_wconf 93' lang='lat' dir='ltr'><strong>de</strong></span> <span class='ocrx_word' id='word_1_656' title='bbox 1003 1754 1072 1785; x_wconf 87' lang='lat' dir='ltr'><strong>Sens</strong></span> <span class='ocrx_word' id='word_1_657' title='bbox 1091 1756 1124 1786; x_wconf 89' lang='lat'>&amp;</span> <span class='ocrx_word' id='word_1_658' title='bbox 1145 1756 1181 1786; x_wconf 91' lang='lat' dir='ltr'><strong>de</strong></span> <span class='ocrx_word' id='word_1_659' title='bbox 1216 1752 1318 1791; x_wconf 74' lang='lat' dir='ltr'><strong>ceulx,</strong></span> <span class='ocrx_word' id='word_1_660' title='bbox 1337 1755 1385 1792; x_wconf 88' lang='lat' dir='ltr'><strong>qui</strong></span> <span class='ocrx_word' id='word_1_661' title='bbox 1401 1765 1447 1785; x_wconf 88' lang='lat' dir='ltr'><strong>ces</strong></span> <span class='ocrx_word' id='word_1_662' title='bbox 1461 1754 1598 1792; x_wconf 77' lang='lat' dir='ltr'><strong>presentes</strong></span> <span class='ocrx_word' id='word_1_663' title='bbox 1612 1755 1720 1786; x_wconf 89' lang='lat' dir='ltr'><strong>Lettres</strong></span> <span class='ocrx_word' id='word_1_664' title='bbox 1733 1765 1863 1793; x_wconf 81' lang='lat' dir='ltr'><strong>verront,</strong></span> <span class='ocrx_word' id='word_1_665' title='bbox 1882 1755 1969 1786; x_wconf 86' lang='lat' dir='ltr'><strong>Salut.</strong></span> 
     </span>
    </p>

    <p class='ocr_par' dir='ltr' id='par_1_31' title="bbox 0 1788 2281 1910">
     <span class='ocr_line' id='line_1_69' title="bbox 0 1788 2279 1839; baseline 0.002 -20"><span class='ocrx_word' id='word_1_666' title='bbox 0 1790 22 1831; x_wconf 45' lang='lat' dir='ltr'><strong>&#39;m</strong></span> <span class='ocrx_word' id='word_1_667' title='bbox 39 1813 65 1839; x_wconf 49' lang='lat'><strong>5·</strong></span> <span class='ocrx_word' id='word_1_668' title='bbox 122 1788 296 1823; x_wconf 89' lang='lat' dir='ltr'><strong>Gonneville</strong></span> <span class='ocrx_word' id='word_1_669' title='bbox 312 1792 462 1823; x_wconf 85' lang='lat' dir='ltr'><strong>Britanniae</strong></span> <span class='ocrx_word' id='word_1_670' title='bbox 474 1792 682 1829; x_wconf 77' lang='lat' dir='ltr'><strong>Cancellarius,</strong></span> <span class='ocrx_word' id='word_1_671' title='bbox 699 1792 862 1822; x_wconf 80' lang='lat' dir='ltr'><strong>Guillermus</strong></span> <span class='ocrx_word' id='word_1_672' title='bbox 869 1792 1026 1822; x_wconf 79' lang='lat' dir='ltr'><strong>Guillemeet</strong></span> <span class='ocrx_word' id='word_1_673' title='bbox 1037 1793 1181 1824; x_wconf 83' lang='lat' dir='ltr'><strong>Dominus</strong></span> <span class='ocrx_word' id='word_1_674' title='bbox 1255 1790 1384 1823; x_wconf 89' lang='lat' dir='ltr'><strong>Comme</strong></span> <span class='ocrx_word' id='word_1_675' title='bbox 1398 1803 1445 1830; x_wconf 80' lang='lat' dir='ltr'><strong>par</strong></span> <span class='ocrx_word' id='word_1_676' title='bbox 1459 1801 1541 1823; x_wconf 83' lang='lat' dir='ltr'><strong>avant</strong></span> <span class='ocrx_word' id='word_1_677' title='bbox 1557 1803 1603 1824; x_wconf 88' lang='lat' dir='ltr'><strong>ces</strong></span> <span class='ocrx_word' id='word_1_678' title='bbox 1616 1793 1728 1830; x_wconf 87' lang='lat' dir='ltr'><strong>heures,</strong></span> <span class='ocrx_word' id='word_1_679' title='bbox 1749 1794 1877 1832; x_wconf 82' lang='lat' dir='ltr'><strong>bonnes,</strong></span> <span class='ocrx_word' id='word_1_680' title='bbox 1897 1803 2014 1834; x_wconf 87' lang='lat' dir='ltr'><strong>vroyes,</strong></span> <span class='ocrx_word' id='word_1_681' title='bbox 2032 1794 2160 1834; x_wconf 89' lang='lat' dir='ltr'><strong>loyalles,</strong></span> <span class='ocrx_word' id='word_1_682' title='bbox 2173 1796 2279 1832; x_wconf 85' lang='lat' dir='ltr'><strong>&amp;per-</strong></span> 
     </span>
     <span class='ocr_line' id='line_1_70' title="bbox 0 1827 2278 1876; baseline 0.002 -18"><span class='ocrx_word' id='word_1_683' title='bbox 0 1863 6 1869; x_wconf 46' lang='grc'><strong><em>·</em></strong></span> <span class='ocrx_word' id='word_1_684' title='bbox 20 1851 46 1876; x_wconf 46' lang='lat'><strong>7·</strong></span> <span class='ocrx_word' id='word_1_685' title='bbox 119 1827 154 1859; x_wconf 90' lang='lat' dir='ltr'><strong>de</strong></span> <span class='ocrx_word' id='word_1_686' title='bbox 164 1829 322 1869; x_wconf 88' lang='lat' dir='ltr'><strong>Botbelitz,</strong></span> <span class='ocrx_word' id='word_1_687' title='bbox 340 1830 478 1869; x_wconf 82' lang='lat' dir='ltr'><strong>Magister</strong></span> <span class='ocrx_word' id='word_1_688' title='bbox 491 1833 588 1860; x_wconf 74' lang='lat' dir='ltr'><strong>Petrus</strong></span> <span class='ocrx_word' id='word_1_689' title='bbox 597 1830 690 1860; x_wconf 77' lang='lat' dir='ltr'><strong>eomlu</strong></span> <span class='ocrx_word' id='word_1_690' title='bbox 703 1831 871 1860; x_wconf 77' lang='lat' dir='ltr'><strong>Senescallus</strong></span> <span class='ocrx_word' id='word_1_691' title='bbox 880 1832 914 1861; x_wconf 89' lang='lat' dir='ltr'><strong>de</strong></span> <span class='ocrx_word' id='word_1_692' title='bbox 929 1830 1112 1870; x_wconf 77' lang='lat' dir='ltr'><strong>Guingamp,</strong></span> <span class='ocrx_word' id='word_1_693' title='bbox 1130 1832 1180 1863; x_wconf 83' lang='lat' dir='ltr'><strong>Se-</strong></span> <span class='ocrx_word' id='word_1_694' title='bbox 1230 1830 1337 1871; x_wconf 57' lang='lat' dir='ltr'><strong>⁹etuelle</strong></span> <span class='ocrx_word' id='word_1_695' title='bbox 1357 1831 1425 1861; x_wconf 83' lang='lat' dir='ltr'><strong>Paix</strong></span> <span class='ocrx_word' id='word_1_696' title='bbox 1441 1832 1474 1862; x_wconf 93' lang='lat'>&amp;</span> <span class='ocrx_word' id='word_1_697' title='bbox 1490 1831 1580 1861; x_wconf 86' lang='lat' dir='ltr'><strong>finalle</strong></span> <span class='ocrx_word' id='word_1_698' title='bbox 1603 1833 1768 1870; x_wconf 88' lang='lat' dir='ltr'><strong>concorde,</strong></span> <span class='ocrx_word' id='word_1_699' title='bbox 1787 1833 1940 1872; x_wconf 86' lang='lat' dir='ltr'><strong>Amytiez,</strong></span> <span class='ocrx_word' id='word_1_700' title='bbox 1957 1832 2200 1871; x_wconf 80' lang='lat' dir='ltr'><strong>confederations,</strong></span> <span class='ocrx_word' id='word_1_701' title='bbox 2226 1833 2278 1863; x_wconf 91' lang='lat' dir='ltr'><strong>Al-</strong></span> 
     </span>
     <span class='ocr_line' id='line_1_71' title="bbox 0 1868 2281 1910; baseline 0.001 -13"><span class='ocrx_word' id='word_1_702' title='bbox 0 1890 11 1907; x_wconf 60' lang='lat'>„</span> <span class='ocrx_word' id='word_1_703' title='bbox 24 1883 81 1908; x_wconf 67' lang='lat' dir='ltr'><strong>Au,</strong></span> <span class='ocrx_word' id='word_1_704' title='bbox 122 1868 272 1899; x_wconf 79' lang='lat' dir='ltr'><strong>renisfimae</strong></span> <span class='ocrx_word' id='word_1_705' title='bbox 289 1868 426 1906; x_wconf 88' lang='lat' dir='ltr'><strong>Principis</strong></span> <span class='ocrx_word' id='word_1_706' title='bbox 445 1870 479 1899; x_wconf 89' lang='lat'>&amp;</span> <span class='ocrx_word' id='word_1_707' title='bbox 492 1868 633 1899; x_wconf 79' lang='lat' dir='ltr'><strong>Dominae</strong></span> <span class='ocrx_word' id='word_1_708' title='bbox 649 1869 753 1899; x_wconf 88' lang='lat' dir='ltr'><strong>nostrae</strong></span> <span class='ocrx_word' id='word_1_709' title='bbox 767 1869 914 1908; x_wconf 85' lang='lat' dir='ltr'><strong>Supremae</strong></span> <span class='ocrx_word' id='word_1_710' title='bbox 935 1869 1050 1909; x_wconf 72' lang='lat' dir='ltr'><strong>Duciffie</strong></span> <span class='ocrx_word' id='word_1_711' title='bbox 1065 1873 1183 1901; x_wconf 75' lang='lat' dir='ltr'><strong>Britan·</strong></span> <span class='ocrx_word' id='word_1_712' title='bbox 1238 1876 1336 1907; x_wconf 82' lang='lat' dir='ltr'><strong>ances,</strong></span> <span class='ocrx_word' id='word_1_713' title='bbox 1355 1871 1465 1900; x_wconf 92' lang='lat' dir='ltr'><strong>bonnes</strong></span> <span class='ocrx_word' id='word_1_714' title='bbox 1480 1870 1870 1908; x_wconf 82' lang='lat' dir='ltr'><strong>intelligences,Entrecours</strong></span> <span class='ocrx_word' id='word_1_715' title='bbox 1877 1871 1913 1900; x_wconf 85' lang='lat' dir='ltr'><strong>de</strong></span> <span class='ocrx_word' id='word_1_716' title='bbox 1923 1869 2110 1901; x_wconf 86' lang='lat' dir='ltr'><strong>Marchandie</strong></span> <span class='ocrx_word' id='word_1_717' title='bbox 2121 1895 2130 1910; x_wconf 97' lang='lat'><strong>,</strong></span> <span class='ocrx_word' id='word_1_718' title='bbox 2147 1871 2281 1908; x_wconf 86' lang='lat' dir='ltr'><strong>Secours,</strong></span> 
     </span>
    </p>
   </div>
   <div class='ocr_carea' id='block_1_24' title="bbox 15 3877 110 3951">
    <p class='ocr_par' dir='ltr' id='par_1_32' title="bbox 15 3877 110 3951">
     <span class='ocr_line' id='line_1_72' title="bbox 41 3877 110 3905; baseline 0.014 -1"><span class='ocrx_word' id='word_1_719' title='bbox 41 3877 110 3905; x_wconf 87' lang='lat' dir='ltr'>XII.</span> 
     </span>
     <span class='ocr_line' id='line_1_73' title="bbox 15 3923 69 3951; baseline 0.056 -10"><span class='ocrx_word' id='word_1_720' title='bbox 15 3923 69 3951; x_wconf 77' lang='lat'><strong>⁹5·</strong></span> 
     </span>
    </p>
   </div>
   <div class='ocr_carea' id='block_1_25' title="bbox 121 1906 1213 4060">
    <p class='ocr_par' dir='ltr' id='par_1_33' title="bbox 124 1906 714 1946">
     <span class='ocr_line' id='line_1_74' title="bbox 124 1906 714 1946; baseline 0.003 -11"><span class='ocrx_word' id='word_1_721' title='bbox 124 1910 178 1936; x_wconf 81' lang='lat' dir='ltr'><strong>niae</strong></span> <span class='ocrx_word' id='word_1_722' title='bbox 191 1906 324 1938; x_wconf 84' lang='lat' dir='ltr'><strong>Oratores</strong></span> <span class='ocrx_word' id='word_1_723' title='bbox 337 1908 370 1938; x_wconf 87' lang='lat'>&amp;</span> <span class='ocrx_word' id='word_1_724' title='bbox 390 1908 545 1946; x_wconf 85' lang='lat' dir='ltr'><strong>Depputati</strong></span> <span class='ocrx_word' id='word_1_725' title='bbox 554 1930 564 1946; x_wconf 92' lang='lat'><strong>,</strong></span> <span class='ocrx_word' id='word_1_726' title='bbox 579 1907 714 1938; x_wconf 88' lang='lat' dir='ltr'><strong>Salutem.</strong></span> 
     </span>
    </p>

    <p class='ocr_par' dir='ltr' id='par_1_34' title="bbox 158 1945 421 1985">
     <span class='ocr_line' id='line_1_75' title="bbox 158 1945 421 1985; baseline 0.011 -11"><span class='ocrx_word' id='word_1_727' title='bbox 158 1945 310 1975; x_wconf 89' lang='lat' dir='ltr'><strong>Noveritis</strong></span> <span class='ocrx_word' id='word_1_728' title='bbox 323 1946 402 1985; x_wconf 81' lang='lat' dir='ltr'><strong>quod</strong></span> <span class='ocrx_word' id='word_1_729' title='bbox 412 1969 421 1984; x_wconf 88' lang='lat'><strong>,</strong></span> 
     </span>
    </p>

    <p class='ocr_par' dir='ltr' id='par_1_35' title="bbox 121 1982 1194 2938">
     <span class='ocr_line' id='line_1_76' title="bbox 158 1982 1184 2023; baseline 0.003 -10"><span class='ocrx_word' id='word_1_730' title='bbox 158 1982 239 2014; x_wconf 84' lang='lat' dir='ltr'><strong>Cum</strong></span> <span class='ocrx_word' id='word_1_731' title='bbox 250 1986 311 2022; x_wconf 87' lang='lat' dir='ltr'><strong>jam</strong></span> <span class='ocrx_word' id='word_1_732' title='bbox 327 1994 416 2023; x_wconf 85' lang='lat' dir='ltr'><strong>nuper</strong></span> <span class='ocrx_word' id='word_1_733' title='bbox 436 1984 564 2022; x_wconf 85' lang='lat' dir='ltr'><strong>(scilicet)</strong></span> <span class='ocrx_word' id='word_1_734' title='bbox 584 1983 709 2015; x_wconf 69' lang='lat' dir='ltr'><strong>Decima</strong></span> <span class='ocrx_word' id='word_1_735' title='bbox 725 1983 782 2015; x_wconf 90' lang='lat' dir='ltr'><strong>Die</strong></span> <span class='ocrx_word' id='word_1_736' title='bbox 798 1984 906 2015; x_wconf 88' lang='lat' dir='ltr'><strong>Mensis</strong></span> <span class='ocrx_word' id='word_1_737' title='bbox 921 1984 1077 2023; x_wconf 83' lang='lat' dir='ltr'><strong>Februarii,</strong></span> <span class='ocrx_word' id='word_1_738' title='bbox 1096 1985 1184 2016; x_wconf 88' lang='lat' dir='ltr'><strong>Anno</strong></span> 
     </span>
     <span class='ocr_line' id='line_1_77' title="bbox 121 2019 1186 2063; baseline 0.002 -11"><span class='ocrx_word' id='word_1_739' title='bbox 121 2019 247 2052; x_wconf 85' lang='lat' dir='ltr'>Domini</span> <span class='ocrx_word' id='word_1_740' title='bbox 265 2022 437 2060; x_wconf 83' lang='lat' dir='ltr'><strong>Millesimo,</strong></span> <span class='ocrx_word' id='word_1_741' title='bbox 457 2023 757 2061; x_wconf 77' lang='lat' dir='ltr'><strong>Qiadringentefimo,</strong></span> <span class='ocrx_word' id='word_1_742' title='bbox 774 2023 980 2062; x_wconf 67' lang='lat' dir='ltr'><strong>Oetuagesimo</strong></span> <span class='ocrx_word' id='word_1_743' title='bbox 989 2023 1125 2063; x_wconf 57' lang='lat' dir='ltr'><strong>Oktavo,</strong></span> <span class='ocrx_word' id='word_1_744' title='bbox 1140 2026 1186 2054; x_wconf 87' lang='lat' dir='ltr'><strong>in-</strong></span> 
     </span>
     <span class='ocr_line' id='line_1_78' title="bbox 123 2060 1185 2100; baseline 0.001 -9"><span class='ocrx_word' id='word_1_745' title='bbox 123 2069 166 2091; x_wconf 87' lang='lat' dir='ltr'><strong>ter</strong></span> <span class='ocrx_word' id='word_1_746' title='bbox 180 2061 249 2099; x_wconf 86' lang='lat' dir='ltr'><strong>alia,</strong></span> <span class='ocrx_word' id='word_1_747' title='bbox 268 2061 419 2100; x_wconf 81' lang='lat' dir='ltr'><strong>specialiter</strong></span> <span class='ocrx_word' id='word_1_748' title='bbox 433 2060 690 2092; x_wconf 88' lang='lat' dir='ltr'><strong>Coinrnunicatum</strong></span> <span class='ocrx_word' id='word_1_749' title='bbox 706 2062 739 2092; x_wconf 88' lang='lat'>&amp;</span> <span class='ocrx_word' id='word_1_750' title='bbox 761 2060 981 2092; x_wconf 87' lang='lat' dir='ltr'><strong>Concordatum</strong></span> <span class='ocrx_word' id='word_1_751' title='bbox 999 2063 1028 2092; x_wconf 81' lang='lat' dir='ltr'><strong>lit</strong></span> <span class='ocrx_word' id='word_1_752' title='bbox 1051 2063 1120 2093; x_wconf 91' lang='lat' dir='ltr'><strong>inter</strong></span> <span class='ocrx_word' id='word_1_753' title='bbox 1136 2066 1185 2092; x_wconf 70' lang='grc' dir='ltr'><strong>Κι-</strong></span> 
     </span>
     <span class='ocr_line' id='line_1_79' title="bbox 124 2099 1185 2139; baseline 0.003 -11"><span class='ocrx_word' id='word_1_754' title='bbox 124 2100 234 2129; x_wconf 86' lang='lat' dir='ltr'><strong>cara&#39;um</strong></span> <span class='ocrx_word' id='word_1_755' title='bbox 247 2101 407 2137; x_wconf 86' lang='lat' dir='ltr'><strong>Eggecombe</strong></span> <span class='ocrx_word' id='word_1_756' title='bbox 423 2100 548 2130; x_wconf 86' lang='lat' dir='ltr'><strong>Militem</strong></span> <span class='ocrx_word' id='word_1_757' title='bbox 565 2109 654 2139; x_wconf 86' lang='lat' dir='ltr'><strong>nuper</strong></span> <span class='ocrx_word' id='word_1_758' title='bbox 671 2099 794 2137; x_wconf 85' lang='lat' dir='ltr'><strong>Hospitii</strong></span> <span class='ocrx_word' id='word_1_759' title='bbox 802 2099 975 2130; x_wconf 75' lang='lat' dir='ltr'><strong>illustriffimi</strong></span> <span class='ocrx_word' id='word_1_760' title='bbox 987 2100 1185 2138; x_wconf 77' lang='lat' dir='ltr'><strong>RegisAngliae</strong></span> 
     </span>
     <span class='ocr_line' id='line_1_80' title="bbox 124 2136 1184 2178; baseline 0.004 -12"><span class='ocrx_word' id='word_1_761' title='bbox 124 2136 164 2172; x_wconf 68' lang='grc' dir='ltr'><strong>ό·</strong></span> <span class='ocrx_word' id='word_1_762' title='bbox 188 2140 327 2176; x_wconf 67' lang='grc' dir='ltr'><strong>Ρναησίιε,</strong></span> <span class='ocrx_word' id='word_1_763' title='bbox 351 2149 384 2169; x_wconf 91' lang='lat' dir='ltr'><strong>ac</strong></span> <span class='ocrx_word' id='word_1_764' title='bbox 405 2142 516 2168; x_wconf 73' lang='lat' dir='ltr'><strong>Domini</strong></span> <span class='ocrx_word' id='word_1_765' title='bbox 538 2139 676 2167; x_wconf 78' lang='lat' dir='ltr'><strong>Hiberniae</strong></span> <span class='ocrx_word' id='word_1_766' title='bbox 699 2138 1014 2177; x_wconf 83' lang='lat' dir='ltr'><strong>Contrarotulatorem,</strong></span> <span class='ocrx_word' id='word_1_767' title='bbox 1032 2141 1065 2170; x_wconf 69' lang='grc' dir='ltr'><strong>ὅς</strong></span> <span class='ocrx_word' id='word_1_768' title='bbox 1090 2140 1184 2178; x_wconf 87' lang='lat' dir='ltr'><strong>Magi-</strong></span> 
     </span>
     <span class='ocr_line' id='line_1_81' title="bbox 125 2175 1185 2217; baseline 0.004 -13"><span class='ocrx_word' id='word_1_769' title='bbox 125 2175 215 2205; x_wconf 86' lang='lat' dir='ltr'><strong>strum</strong></span> <span class='ocrx_word' id='word_1_770' title='bbox 228 2178 375 2206; x_wconf 82' lang='lat' dir='ltr'><strong>Henricum</strong></span> <span class='ocrx_word' id='word_1_771' title='bbox 389 2177 577 2217; x_wconf 69' lang='lat' dir='ltr'><strong>Aynesworth</strong></span> <span class='ocrx_word' id='word_1_772' title='bbox 592 2177 701 2215; x_wconf 84' lang='lat' dir='ltr'><strong>Legum</strong></span> <span class='ocrx_word' id='word_1_773' title='bbox 719 2176 882 2208; x_wconf 66' lang='lat' dir='ltr'><strong>Doetorem</strong></span> <span class='ocrx_word' id='word_1_774' title='bbox 899 2178 929 2206; x_wconf 88' lang='lat' dir='ltr'><strong>in</strong></span> <span class='ocrx_word' id='word_1_775' title='bbox 943 2177 1055 2208; x_wconf 85' lang='lat' dir='ltr'><strong>Officio</strong></span> <span class='ocrx_word' id='word_1_776' title='bbox 1077 2178 1185 2209; x_wconf 87' lang='lat' dir='ltr'><strong>Privati</strong></span> 
     </span>
     <span class='ocr_line' id='line_1_82' title="bbox 123 2213 1185 2254; baseline 0.003 -10"><span class='ocrx_word' id='word_1_777' title='bbox 123 2213 215 2253; x_wconf 89' lang='lat' dir='ltr'><strong>Sigilli</strong></span> <span class='ocrx_word' id='word_1_778' title='bbox 227 2215 296 2245; x_wconf 66' lang='lat' dir='ltr'><strong>dieti</strong></span> <span class='ocrx_word' id='word_1_779' title='bbox 313 2215 489 2246; x_wconf 80' lang='lat' dir='ltr'><strong>illustrissimi</strong></span> <span class='ocrx_word' id='word_1_780' title='bbox 506 2216 628 2246; x_wconf 84' lang='lat' dir='ltr'><strong>Domini</strong></span> <span class='ocrx_word' id='word_1_781' title='bbox 637 2216 724 2254; x_wconf 86' lang='lat' dir='ltr'><strong>Regis</strong></span> <span class='ocrx_word' id='word_1_782' title='bbox 740 2215 963 2253; x_wconf 80' lang='lat' dir='ltr'><strong>Secundarium,</strong></span> <span class='ocrx_word' id='word_1_783' title='bbox 979 2217 1041 2247; x_wconf 89' lang='lat' dir='ltr'><strong>suos</strong></span> <span class='ocrx_word' id='word_1_784' title='bbox 1050 2218 1185 2247; x_wconf 86' lang='lat' dir='ltr'><strong>verosad-</strong></span> 
     </span>
     <span class='ocr_line' id='line_1_83' title="bbox 125 2253 1187 2293; baseline 0.004 -11"><span class='ocrx_word' id='word_1_785' title='bbox 125 2260 195 2282; x_wconf 80' lang='lat' dir='ltr'><strong>tunc</strong></span> <span class='ocrx_word' id='word_1_786' title='bbox 211 2254 243 2284; x_wconf 71' lang='grc' dir='ltr'><strong>δε</strong></span> <span class='ocrx_word' id='word_1_787' title='bbox 259 2254 429 2284; x_wconf 86' lang='lat' dir='ltr'><strong>indubitatos</strong></span> <span class='ocrx_word' id='word_1_788' title='bbox 450 2254 682 2292; x_wconf 82' lang='lat' dir='ltr'><strong>Ambaffiatores,</strong></span> <span class='ocrx_word' id='word_1_789' title='bbox 702 2253 936 2291; x_wconf 80' lang='lat' dir='ltr'><strong>Commiffarios,</strong></span> <span class='ocrx_word' id='word_1_790' title='bbox 959 2254 1134 2293; x_wconf 83' lang='lat' dir='ltr'><strong>DeputatOS,</strong></span> <span class='ocrx_word' id='word_1_791' title='bbox 1152 2256 1187 2286; x_wconf 89' lang='lat'>&amp;</span> 
     </span>
     <span class='ocr_line' id='line_1_84' title="bbox 125 2290 1188 2331; baseline 0.004 -11"><span class='ocrx_word' id='word_1_792' title='bbox 125 2290 261 2321; x_wconf 85' lang='lat' dir='ltr'><strong>Oratores</strong></span> <span class='ocrx_word' id='word_1_793' title='bbox 274 2302 307 2322; x_wconf 82' lang='lat' dir='ltr'><strong>ex</strong></span> <span class='ocrx_word' id='word_1_794' title='bbox 320 2292 376 2323; x_wconf 63' lang='lat' dir='ltr'><strong>unii</strong></span> <span class='ocrx_word' id='word_1_795' title='bbox 392 2291 488 2331; x_wconf 78' lang='lat' dir='ltr'><strong>Parte,</strong></span> <span class='ocrx_word' id='word_1_796' title='bbox 506 2294 538 2323; x_wconf 89' lang='lat'>&amp;</span> <span class='ocrx_word' id='word_1_797' title='bbox 553 2292 663 2322; x_wconf 65' lang='lat' dir='ltr'><strong>dictum</strong></span> <span class='ocrx_word' id='word_1_798' title='bbox 683 2291 815 2330; x_wconf 78' lang='lat' dir='ltr'><strong>Philtpum</strong></span> <span class='ocrx_word' id='word_1_799' title='bbox 831 2292 864 2322; x_wconf 88' lang='lat' dir='ltr'><strong>de</strong></span> <span class='ocrx_word' id='word_1_800' title='bbox 885 2293 1059 2323; x_wconf 81' lang='lat' dir='ltr'><em>Montauban</em></span> <span class='ocrx_word' id='word_1_801' title='bbox 1074 2293 1165 2324; x_wconf 84' lang='lat' dir='ltr'><strong>Britan</strong></span> <span class='ocrx_word' id='word_1_802' title='bbox 1175 2311 1188 2317; x_wconf 92' lang='lat'><strong>·</strong></span> 
     </span>
     <span class='ocr_line' id='line_1_85' title="bbox 125 2329 1189 2369; baseline 0.005 -11"><span class='ocrx_word' id='word_1_803' title='bbox 125 2330 180 2359; x_wconf 86' lang='lat' dir='ltr'><strong>niae</strong></span> <span class='ocrx_word' id='word_1_804' title='bbox 204 2329 430 2369; x_wconf 84' lang='lat' dir='ltr'><strong>Cancellarium,</strong></span> <span class='ocrx_word' id='word_1_805' title='bbox 446 2341 480 2361; x_wconf 91' lang='lat' dir='ltr'><strong>ac</strong></span> <span class='ocrx_word' id='word_1_806' title='bbox 503 2330 679 2360; x_wconf 75' lang='lat' dir='ltr'><strong>Guillermum</strong></span> <span class='ocrx_word' id='word_1_807' title='bbox 701 2334 824 2368; x_wconf 81' lang='lat' dir='ltr'><strong>Gaeguen</strong></span> <span class='ocrx_word' id='word_1_808' title='bbox 841 2330 1082 2363; x_wconf 88' lang='lat' dir='ltr'><strong>Archidiaconum</strong></span> <span class='ocrx_word' id='word_1_809' title='bbox 1109 2332 1189 2362; x_wconf 92' lang='lat' dir='ltr'><strong>Pan—</strong></span> 
     </span>
     <span class='ocr_line' id='line_1_86' title="bbox 126 2368 1185 2409; baseline 0.002 -11"><span class='ocrx_word' id='word_1_810' title='bbox 126 2368 247 2398; x_wconf 88' lang='lat' dir='ltr'><strong>theuriae</strong></span> <span class='ocrx_word' id='word_1_811' title='bbox 260 2370 293 2400; x_wconf 65' lang='grc' dir='ltr'><strong>ὃς</strong></span> <span class='ocrx_word' id='word_1_812' title='bbox 312 2368 444 2400; x_wconf 71' lang='grc' dir='ltr'><strong>ΕΙεξῒυῐη</strong></span> <span class='ocrx_word' id='word_1_813' title='bbox 466 2369 601 2400; x_wconf 85' lang='lat' dir='ltr'><strong>Ecclesiae</strong></span> <span class='ocrx_word' id='word_1_814' title='bbox 623 2369 815 2406; x_wconf 89' lang='lat' dir='ltr'><strong>Nanetencis,</strong></span> <span class='ocrx_word' id='word_1_815' title='bbox 834 2369 866 2400; x_wconf 89' lang='lat'>&amp;</span> <span class='ocrx_word' id='word_1_816' title='bbox 882 2369 1046 2399; x_wconf 83' lang='lat' dir='ltr'><strong>Rollandum</strong></span> <span class='ocrx_word' id='word_1_817' title='bbox 1068 2370 1185 2409; x_wconf 82' lang='lat' dir='ltr'><strong>Goujau,</strong></span> 
     </span>
     <span class='ocr_line' id='line_1_87' title="bbox 127 2405 1191 2446; baseline 0.004 -10"><span class='ocrx_word' id='word_1_818' title='bbox 127 2405 212 2436; x_wconf 62' lang='lat' dir='ltr'><strong>dietae</strong></span> <span class='ocrx_word' id='word_1_819' title='bbox 225 2406 416 2437; x_wconf 84' lang='lat' dir='ltr'><strong>Illustrisfimae</strong></span> <span class='ocrx_word' id='word_1_820' title='bbox 425 2407 562 2446; x_wconf 88' lang='lat' dir='ltr'><strong>Principis</strong></span> <span class='ocrx_word' id='word_1_821' title='bbox 577 2408 609 2437; x_wconf 70' lang='grc' dir='ltr'><strong>ὃ(</strong></span> <span class='ocrx_word' id='word_1_822' title='bbox 618 2407 756 2438; x_wconf 82' lang='lat' dir='ltr'><strong>Dominae</strong></span> <span class='ocrx_word' id='word_1_823' title='bbox 770 2407 874 2437; x_wconf 85' lang='lat' dir='ltr'><strong>nostrae</strong></span> <span class='ocrx_word' id='word_1_824' title='bbox 889 2407 1036 2445; x_wconf 72' lang='lat' dir='ltr'><strong>Suprema:</strong></span> <span class='ocrx_word' id='word_1_825' title='bbox 1046 2409 1191 2440; x_wconf 88' lang='lat' dir='ltr'><strong>Commis-</strong></span> 
     </span>
     <span class='ocr_line' id='line_1_88' title="bbox 129 2444 1190 2486; baseline 0.003 -11"><span class='ocrx_word' id='word_1_826' title='bbox 129 2444 210 2475; x_wconf 82' lang='lat' dir='ltr'><strong>farios</strong></span> <span class='ocrx_word' id='word_1_827' title='bbox 229 2446 262 2475; x_wconf 90' lang='lat'>&amp;</span> <span class='ocrx_word' id='word_1_828' title='bbox 280 2446 477 2476; x_wconf 79' lang='lat' dir='ltr'><strong>Procuratores</strong></span> <span class='ocrx_word' id='word_1_829' title='bbox 490 2455 523 2476; x_wconf 82' lang='lat' dir='ltr'><strong>ex</strong></span> <span class='ocrx_word' id='word_1_830' title='bbox 537 2447 619 2476; x_wconf 86' lang='lat' dir='ltr'><strong>altera</strong></span> <span class='ocrx_word' id='word_1_831' title='bbox 635 2446 717 2476; x_wconf 87' lang='lat' dir='ltr'><strong>Parte</strong></span> <span class='ocrx_word' id='word_1_832' title='bbox 732 2446 854 2476; x_wconf 87' lang='lat' dir='ltr'><strong>similiter</strong></span> <span class='ocrx_word' id='word_1_833' title='bbox 872 2447 1041 2477; x_wconf 85' lang='lat' dir='ltr'><strong>sufficienter</strong></span> <span class='ocrx_word' id='word_1_834' title='bbox 1063 2448 1190 2486; x_wconf 84' lang='lat' dir='ltr'><strong>Deputa-</strong></span> 
     </span>
     <span class='ocr_line' id='line_1_89' title="bbox 131 2483 1189 2522; baseline 0.004 -10"><span class='ocrx_word' id='word_1_835' title='bbox 131 2491 194 2521; x_wconf 81' lang='lat' dir='ltr'><strong>tos,</strong></span> <span class='ocrx_word' id='word_1_836' title='bbox 209 2485 288 2521; x_wconf 81' lang='lat' dir='ltr'><strong>quod</strong></span> <span class='ocrx_word' id='word_1_837' title='bbox 304 2485 396 2514; x_wconf 66' lang='lat' dir='ltr'><strong>dietus</strong></span> <span class='ocrx_word' id='word_1_838' title='bbox 415 2483 614 2514; x_wconf 72' lang='lat' dir='ltr'><strong>illustrisiimus</strong></span> <span class='ocrx_word' id='word_1_839' title='bbox 632 2488 691 2514; x_wconf 82' lang='lat' dir='ltr'><strong>Rex</strong></span> <span class='ocrx_word' id='word_1_840' title='bbox 707 2484 836 2522; x_wconf 84' lang='lat' dir='ltr'><strong>Angliae,</strong></span> <span class='ocrx_word' id='word_1_841' title='bbox 856 2494 908 2521; x_wconf 88' lang='lat' dir='ltr'><strong>pro</strong></span> <span class='ocrx_word' id='word_1_842' title='bbox 925 2485 1045 2515; x_wconf 87' lang='lat' dir='ltr'><strong>Sucursu</strong></span> <span class='ocrx_word' id='word_1_843' title='bbox 1066 2488 1099 2517; x_wconf 90' lang='lat'>&amp;</span> <span class='ocrx_word' id='word_1_844' title='bbox 1116 2487 1189 2516; x_wconf 90' lang='lat' dir='ltr'><strong>Def-</strong></span> 
     </span>
     <span class='ocr_line' id='line_1_90' title="bbox 131 2522 1188 2561; baseline 0.003 -9"><span class='ocrx_word' id='word_1_845' title='bbox 131 2522 259 2553; x_wconf 82' lang='lat' dir='ltr'><strong>feniione</strong></span> <span class='ocrx_word' id='word_1_846' title='bbox 275 2523 354 2552; x_wconf 69' lang='lat' dir='ltr'><strong>dic&#39;lae</strong></span> <span class='ocrx_word' id='word_1_847' title='bbox 373 2526 497 2553; x_wconf 69' lang='lat' dir='ltr'><strong>Domine</strong></span> <span class='ocrx_word' id='word_1_848' title='bbox 512 2522 607 2560; x_wconf 78' lang='lat' dir='ltr'><strong>nostrae</strong></span> <span class='ocrx_word' id='word_1_849' title='bbox 622 2524 654 2553; x_wconf 88' lang='lat'>&amp;</span> <span class='ocrx_word' id='word_1_850' title='bbox 671 2523 770 2553; x_wconf 82' lang='lat' dir='ltr'><strong>Patriae</strong></span> <span class='ocrx_word' id='word_1_851' title='bbox 784 2523 839 2553; x_wconf 86' lang='lat' dir='ltr'><strong>suae</strong></span> <span class='ocrx_word' id='word_1_852' title='bbox 858 2522 1004 2561; x_wconf 79' lang='lat' dir='ltr'><strong>Britaniae,</strong></span> <span class='ocrx_word' id='word_1_853' title='bbox 1022 2525 1146 2555; x_wconf 87' lang='lat' dir='ltr'><strong>mitteret</strong></span> <span class='ocrx_word' id='word_1_854' title='bbox 1160 2526 1188 2555; x_wconf 93' lang='lat' dir='ltr'><strong>in</strong></span> 
     </span>
     <span class='ocr_line' id='line_1_91' title="bbox 131 2560 1190 2601; baseline 0.003 -12"><span class='ocrx_word' id='word_1_855' title='bbox 131 2569 221 2599; x_wconf 86' lang='lat' dir='ltr'><strong>partes</strong></span> <span class='ocrx_word' id='word_1_856' title='bbox 232 2561 354 2598; x_wconf 86' lang='lat' dir='ltr'><strong>ejusdem</strong></span> <span class='ocrx_word' id='word_1_857' title='bbox 368 2560 532 2599; x_wconf 67' lang='lat' dir='ltr'><strong>Britanniae,</strong></span> <span class='ocrx_word' id='word_1_858' title='bbox 550 2561 699 2591; x_wconf 87' lang='lat' dir='ltr'><strong>Peccuniis</strong></span> <span class='ocrx_word' id='word_1_859' title='bbox 719 2572 768 2600; x_wconf 87' lang='lat' dir='ltr'><strong>per</strong></span> <span class='ocrx_word' id='word_1_860' title='bbox 783 2561 893 2591; x_wconf 63' lang='lat' dir='ltr'><strong>dietum</strong></span> <span class='ocrx_word' id='word_1_861' title='bbox 916 2561 1028 2600; x_wconf 86' lang='lat' dir='ltr'><strong>Regem</strong></span> <span class='ocrx_word' id='word_1_862' title='bbox 1045 2573 1190 2601; x_wconf 80' lang='lat' dir='ltr'><strong>exponen·</strong></span> 
     </span>
     <span class='ocr_line' id='line_1_92' title="bbox 131 2598 1189 2640; baseline 0.004 -12"><span class='ocrx_word' id='word_1_863' title='bbox 131 2598 173 2628; x_wconf 93' lang='lat' dir='ltr'><strong>dis</strong></span> <span class='ocrx_word' id='word_1_864' title='bbox 208 2598 262 2629; x_wconf 83' lang='lat' dir='ltr'><strong>Sex</strong></span> <span class='ocrx_word' id='word_1_865' title='bbox 278 2600 359 2629; x_wconf 83' lang='lat' dir='ltr'><strong>Milia</strong></span> <span class='ocrx_word' id='word_1_866' title='bbox 374 2600 558 2631; x_wconf 86' lang='lat' dir='ltr'><strong>Armatorum</strong></span> <span class='ocrx_word' id='word_1_867' title='bbox 574 2600 608 2630; x_wconf 89' lang='lat' dir='ltr'><strong>ad</strong></span> <span class='ocrx_word' id='word_1_868' title='bbox 624 2599 810 2631; x_wconf 74' lang='lat' dir='ltr'><strong>Serviendum</strong></span> <span class='ocrx_word' id='word_1_869' title='bbox 831 2600 910 2629; x_wconf 62' lang='lat' dir='ltr'><strong>didae</strong></span> <span class='ocrx_word' id='word_1_870' title='bbox 927 2603 1052 2630; x_wconf 83' lang='lat' dir='ltr'><strong>Dominae</strong></span> <span class='ocrx_word' id='word_1_871' title='bbox 1074 2601 1189 2640; x_wconf 71' lang='lat' dir='ltr'><strong>Ductffae</strong></span> 
     </span>
     <span class='ocr_line' id='line_1_93' title="bbox 132 2621 1189 2681; baseline 0.003 -14"><span class='ocrx_word' id='word_1_872' title='bbox 132 2637 166 2667; x_wconf 68' lang='grc' dir='ltr'><strong>δε</strong></span> <span class='ocrx_word' id='word_1_873' title='bbox 176 2621 284 2679; x_wconf 25' lang='lat' dir='ltr'><strong>”Patri-se</strong></span> <span class='ocrx_word' id='word_1_874' title='bbox 300 2638 437 2676; x_wconf 89' lang='lat' dir='ltr'><strong>ejusdem,</strong></span> <span class='ocrx_word' id='word_1_875' title='bbox 457 2640 505 2676; x_wconf 88' lang='lat' dir='ltr'><strong>qui</strong></span> <span class='ocrx_word' id='word_1_876' title='bbox 522 2638 733 2669; x_wconf 87' lang='lat' dir='ltr'><strong>Descenderent</strong></span> <span class='ocrx_word' id='word_1_877' title='bbox 754 2639 783 2667; x_wconf 91' lang='lat' dir='ltr'><strong>in</strong></span> <span class='ocrx_word' id='word_1_878' title='bbox 798 2638 948 2681; x_wconf 50' lang='lat' dir='ltr'><strong>britaniam</strong></span> <span class='ocrx_word' id='word_1_879' title='bbox 963 2639 1050 2669; x_wconf 85' lang='lat' dir='ltr'><strong>Anno</strong></span> <span class='ocrx_word' id='word_1_880' title='bbox 1065 2639 1189 2670; x_wconf 85' lang='lat' dir='ltr'><strong>Domini</strong></span> 
     </span>
     <span class='ocr_line' id='line_1_94' title="bbox 132 2674 1191 2715; baseline 0.004 -11"><span class='ocrx_word' id='word_1_881' title='bbox 132 2674 305 2713; x_wconf 81' lang='lat' dir='ltr'><strong>Millesimo,</strong></span> <span class='ocrx_word' id='word_1_882' title='bbox 332 2677 633 2715; x_wconf 83' lang='lat' dir='ltr'><strong>Quadringentesimo,</strong></span> <span class='ocrx_word' id='word_1_883' title='bbox 660 2676 866 2714; x_wconf 64' lang='lat' dir='ltr'><strong>Oetuagelimo</strong></span> <span class='ocrx_word' id='word_1_884' title='bbox 884 2678 1005 2715; x_wconf 64' lang='lat' dir='ltr'><strong>octavo,</strong></span> <span class='ocrx_word' id='word_1_885' title='bbox 1025 2680 1100 2708; x_wconf 82' lang='lat' dir='ltr'><strong>circa</strong></span> <span class='ocrx_word' id='word_1_886' title='bbox 1124 2679 1191 2708; x_wconf 82' lang='lat' dir='ltr'><strong>Me-</strong></span> 
     </span>
     <span class='ocr_line' id='line_1_95' title="bbox 133 2713 1192 2755; baseline 0.006 -13"><span class='ocrx_word' id='word_1_887' title='bbox 133 2713 213 2743; x_wconf 91' lang='lat' dir='ltr'><strong>dium</strong></span> <span class='ocrx_word' id='word_1_888' title='bbox 228 2714 337 2745; x_wconf 79' lang='lat' dir='ltr'><strong>Mensis</strong></span> <span class='ocrx_word' id='word_1_889' title='bbox 352 2715 495 2746; x_wconf 81' lang='lat' dir='ltr'><strong>Februarii</strong></span> <span class='ocrx_word' id='word_1_890' title='bbox 509 2724 555 2747; x_wconf 91' lang='lat' dir='ltr'><strong>aut</strong></span> <span class='ocrx_word' id='word_1_891' title='bbox 573 2715 674 2745; x_wconf 89' lang='lat' dir='ltr'><strong>Finem</strong></span> <span class='ocrx_word' id='word_1_892' title='bbox 688 2715 812 2753; x_wconf 90' lang='lat' dir='ltr'><strong>ejusdem</strong></span> <span class='ocrx_word' id='word_1_893' title='bbox 833 2714 957 2753; x_wconf 83' lang='lat' dir='ltr'><strong>Mensis,</strong></span> <span class='ocrx_word' id='word_1_894' title='bbox 977 2717 1021 2746; x_wconf 93' lang='lat' dir='ltr'><strong>vel</strong></span> <span class='ocrx_word' id='word_1_895' title='bbox 1043 2718 1192 2755; x_wconf 80' lang='lat' dir='ltr'><strong>quamcito</strong></span> 
     </span>
     <span class='ocr_line' id='line_1_96' title="bbox 134 2753 1193 2792; baseline 0.004 -11"><span class='ocrx_word' id='word_1_896' title='bbox 134 2753 294 2783; x_wconf 79' lang='lat' dir='ltr'><strong>commode</strong></span> <span class='ocrx_word' id='word_1_897' title='bbox 317 2754 435 2792; x_wconf 84' lang='lat' dir='ltr'><strong>poterit,</strong></span> <span class='ocrx_word' id='word_1_898' title='bbox 451 2754 483 2784; x_wconf 90' lang='lat'>&amp;</span> <span class='ocrx_word' id='word_1_899' title='bbox 500 2754 607 2784; x_wconf 83' lang='lat' dir='ltr'><strong>ibidem</strong></span> <span class='ocrx_word' id='word_1_900' title='bbox 631 2762 806 2784; x_wconf 86' lang='lat' dir='ltr'><strong>morarentur</strong></span> <span class='ocrx_word' id='word_1_901' title='bbox 824 2754 910 2792; x_wconf 85' lang='lat' dir='ltr'><strong>usque</strong></span> <span class='ocrx_word' id='word_1_902' title='bbox 928 2754 963 2784; x_wconf 90' lang='lat' dir='ltr'><strong>ad</strong></span> <span class='ocrx_word' id='word_1_903' title='bbox 986 2754 1099 2785; x_wconf 88' lang='lat' dir='ltr'><strong>Festum</strong></span> <span class='ocrx_word' id='word_1_904' title='bbox 1116 2755 1193 2785; x_wconf 91' lang='lat' dir='ltr'><strong>Om-</strong></span> 
     </span>
     <span class='ocr_line' id='line_1_97' title="bbox 135 2791 1192 2830; baseline 0.005 -10"><span class='ocrx_word' id='word_1_905' title='bbox 135 2792 216 2820; x_wconf 85' lang='lat' dir='ltr'><strong>nium</strong></span> <span class='ocrx_word' id='word_1_906' title='bbox 231 2791 399 2822; x_wconf 64' lang='lat' dir='ltr'><strong>San&amp;orum</strong></span> <span class='ocrx_word' id='word_1_907' title='bbox 422 2794 555 2829; x_wconf 83' lang='lat' dir='ltr'><strong>proximo</strong></span> <span class='ocrx_word' id='word_1_908' title='bbox 575 2793 707 2830; x_wconf 87' lang='lat' dir='ltr'><strong>sequens,</strong></span> <span class='ocrx_word' id='word_1_909' title='bbox 722 2792 757 2823; x_wconf 90' lang='lat' dir='ltr'><strong>ad</strong></span> <span class='ocrx_word' id='word_1_910' title='bbox 780 2791 1000 2823; x_wconf 85' lang='lat' dir='ltr'><strong>Deffensionem</strong></span> <span class='ocrx_word' id='word_1_911' title='bbox 1025 2793 1123 2824; x_wconf 82' lang='lat' dir='ltr'><strong>Patriae</strong></span> <span class='ocrx_word' id='word_1_912' title='bbox 1145 2794 1192 2825; x_wconf 90' lang='lat' dir='ltr'><strong>su-</strong></span> 
     </span>
     <span class='ocr_line' id='line_1_98' title="bbox 136 2829 1193 2871; baseline 0.003 -12"><span class='ocrx_word' id='word_1_913' title='bbox 136 2829 285 2867; x_wconf 65' lang='lat' dir='ltr'><strong>pradietae,</strong></span> <span class='ocrx_word' id='word_1_914' title='bbox 304 2839 335 2859; x_wconf 94' lang='lat' dir='ltr'><strong>ut</strong></span> <span class='ocrx_word' id='word_1_915' title='bbox 348 2832 375 2859; x_wconf 92' lang='lat' dir='ltr'><strong>in</strong></span> <span class='ocrx_word' id='word_1_916' title='bbox 389 2831 546 2860; x_wconf 84' lang='lat' dir='ltr'><strong>Indenturis</strong></span> <span class='ocrx_word' id='word_1_917' title='bbox 561 2831 625 2861; x_wconf 91' lang='lat' dir='ltr'><strong>desu</strong></span> <span class='ocrx_word' id='word_1_918' title='bbox 646 2842 675 2861; x_wconf 89' lang='lat' dir='ltr'><strong>er</strong></span> <span class='ocrx_word' id='word_1_919' title='bbox 689 2830 844 2868; x_wconf 62' lang='lat' dir='ltr'><strong>confectis,</strong></span> <span class='ocrx_word' id='word_1_920' title='bbox 863 2831 1016 2871; x_wconf 84' lang='lat' dir='ltr'><strong>posteaque</strong></span> <span class='ocrx_word' id='word_1_921' title='bbox 1025 2842 1072 2870; x_wconf 89' lang='lat' dir='ltr'><strong>per</strong></span> <span class='ocrx_word' id='word_1_922' title='bbox 1086 2841 1193 2863; x_wconf 90' lang='lat' dir='ltr'><strong>utrurn-</strong></span> 
     </span>
     <span class='ocr_line' id='line_1_99' title="bbox 134 2841 1194 2911; baseline 0.005 -14"><span class='ocrx_word' id='word_1_923' title='bbox 134 2879 191 2906; x_wconf 82' lang='lat' dir='ltr'><strong>que</strong></span> <span class='ocrx_word' id='word_1_924' title='bbox 208 2867 372 2911; x_wconf 73' lang='lat' dir='ltr'><strong>Principem</strong></span> <span class='ocrx_word' id='word_1_925' title='bbox 384 2872 481 2906; x_wconf 84' lang='lat' dir='ltr'><strong>Regem</strong></span> <span class='ocrx_word' id='word_1_926' title='bbox 495 2871 528 2901; x_wconf 89' lang='lat'>&amp;</span> <span class='ocrx_word' id='word_1_927' title='bbox 543 2841 681 2908; x_wconf 43' lang='lat' dir='ltr'><strong>Duciffiam</strong></span> <span class='ocrx_word' id='word_1_928' title='bbox 696 2869 865 2907; x_wconf 69' lang='lat' dir='ltr'><strong>supradictos</strong></span> <span class='ocrx_word' id='word_1_929' title='bbox 879 2869 1067 2908; x_wconf 81' lang='lat' dir='ltr'><strong>confirmatis,</strong></span> <span class='ocrx_word' id='word_1_930' title='bbox 1083 2871 1194 2909; x_wconf 78' lang='lat' dir='ltr'><strong>plenius</strong></span> 
     </span>
     <span class='ocr_line' id='line_1_100' title="bbox 136 2916 299 2938; baseline -0.012 0"><span class='ocrx_word' id='word_1_931' title='bbox 136 2916 299 2938; x_wconf 80' lang='lat' dir='ltr'><strong>continetur</strong></span> 
     </span>
    </p>

    <p class='ocr_par' dir='ltr' id='par_1_36' title="bbox 137 2929 1198 3212">
     <span class='ocr_line' id='line_1_101' title="bbox 173 2929 1196 2986; baseline 0.002 -10"><span class='ocrx_word' id='word_1_932' title='bbox 173 2945 244 2976; x_wconf 93' lang='lat' dir='ltr'><strong>Nos</strong></span> <span class='ocrx_word' id='word_1_933' title='bbox 262 2929 332 2975; x_wconf 67' lang='lat' dir='ltr'><strong>die&#39;ti</strong></span> <span class='ocrx_word' id='word_1_934' title='bbox 355 2945 505 2983; x_wconf 83' lang='lat' dir='ltr'><strong>Oratores,</strong></span> <span class='ocrx_word' id='word_1_935' title='bbox 523 2944 738 2983; x_wconf 86' lang='lat' dir='ltr'><strong>Commissarii,</strong></span> <span class='ocrx_word' id='word_1_936' title='bbox 757 2945 974 2984; x_wconf 86' lang='lat' dir='ltr'><strong>Procuratores,</strong></span> <span class='ocrx_word' id='word_1_937' title='bbox 993 2946 1144 2986; x_wconf 84' lang='lat' dir='ltr'><strong>Deputati,</strong></span> <span class='ocrx_word' id='word_1_938' title='bbox 1162 2948 1196 2978; x_wconf 90' lang='lat'>&amp;</span> 
     </span>
     <span class='ocr_line' id='line_1_102' title="bbox 137 2983 1198 3025; baseline 0.001 -10"><span class='ocrx_word' id='word_1_939' title='bbox 137 2983 357 3015; x_wconf 87' lang='lat' dir='ltr'><strong>Ambaffiatores</strong></span> <span class='ocrx_word' id='word_1_940' title='bbox 371 2984 556 3015; x_wconf 81' lang='lat' dir='ltr'><strong>Sereniffimae</strong></span> <span class='ocrx_word' id='word_1_941' title='bbox 570 2983 706 3022; x_wconf 87' lang='lat' dir='ltr'><strong>Principis</strong></span> <span class='ocrx_word' id='word_1_942' title='bbox 722 2986 755 3015; x_wconf 91' lang='lat'>&amp;</span> <span class='ocrx_word' id='word_1_943' title='bbox 768 2987 892 3014; x_wconf 67' lang='lat' dir='ltr'><strong>Domine</strong></span> <span class='ocrx_word' id='word_1_944' title='bbox 909 2984 1003 3024; x_wconf 75' lang='lat' dir='ltr'><strong>noftrae</strong></span> <span class='ocrx_word' id='word_1_945' title='bbox 1021 2986 1135 3025; x_wconf 80' lang='lat' dir='ltr'><strong>Duciffae</strong></span> <span class='ocrx_word' id='word_1_946' title='bbox 1148 2997 1198 3016; x_wconf 86' lang='lat' dir='ltr'><strong>ari-</strong></span> 
     </span>
     <span class='ocr_line' id='line_1_103' title="bbox 138 3020 1196 3062; baseline 0.002 -9"><span class='ocrx_word' id='word_1_947' title='bbox 138 3023 272 3060; x_wconf 67' lang='lat' dir='ltr'><strong>tedietae,</strong></span> <span class='ocrx_word' id='word_1_948' title='bbox 292 3020 381 3060; x_wconf 86' lang='lat' dir='ltr'><strong>Vice,</strong></span> <span class='ocrx_word' id='word_1_949' title='bbox 401 3022 535 3053; x_wconf 89' lang='lat' dir='ltr'><strong>Nomine</strong></span> <span class='ocrx_word' id='word_1_950' title='bbox 546 3046 555 3061; x_wconf 92' lang='lat'><strong>,</strong></span> <span class='ocrx_word' id='word_1_951' title='bbox 571 3024 604 3053; x_wconf 68' lang='grc' dir='ltr'><strong>ὃς</strong></span> <span class='ocrx_word' id='word_1_952' title='bbox 620 3022 798 3052; x_wconf 68' lang='lat' dir='ltr'><strong>AuCtoritate</strong></span> <span class='ocrx_word' id='word_1_953' title='bbox 815 3023 936 3060; x_wconf 87' lang='lat' dir='ltr'><strong>ejusdem</strong></span> <span class='ocrx_word' id='word_1_954' title='bbox 953 3024 985 3053; x_wconf 90' lang='lat'>&amp;</span> <span class='ocrx_word' id='word_1_955' title='bbox 1002 3033 1053 3062; x_wconf 88' lang='lat' dir='ltr'><strong>pro</strong></span> <span class='ocrx_word' id='word_1_956' title='bbox 1076 3035 1123 3062; x_wconf 89' lang='lat' dir='ltr'><strong>ea,</strong></span> <span class='ocrx_word' id='word_1_957' title='bbox 1144 3025 1196 3055; x_wconf 88' lang='lat' dir='ltr'><strong>Fa-</strong></span> 
     </span>
     <span class='ocr_line' id='line_1_104' title="bbox 138 3060 1196 3100; baseline 0.001 -8"><span class='ocrx_word' id='word_1_958' title='bbox 138 3070 230 3092; x_wconf 89' lang='lat' dir='ltr'><strong>temur</strong></span> <span class='ocrx_word' id='word_1_959' title='bbox 243 3060 531 3098; x_wconf 85' lang='lat' dir='ltr'><strong>&amp;Recognoscirnus</strong></span> <span class='ocrx_word' id='word_1_960' title='bbox 544 3061 623 3100; x_wconf 81' lang='lat' dir='ltr'><strong>quod</strong></span> <span class='ocrx_word' id='word_1_961' title='bbox 638 3061 729 3091; x_wconf 62' lang='lat' dir='ltr'><strong>dietus</strong></span> <span class='ocrx_word' id='word_1_962' title='bbox 742 3060 940 3091; x_wconf 81' lang='lat' dir='ltr'><strong>Illustriffimus</strong></span> <span class='ocrx_word' id='word_1_963' title='bbox 954 3064 1014 3091; x_wconf 83' lang='lat' dir='ltr'><strong>Rex</strong></span> <span class='ocrx_word' id='word_1_964' title='bbox 1022 3063 1135 3100; x_wconf 77' lang='lat' dir='ltr'><strong>Angliae</strong></span> <span class='ocrx_word' id='word_1_965' title='bbox 1146 3065 1196 3093; x_wconf 92' lang='lat' dir='ltr'><strong>be-</strong></span> 
     </span>
     <span class='ocr_line' id='line_1_105' title="bbox 138 3099 1197 3139; baseline 0.002 -9"><span class='ocrx_word' id='word_1_966' title='bbox 138 3102 193 3137; x_wconf 79' lang='lat' dir='ltr'><strong>ne,</strong></span> <span class='ocrx_word' id='word_1_967' title='bbox 211 3099 352 3138; x_wconf 66' lang='lat' dir='ltr'><strong>perfeffie,</strong></span> <span class='ocrx_word' id='word_1_968' title='bbox 369 3101 499 3138; x_wconf 75' lang='lat' dir='ltr'><strong>integre,</strong></span> <span class='ocrx_word' id='word_1_969' title='bbox 522 3101 555 3131; x_wconf 92' lang='lat'>&amp;</span> <span class='ocrx_word' id='word_1_970' title='bbox 574 3099 732 3129; x_wconf 81' lang='lat' dir='ltr'><strong>honorifice</strong></span> <span class='ocrx_word' id='word_1_971' title='bbox 750 3100 848 3129; x_wconf 89' lang='lat' dir='ltr'><strong>omnia</strong></span> <span class='ocrx_word' id='word_1_972' title='bbox 868 3101 901 3130; x_wconf 89' lang='lat'>&amp;</span> <span class='ocrx_word' id='word_1_973' title='bbox 923 3101 1046 3139; x_wconf 84' lang='lat' dir='ltr'><strong>fingula,</strong></span> <span class='ocrx_word' id='word_1_974' title='bbox 1065 3103 1093 3131; x_wconf 91' lang='lat' dir='ltr'><strong>in</strong></span> <span class='ocrx_word' id='word_1_975' title='bbox 1119 3102 1197 3132; x_wconf 66' lang='lat' dir='ltr'><strong>dicta</strong></span> 
     </span>
     <span class='ocr_line' id='line_1_106' title="bbox 138 3137 1198 3207; baseline 0.003 -39"><span class='ocrx_word' id='word_1_976' title='bbox 138 3138 344 3206; x_wconf 49' lang='lat' dir='ltr'><strong>Conigecntione</strong></span> <span class='ocrx_word' id='word_1_977' title='bbox 360 3147 511 3207; x_wconf 53' lang='lat' dir='ltr'><strong>cfntenta,</strong></span> <span class='ocrx_word' id='word_1_978' title='bbox 527 3147 661 3178; x_wconf 85' lang='lat' dir='ltr'><strong>quatenus</strong></span> <span class='ocrx_word' id='word_1_979' title='bbox 676 3137 765 3176; x_wconf 85' lang='lat' dir='ltr'><strong>ipsum</strong></span> <span class='ocrx_word' id='word_1_980' title='bbox 779 3139 939 3177; x_wconf 85' lang='lat' dir='ltr'><strong>attingunt,</strong></span> <span class='ocrx_word' id='word_1_981' title='bbox 961 3140 1027 3170; x_wconf 85' lang='lat' dir='ltr'><strong>fecit</strong></span> <span class='ocrx_word' id='word_1_982' title='bbox 1037 3163 1047 3178; x_wconf 92' lang='lat'><strong>,</strong></span> <span class='ocrx_word' id='word_1_983' title='bbox 1065 3139 1198 3171; x_wconf 84' lang='lat' dir='ltr'><strong>observa-</strong></span> 
     </span>
     <span class='ocr_line' id='line_1_107' title="bbox 140 3185 444 3212; baseline 0 -5"><span class='ocrx_word' id='word_1_984' title='bbox 140 3185 201 3212; x_wconf 90' lang='lat' dir='ltr'><strong>vit,</strong></span> <span class='ocrx_word' id='word_1_985' title='bbox 286 3186 356 3206; x_wconf 86' lang='lat' dir='ltr'><strong>erim</strong></span> <span class='ocrx_word' id='word_1_986' title='bbox 387 3186 444 3207; x_wconf 90' lang='lat' dir='ltr'><strong>evit</strong></span> 
     </span>
    </p>

    <p class='ocr_par' dir='ltr' id='par_1_37' title="bbox 132 3186 1206 3743">
     <span class='ocr_line' id='line_1_108' title="bbox 177 3186 1198 3253; baseline 0.001 -8"><span class='ocrx_word' id='word_1_987' title='bbox 177 3215 216 3245; x_wconf 89' lang='lat' dir='ltr'><strong>Et</strong></span> <span class='ocrx_word' id='word_1_988' title='bbox 231 3186 377 3253; x_wconf 57' lang='lat' dir='ltr'><strong>prgptereii</strong></span> <span class='ocrx_word' id='word_1_989' title='bbox 391 3199 474 3253; x_wconf 86' lang='lat' dir='ltr'><strong>Nos&#39;,</strong></span> <span class='ocrx_word' id='word_1_990' title='bbox 491 3214 625 3245; x_wconf 83' lang='lat' dir='ltr'><strong>Oratores</strong></span> <span class='ocrx_word' id='word_1_991' title='bbox 640 3214 673 3245; x_wconf 86' lang='lat'>&amp;</span> <span class='ocrx_word' id='word_1_992' title='bbox 692 3212 885 3244; x_wconf 76' lang='lat' dir='ltr'><strong>Commissarii</strong></span> <span class='ocrx_word' id='word_1_993' title='bbox 903 3215 983 3245; x_wconf 61' lang='lat' dir='ltr'><strong>dit‘ffae</strong></span> <span class='ocrx_word' id='word_1_994' title='bbox 1005 3218 1129 3246; x_wconf 82' lang='lat' dir='ltr'><strong>Dominae</strong></span> <span class='ocrx_word' id='word_1_995' title='bbox 1149 3228 1198 3246; x_wconf 87' lang='lat' dir='ltr'><strong>no-</strong></span> 
     </span>
     <span class='ocr_line' id='line_1_109' title="bbox 132 3252 1199 3299; baseline 0.003 -17"><span class='ocrx_word' id='word_1_996' title='bbox 132 3252 202 3293; x_wconf 75' lang='lat' dir='ltr'><strong>strae</strong></span> <span class='ocrx_word' id='word_1_997' title='bbox 223 3252 513 3299; x_wconf 40' lang='lat' dir='ltr'><strong>Duczffaenantedieti,</strong></span> <span class='ocrx_word' id='word_1_998' title='bbox 532 3254 725 3297; x_wconf 68' lang='lat' dir='ltr'><strong>Au&amp;oritate,</strong></span> <span class='ocrx_word' id='word_1_999' title='bbox 752 3252 842 3290; x_wconf 88' lang='lat' dir='ltr'><strong>Vice,</strong></span> <span class='ocrx_word' id='word_1_1000' title='bbox 864 3254 1053 3298; x_wconf 20' lang='lat' dir='ltr'><strong>&amp;hNomine</strong></span> <span class='ocrx_word' id='word_1_1001' title='bbox 1075 3255 1199 3293; x_wconf 87' lang='lat' dir='ltr'><strong>ejusdem</strong></span> 
     </span>
     <span class='ocr_line' id='line_1_110' title="bbox 141 3292 1200 3370; baseline 0.004 -12"><span class='ocrx_word' id='word_1_1002' title='bbox 141 3299 289 3358; x_wconf 45' lang='lat' dir='ltr'><strong>2225„ss</strong></span> <span class='ocrx_word' id='word_1_1003' title='bbox 302 3292 1200 3370; x_wconf 48' lang='lat' dir='ltr'><strong>issssssaffizpfeiffisszssss‘fflssissieig*53:222iigrss‘s&#39;fioz&#39;ss</strong></span> 
     </span>
     <span class='ocr_line' id='line_1_111' title="bbox 141 3366 1202 3406; baseline 0.001 -8"><span class='ocrx_word' id='word_1_1004' title='bbox 141 3367 247 3398; x_wconf 90' lang='lat' dir='ltr'><strong>virtute</strong></span> <span class='ocrx_word' id='word_1_1005' title='bbox 262 3366 477 3398; x_wconf 88' lang='lat' dir='ltr'><strong>Commisfionis</strong></span> <span class='ocrx_word' id='word_1_1006' title='bbox 492 3368 589 3398; x_wconf 86' lang='lat' dir='ltr'><strong>Nobis</strong></span> <span class='ocrx_word' id='word_1_1007' title='bbox 603 3369 632 3398; x_wconf 90' lang='lat' dir='ltr'><strong>in</strong></span> <span class='ocrx_word' id='word_1_1008' title='bbox 646 3379 677 3398; x_wconf 84' lang='lat' dir='ltr'><strong>ea</strong></span> <span class='ocrx_word' id='word_1_1009' title='bbox 692 3376 768 3406; x_wconf 77' lang='lat' dir='ltr'><strong>parte</strong></span> <span class='ocrx_word' id='word_1_1010' title='bbox 781 3367 852 3398; x_wconf 84' lang='lat' dir='ltr'><strong>datae</strong></span> <span class='ocrx_word' id='word_1_1011' title='bbox 866 3371 956 3404; x_wconf 70' lang='lat' dir='ltr'><strong>&lt;cuius</strong></span> <span class='ocrx_word' id='word_1_1012' title='bbox 969 3369 1071 3399; x_wconf 91' lang='lat' dir='ltr'><strong>Tenor</strong></span> <span class='ocrx_word' id='word_1_1013' title='bbox 1085 3369 1202 3400; x_wconf 81' lang='lat' dir='ltr'><strong>inferius</strong></span> 
     </span>
     <span class='ocr_line' id='line_1_112' title="bbox 145 3404 1201 3447; baseline 0.004 -13"><span class='ocrx_word' id='word_1_1014' title='bbox 145 3404 280 3443; x_wconf 86' lang='lat' dir='ltr'><strong>sequitur)</strong></span> <span class='ocrx_word' id='word_1_1015' title='bbox 298 3405 487 3445; x_wconf 85' lang='lat' dir='ltr'><strong>Astringimus</strong></span> <span class='ocrx_word' id='word_1_1016' title='bbox 505 3407 537 3438; x_wconf 67' lang='grc' dir='ltr'><strong>δι</strong></span> <span class='ocrx_word' id='word_1_1017' title='bbox 561 3406 748 3445; x_wconf 86' lang='lat' dir='ltr'><strong>Obligamus,</strong></span> <span class='ocrx_word' id='word_1_1018' title='bbox 769 3407 849 3445; x_wconf 81' lang='lat' dir='ltr'><strong>quod</strong></span> <span class='ocrx_word' id='word_1_1019' title='bbox 870 3407 945 3437; x_wconf 57' lang='lat' dir='ltr'><strong>dista</strong></span> <span class='ocrx_word' id='word_1_1020' title='bbox 971 3410 1090 3437; x_wconf 75' lang='lat' dir='ltr'><strong>Domina</strong></span> <span class='ocrx_word' id='word_1_1021' title='bbox 1112 3408 1201 3447; x_wconf 81' lang='lat' dir='ltr'><strong>nostra</strong></span> 
     </span>
     <span class='ocr_line' id='line_1_113' title="bbox 145 3443 1202 3485; baseline 0.003 -11"><span class='ocrx_word' id='word_1_1022' title='bbox 145 3443 256 3482; x_wconf 79' lang='lat' dir='ltr'><strong>Duciffiz</strong></span> <span class='ocrx_word' id='word_1_1023' title='bbox 270 3444 328 3481; x_wconf 87' lang='lat' dir='ltr'><strong>ejus</strong></span> <span class='ocrx_word' id='word_1_1024' title='bbox 341 3443 477 3476; x_wconf 74' lang='lat' dir='ltr'><strong>Haeredes</strong></span> <span class='ocrx_word' id='word_1_1025' title='bbox 490 3453 535 3475; x_wconf 93' lang='lat' dir='ltr'><strong>aut</strong></span> <span class='ocrx_word' id='word_1_1026' title='bbox 551 3444 727 3475; x_wconf 69' lang='lat' dir='ltr'><strong>Successores</strong></span> <span class='ocrx_word' id='word_1_1027' title='bbox 737 3444 895 3476; x_wconf 88' lang='lat' dir='ltr'><strong>Restituent</strong></span> <span class='ocrx_word' id='word_1_1028' title='bbox 909 3448 942 3476; x_wconf 89' lang='lat'>&amp;</span> <span class='ocrx_word' id='word_1_1029' title='bbox 953 3446 1106 3477; x_wconf 85' lang='lat' dir='ltr'><strong>Resolvent</strong></span> <span class='ocrx_word' id='word_1_1030' title='bbox 1114 3449 1202 3485; x_wconf 84' lang='lat' dir='ltr'><strong>‚cum</strong></span> 
     </span>
     <span class='ocr_line' id='line_1_114' title="bbox 146 3483 1202 3523; baseline 0.006 -13"><span class='ocrx_word' id='word_1_1031' title='bbox 146 3483 271 3520; x_wconf 84' lang='lat' dir='ltr'><strong>primum</strong></span> <span class='ocrx_word' id='word_1_1032' title='bbox 285 3483 410 3514; x_wconf 78' lang='lat' dir='ltr'><strong>comode</strong></span> <span class='ocrx_word' id='word_1_1033' title='bbox 427 3486 547 3523; x_wconf 79' lang='lat' dir='ltr'><strong>porerint</strong></span> <span class='ocrx_word' id='word_1_1034' title='bbox 558 3506 567 3521; x_wconf 88' lang='lat'><strong>,</strong></span> <span class='ocrx_word' id='word_1_1035' title='bbox 584 3484 666 3514; x_wconf 66' lang='lat' dir='ltr'><strong>dieto</strong></span> <span class='ocrx_word' id='word_1_1036' title='bbox 679 3487 796 3513; x_wconf 85' lang='lat' dir='ltr'><strong>Domino</strong></span> <span class='ocrx_word' id='word_1_1037' title='bbox 810 3487 876 3521; x_wconf 81' lang='lat' dir='ltr'><strong>Regi</strong></span> <span class='ocrx_word' id='word_1_1038' title='bbox 893 3483 1062 3516; x_wconf 80' lang='lat' dir='ltr'><strong>Haeredibus</strong></span> <span class='ocrx_word' id='word_1_1039' title='bbox 1074 3495 1119 3515; x_wconf 87' lang='lat' dir='ltr'><strong>aut</strong></span> <span class='ocrx_word' id='word_1_1040' title='bbox 1132 3486 1202 3516; x_wconf 89' lang='lat' dir='ltr'><strong>Suc-</strong></span> 
     </span>
     <span class='ocr_line' id='line_1_115' title="bbox 147 3519 1205 3562; baseline 0.003 -11"><span class='ocrx_word' id='word_1_1041' title='bbox 147 3519 300 3551; x_wconf 85' lang='lat' dir='ltr'><strong>cefforibus</strong></span> <span class='ocrx_word' id='word_1_1042' title='bbox 316 3521 367 3551; x_wconf 85' lang='lat' dir='ltr'><strong>suis</strong></span> <span class='ocrx_word' id='word_1_1043' title='bbox 383 3532 485 3553; x_wconf 87' lang='lat' dir='ltr'><strong>omnes</strong></span> <span class='ocrx_word' id='word_1_1044' title='bbox 499 3524 532 3554; x_wconf 91' lang='lat'>&amp;</span> <span class='ocrx_word' id='word_1_1045' title='bbox 553 3522 669 3561; x_wconf 73' lang='lat' dir='ltr'><strong>ungulas</strong></span> <span class='ocrx_word' id='word_1_1046' title='bbox 690 3522 879 3553; x_wconf 89' lang='lat' dir='ltr'><strong>Pecuniarum</strong></span> <span class='ocrx_word' id='word_1_1047' title='bbox 900 3522 1050 3561; x_wconf 88' lang='lat' dir='ltr'><strong>Summas,</strong></span> <span class='ocrx_word' id='word_1_1048' title='bbox 1067 3534 1133 3562; x_wconf 88' lang='lat' dir='ltr'><strong>quas</strong></span> <span class='ocrx_word' id='word_1_1049' title='bbox 1150 3525 1205 3561; x_wconf 85' lang='lat' dir='ltr'><strong>ipse</strong></span> 
     </span>
     <span class='ocr_line' id='line_1_116' title="bbox 147 3557 1204 3602; baseline 0.002 -12"><span class='ocrx_word' id='word_1_1050' title='bbox 147 3560 222 3590; x_wconf 88' lang='lat' dir='ltr'><strong>circa</strong></span> <span class='ocrx_word' id='word_1_1051' title='bbox 235 3557 453 3602; x_wconf 82' lang='lat' dir='ltr'><strong>Expeditionem</strong></span> <span class='ocrx_word' id='word_1_1052' title='bbox 470 3561 526 3591; x_wconf 87' lang='lat' dir='ltr'><strong>sive</strong></span> <span class='ocrx_word' id='word_1_1053' title='bbox 542 3560 690 3591; x_wconf 87' lang='lat' dir='ltr'><strong>Armatam</strong></span> <span class='ocrx_word' id='word_1_1054' title='bbox 705 3561 868 3600; x_wconf 71' lang='lat' dir='ltr'><strong>praedic&#39;tam</strong></span> <span class='ocrx_word' id='word_1_1055' title='bbox 885 3562 918 3592; x_wconf 90' lang='lat'>&amp;</span> <span class='ocrx_word' id='word_1_1056' title='bbox 936 3561 1104 3593; x_wconf 86' lang='lat' dir='ltr'><strong>Custodiam</strong></span> <span class='ocrx_word' id='word_1_1057' title='bbox 1122 3562 1204 3592; x_wconf 83' lang='lat' dir='ltr'><strong>Villae</strong></span> 
     </span>
     <span class='ocr_line' id='line_1_117' title="bbox 148 3596 1203 3638; baseline 0.001 -9"><span class='ocrx_word' id='word_1_1058' title='bbox 148 3598 183 3629; x_wconf 91' lang='lat'>&amp;</span> <span class='ocrx_word' id='word_1_1059' title='bbox 197 3596 290 3627; x_wconf 82' lang='lat' dir='ltr'><strong>Castri</strong></span> <span class='ocrx_word' id='word_1_1060' title='bbox 304 3597 340 3627; x_wconf 86' lang='lat' dir='ltr'><strong>de</strong></span> <span class='ocrx_word' id='word_1_1061' title='bbox 354 3597 529 3629; x_wconf 85' lang='lat' dir='ltr'><strong>Coulvicean</strong></span> <span class='ocrx_word' id='word_1_1062' title='bbox 545 3600 579 3630; x_wconf 90' lang='lat'>&amp;</span> <span class='ocrx_word' id='word_1_1063' title='bbox 593 3600 782 3638; x_wconf 82' lang='lat' dir='ltr'><strong>cujuscunque</strong></span> <span class='ocrx_word' id='word_1_1064' title='bbox 794 3600 903 3630; x_wconf 84' lang='lat' dir='ltr'><strong>alterius</strong></span> <span class='ocrx_word' id='word_1_1065' title='bbox 918 3600 993 3630; x_wconf 86' lang='lat' dir='ltr'><strong>Loci</strong></span> <span class='ocrx_word' id='word_1_1066' title='bbox 1009 3601 1093 3630; x_wconf 76' lang='lat' dir='ltr'><strong>eidem</strong></span> <span class='ocrx_word' id='word_1_1067' title='bbox 1108 3604 1203 3630; x_wconf 76' lang='lat' dir='ltr'><strong>Domi-</strong></span> 
     </span>
     <span class='ocr_line' id='line_1_118' title="bbox 150 3634 1206 3674; baseline 0.005 -9"><span class='ocrx_word' id='word_1_1068' title='bbox 150 3647 184 3667; x_wconf 82' lang='lat' dir='ltr'><strong>no</strong></span> <span class='ocrx_word' id='word_1_1069' title='bbox 205 3638 270 3672; x_wconf 82' lang='lat' dir='ltr'><strong>Regi</strong></span> <span class='ocrx_word' id='word_1_1070' title='bbox 291 3634 359 3665; x_wconf 91' lang='lat' dir='ltr'><strong>loco</strong></span> <span class='ocrx_word' id='word_1_1071' title='bbox 377 3634 507 3674; x_wconf 84' lang='lat' dir='ltr'><strong>Pignoris</strong></span> <span class='ocrx_word' id='word_1_1072' title='bbox 524 3646 570 3667; x_wconf 85' lang='lat' dir='ltr'><strong>aut</strong></span> <span class='ocrx_word' id='word_1_1073' title='bbox 587 3637 749 3674; x_wconf 85' lang='lat' dir='ltr'><strong>Ypotbecae</strong></span> <span class='ocrx_word' id='word_1_1074' title='bbox 764 3639 855 3668; x_wconf 85' lang='lat' dir='ltr'><strong>traditi</strong></span> <span class='ocrx_word' id='word_1_1075' title='bbox 872 3648 918 3668; x_wconf 86' lang='lat' dir='ltr'><strong>aut</strong></span> <span class='ocrx_word' id='word_1_1076' title='bbox 941 3639 1066 3669; x_wconf 82' lang='lat' dir='ltr'><strong>tradendi</strong></span> <span class='ocrx_word' id='word_1_1077' title='bbox 1089 3641 1206 3670; x_wconf 80' lang='lat' dir='ltr'><strong>antehac</strong></span> 
     </span>
     <span class='ocr_line' id='line_1_119' title="bbox 151 3672 1206 3743; baseline 0.003 -39"><span class='ocrx_word' id='word_1_1078' title='bbox 151 3675 253 3743; x_wconf 54' lang='lat' dir='ltr'><strong>qigqvis</strong></span> <span class='ocrx_word' id='word_1_1079' title='bbox 270 3672 360 3703; x_wconf 67' lang='lat' dir='ltr'><strong>Paeto</strong></span> <span class='ocrx_word' id='word_1_1080' title='bbox 381 3676 511 3711; x_wconf 88' lang='lat' dir='ltr'><strong>erogavit</strong></span> <span class='ocrx_word' id='word_1_1081' title='bbox 526 3675 560 3706; x_wconf 89' lang='lat'>&amp;</span> <span class='ocrx_word' id='word_1_1082' title='bbox 577 3675 719 3714; x_wconf 81' lang='lat' dir='ltr'><strong>exposuit,</strong></span> <span class='ocrx_word' id='word_1_1083' title='bbox 736 3677 769 3707; x_wconf 90' lang='lat'>&amp;</span> <span class='ocrx_word' id='word_1_1084' title='bbox 790 3675 905 3713; x_wconf 86' lang='lat' dir='ltr'><strong>posthac</strong></span> <span class='ocrx_word' id='word_1_1085' title='bbox 925 3686 1047 3714; x_wconf 82' lang='lat' dir='ltr'><strong>exponet</strong></span> <span class='ocrx_word' id='word_1_1086' title='bbox 1067 3678 1123 3709; x_wconf 87' lang='lat' dir='ltr'><strong>sive</strong></span> <span class='ocrx_word' id='word_1_1087' title='bbox 1140 3688 1206 3708; x_wconf 81' lang='lat' dir='ltr'><strong>ero-</strong></span> 
     </span>
    </p>

    <p class='ocr_par' dir='ltr' id='par_1_38' title="bbox 167 3721 232 3743">
     <span class='ocr_line' id='line_1_120' title="bbox 167 3721 232 3743; baseline -0.015 0"><span class='ocrx_word' id='word_1_1088' title='bbox 167 3723 181 3743; x_wconf 85' lang='lat' dir='ltr'><strong>a</strong></span> <span class='ocrx_word' id='word_1_1089' title='bbox 203 3721 232 3742; x_wconf 89' lang='lat' dir='ltr'><strong>it.</strong></span> 
     </span>
    </p>

    <p class='ocr_par' dir='ltr' id='par_1_39' title="bbox 147 3721 1213 4060">
     <span class='ocr_line' id='line_1_121' title="bbox 147 3721 1208 3791; baseline 0 -9"><span class='ocrx_word' id='word_1_1090' title='bbox 147 3721 166 3753; x_wconf 74' lang='lat' dir='ltr'>g</span> <span class='ocrx_word' id='word_1_1091' title='bbox 189 3751 326 3782; x_wconf 83' lang='lat' dir='ltr'><strong>Praetcrea</strong></span> <span class='ocrx_word' id='word_1_1092' title='bbox 341 3750 425 3789; x_wconf 86' lang='lat' dir='ltr'><strong>Nos,</strong></span> <span class='ocrx_word' id='word_1_1093' title='bbox 440 3750 574 3780; x_wconf 59' lang='lat' dir='ltr'><strong>antedicti</strong></span> <span class='ocrx_word' id='word_1_1094' title='bbox 586 3750 721 3782; x_wconf 88' lang='lat' dir='ltr'><strong>Oratores</strong></span> <span class='ocrx_word' id='word_1_1095' title='bbox 743 3752 776 3782; x_wconf 73' lang='grc' dir='ltr'><strong>δε</strong></span> <span class='ocrx_word' id='word_1_1096' title='bbox 792 3750 1001 3791; x_wconf 77' lang='lat' dir='ltr'><strong>Commissarii,</strong></span> <span class='ocrx_word' id='word_1_1097' title='bbox 1019 3755 1208 3791; x_wconf 89' lang='lat' dir='ltr'><strong>promittimus</strong></span> 
     </span>
     <span class='ocr_line' id='line_1_122' title="bbox 153 3788 1207 3831; baseline 0.003 -11"><span class='ocrx_word' id='word_1_1098' title='bbox 153 3790 188 3820; x_wconf 88' lang='lat'>&amp;</span> <span class='ocrx_word' id='word_1_1099' title='bbox 198 3799 251 3827; x_wconf 89' lang='lat' dir='ltr'><strong>pro</strong></span> <span class='ocrx_word' id='word_1_1100' title='bbox 264 3790 363 3828; x_wconf 86' lang='lat' dir='ltr'><strong>majori</strong></span> <span class='ocrx_word' id='word_1_1101' title='bbox 378 3790 411 3820; x_wconf 90' lang='lat'>&amp;</span> <span class='ocrx_word' id='word_1_1102' title='bbox 424 3788 542 3819; x_wconf 82' lang='lat' dir='ltr'><strong>firmiori</strong></span> <span class='ocrx_word' id='word_1_1103' title='bbox 557 3788 713 3819; x_wconf 88' lang='lat' dir='ltr'><strong>Securitate</strong></span> <span class='ocrx_word' id='word_1_1104' title='bbox 725 3788 917 3820; x_wconf 85' lang='lat' dir='ltr'><strong>Resolutionis</strong></span> <span class='ocrx_word' id='word_1_1105' title='bbox 929 3789 1119 3829; x_wconf 83' lang='lat' dir='ltr'><strong>Expensarum</strong></span> <span class='ocrx_word' id='word_1_1106' title='bbox 1136 3803 1207 3831; x_wconf 78' lang='lat' dir='ltr'><strong>prae-</strong></span> 
     </span>
     <span class='ocr_line' id='line_1_123' title="bbox 153 3825 1210 3871; baseline 0.005 -14"><span class='ocrx_word' id='word_1_1107' title='bbox 153 3828 293 3859; x_wconf 65' lang='lat' dir='ltr'><strong>didhrum</strong></span> <span class='ocrx_word' id='word_1_1108' title='bbox 305 3828 407 3858; x_wconf 69' lang='lat' dir='ltr'><strong>&#39;diliam</strong></span> <span class='ocrx_word' id='word_1_1109' title='bbox 419 3825 558 3866; x_wconf 75' lang='lat' dir='ltr'><strong>Duciffam</strong></span> <span class='ocrx_word' id='word_1_1110' title='bbox 571 3828 627 3864; x_wconf 86' lang='lat' dir='ltr'><strong>ejus</strong></span> <span class='ocrx_word' id='word_1_1111' title='bbox 643 3826 776 3857; x_wconf 78' lang='lat' dir='ltr'><strong>Haeredes</strong></span> <span class='ocrx_word' id='word_1_1112' title='bbox 791 3829 824 3858; x_wconf 90' lang='lat'>&amp;</span> <span class='ocrx_word' id='word_1_1113' title='bbox 845 3827 1023 3859; x_wconf 80' lang='lat' dir='ltr'><strong>Succeffores</strong></span> <span class='ocrx_word' id='word_1_1114' title='bbox 1040 3829 1210 3871; x_wconf 79' lang='lat' dir='ltr'><strong>obligamus</strong></span> 
     </span>
     <span class='ocr_line' id='line_1_124' title="bbox 159 3863 1212 3906; baseline 0.005 -12"><span class='ocrx_word' id='word_1_1115' title='bbox 159 3866 218 3896; x_wconf 66' lang='lat'><strong>¹³&amp;</strong></span> <span class='ocrx_word' id='word_1_1116' title='bbox 232 3866 437 3906; x_wconf 84' lang='lat' dir='ltr'><strong>Astringirnus,</strong></span> <span class='ocrx_word' id='word_1_1117' title='bbox 457 3866 535 3903; x_wconf 82' lang='lat' dir='ltr'><strong>quod</strong></span> <span class='ocrx_word' id='word_1_1118' title='bbox 546 3863 700 3895; x_wconf 87' lang='lat' dir='ltr'><strong>Castellum</strong></span> <span class='ocrx_word' id='word_1_1119' title='bbox 713 3865 746 3895; x_wconf 89' lang='lat'>&amp;</span> <span class='ocrx_word' id='word_1_1120' title='bbox 763 3864 835 3896; x_wconf 86' lang='lat' dir='ltr'><strong>Villa</strong></span> <span class='ocrx_word' id='word_1_1121' title='bbox 851 3865 887 3895; x_wconf 92' lang='lat' dir='ltr'><strong>de</strong></span> <span class='ocrx_word' id='word_1_1122' title='bbox 902 3866 1026 3897; x_wconf 84' lang='lat' dir='ltr'><strong>Morleix</strong></span> <span class='ocrx_word' id='word_1_1123' title='bbox 1038 3868 1127 3898; x_wconf 86' lang='lat' dir='ltr'><strong>statim</strong></span> <span class='ocrx_word' id='word_1_1124' title='bbox 1136 3871 1168 3901; x_wconf 89' lang='lat'>&amp;</span> <span class='ocrx_word' id='word_1_1125' title='bbox 1180 3870 1212 3899; x_wconf 83' lang='lat' dir='ltr'><strong>si-</strong></span> 
     </span>
     <span class='ocr_line' id='line_1_125' title="bbox 157 3902 1212 3945; baseline 0.004 -13"><span class='ocrx_word' id='word_1_1126' title='bbox 157 3913 195 3933; x_wconf 88' lang='lat' dir='ltr'><strong>ne</strong></span> <span class='ocrx_word' id='word_1_1127' title='bbox 205 3903 338 3936; x_wconf 88' lang='lat' dir='ltr'><strong>dilatione</strong></span> <span class='ocrx_word' id='word_1_1128' title='bbox 349 3905 508 3936; x_wconf 88' lang='lat' dir='ltr'><strong>Tradentur</strong></span> <span class='ocrx_word' id='word_1_1129' title='bbox 525 3904 557 3934; x_wconf 69' lang='grc' dir='ltr'><strong>ὅ(</strong></span> <span class='ocrx_word' id='word_1_1130' title='bbox 579 3902 817 3934; x_wconf 89' lang='lat' dir='ltr'><strong>Deliberabuntur</strong></span> <span class='ocrx_word' id='word_1_1131' title='bbox 840 3904 919 3934; x_wconf 63' lang='lat' dir='ltr'><strong>dieto</strong></span> <span class='ocrx_word' id='word_1_1132' title='bbox 939 3904 1127 3937; x_wconf 87' lang='lat' dir='ltr'><strong>lllustriffimo</strong></span> <span class='ocrx_word' id='word_1_1133' title='bbox 1147 3911 1212 3945; x_wconf 83' lang='lat' dir='ltr'><strong>Regi</strong></span> 
     </span>
     <span class='ocr_line' id='line_1_126' title="bbox 157 3940 1213 3983; baseline 0.006 -13"><span class='ocrx_word' id='word_1_1134' title='bbox 157 3941 271 3978; x_wconf 80' lang='lat' dir='ltr'><strong>Angliae</strong></span> <span class='ocrx_word' id='word_1_1135' title='bbox 282 3952 328 3973; x_wconf 88' lang='lat' dir='ltr'><strong>aut</strong></span> <span class='ocrx_word' id='word_1_1136' title='bbox 344 3943 493 3983; x_wconf 83' lang='lat' dir='ltr'><strong>Affignatis</strong></span> <span class='ocrx_word' id='word_1_1137' title='bbox 507 3943 576 3980; x_wconf 81' lang='lat' dir='ltr'><strong>suis,</strong></span> <span class='ocrx_word' id='word_1_1138' title='bbox 595 3941 662 3971; x_wconf 89' lang='lat' dir='ltr'><strong>loco</strong></span> <span class='ocrx_word' id='word_1_1139' title='bbox 675 3940 807 3980; x_wconf 82' lang='lat' dir='ltr'><strong>Pignoris</strong></span> <span class='ocrx_word' id='word_1_1140' title='bbox 821 3942 854 3972; x_wconf 73' lang='grc' dir='ltr'><strong>ὅ(</strong></span> <span class='ocrx_word' id='word_1_1141' title='bbox 868 3942 1044 3983; x_wconf 81' lang='lat' dir='ltr'><strong>Ypotliecae,</strong></span> <span class='ocrx_word' id='word_1_1142' title='bbox 1064 3954 1132 3975; x_wconf 91' lang='lat' dir='ltr'><strong>cum</strong></span> <span class='ocrx_word' id='word_1_1143' title='bbox 1147 3957 1213 3976; x_wconf 93' lang='lat' dir='ltr'><strong>orn-</strong></span> 
     </span>
     <span class='ocr_line' id='line_1_127' title="bbox 155 3979 1212 4023; baseline 0.004 -13"><span class='ocrx_word' id='word_1_1144' title='bbox 155 3981 240 4011; x_wconf 89' lang='lat' dir='ltr'><strong>nibus</strong></span> <span class='ocrx_word' id='word_1_1145' title='bbox 247 3980 299 4011; x_wconf 87' lang='lat' dir='ltr'><strong>suis</strong></span> <span class='ocrx_word' id='word_1_1146' title='bbox 306 3981 419 4020; x_wconf 88' lang='lat' dir='ltr'><strong>Juribus</strong></span> <span class='ocrx_word' id='word_1_1147' title='bbox 426 4005 437 4021; x_wconf 84' lang='lat'><strong>,</strong></span> <span class='ocrx_word' id='word_1_1148' title='bbox 455 3979 688 4023; x_wconf 74' lang='lat' dir='ltr'><strong>obventionibus</strong></span> <span class='ocrx_word' id='word_1_1149' title='bbox 696 4001 705 4016; x_wconf 89' lang='lat'><strong>,</strong></span> <span class='ocrx_word' id='word_1_1150' title='bbox 721 3979 1022 4023; x_wconf 26' lang='lat' dir='ltr'><strong>&amp;UCommoditatibus</strong></span> <span class='ocrx_word' id='word_1_1151' title='bbox 1030 3984 1212 4020; x_wconf 85' lang='lat' dir='ltr'><strong>quibuscum—</strong></span> 
     </span>
     <span class='ocr_line' id='line_1_128' title="bbox 158 4016 1212 4060; baseline 0.005 -13"><span class='ocrx_word' id='word_1_1152' title='bbox 158 4029 230 4057; x_wconf 88' lang='lat' dir='ltr'><strong>que,</strong></span> <span class='ocrx_word' id='word_1_1153' title='bbox 248 4018 285 4048; x_wconf 93' lang='lat' dir='ltr'><strong>sic</strong></span> <span class='ocrx_word' id='word_1_1154' title='bbox 301 4020 377 4057; x_wconf 86' lang='lat' dir='ltr'><strong>quod</strong></span> <span class='ocrx_word' id='word_1_1155' title='bbox 392 4030 424 4051; x_wconf 90' lang='lat' dir='ltr'><strong>ea</strong></span> <span class='ocrx_word' id='word_1_1156' title='bbox 442 4021 528 4051; x_wconf 82' lang='lat' dir='ltr'><strong>libere</strong></span> <span class='ocrx_word' id='word_1_1157' title='bbox 542 4021 574 4050; x_wconf 70' lang='grc' dir='ltr'><strong>ὃ(</strong></span> <span class='ocrx_word' id='word_1_1158' title='bbox 591 4019 684 4057; x_wconf 80' lang='lat' dir='ltr'><strong>quiete</strong></span> <span class='ocrx_word' id='word_1_1159' title='bbox 700 4016 846 4056; x_wconf 86' lang='lat' dir='ltr'><strong>Retineat,</strong></span> <span class='ocrx_word' id='word_1_1160' title='bbox 863 4019 965 4057; x_wconf 87' lang='lat' dir='ltr'><strong>absque</strong></span> <span class='ocrx_word' id='word_1_1161' title='bbox 977 4019 1131 4060; x_wconf 91' lang='lat' dir='ltr'><strong>Molestia,</strong></span> <span class='ocrx_word' id='word_1_1162' title='bbox 1150 4021 1212 4052; x_wconf 91' lang='lat' dir='ltr'><strong>Im-</strong></span> 
     </span>
    </p>
   </div>
   <div class='ocr_carea' id='block_1_26' title="bbox 159 4055 1213 4127">
    <p class='ocr_par' dir='ltr' id='par_1_40' title="bbox 159 4055 1213 4127">
     <span class='ocr_line' id='line_1_129' title="bbox 159 4055 1213 4126; baseline 0.005 -40"><span class='ocrx_word' id='word_1_1163' title='bbox 159 4057 339 4126; x_wconf 39' lang='lat' dir='ltr'><strong>pedii-uento(³</strong></span> <span class='ocrx_word' id='word_1_1164' title='bbox 357 4058 401 4125; x_wconf 53' lang='lat'><strong>*1151</strong></span> <span class='ocrx_word' id='word_1_1165' title='bbox 413 4058 654 4126; x_wconf 49' lang='lat' dir='ltr'><strong>Icltlomradicttione</strong></span> <span class='ocrx_word' id='word_1_1166' title='bbox 672 4055 753 4087; x_wconf 74' lang='lat' dir='ltr'><strong>dic&#39;t‘ae</strong></span> <span class='ocrx_word' id='word_1_1167' title='bbox 771 4059 895 4089; x_wconf 78' lang='lat' dir='ltr'><strong>Dominae</strong></span> <span class='ocrx_word' id='word_1_1168' title='bbox 916 4057 1032 4098; x_wconf 81' lang='lat' dir='ltr'><strong>Duciffae</strong></span> <span class='ocrx_word' id='word_1_1169' title='bbox 1045 4060 1091 4092; x_wconf 90' lang='lat' dir='ltr'><strong>vel</strong></span> <span class='ocrx_word' id='word_1_1170' title='bbox 1109 4060 1213 4092; x_wconf 83' lang='lat' dir='ltr'><strong>Haere-</strong></span> 
     </span>
     <span class='ocr_line' id='line_1_130' title="bbox 235 4106 460 4127; baseline 0.004 -1"><span class='ocrx_word' id='word_1_1171' title='bbox 235 4106 284 4126; x_wconf 84' lang='lat' dir='ltr'><strong>om.</strong></span> <span class='ocrx_word' id='word_1_1172' title='bbox 333 4119 341 4126; x_wconf 86' lang='lat'><strong>.</strong></span> <span class='ocrx_word' id='word_1_1173' title='bbox 389 4120 396 4126; x_wconf 91' lang='lat'><strong><em>.</em></strong></span> <span class='ocrx_word' id='word_1_1174' title='bbox 453 4120 460 4127; x_wconf 92' lang='lat'><em>.</em></span> 
     </span>
    </p>
   </div>
   <div class='ocr_carea' id='block_1_27' title="bbox 1220 1904 2292 2680">
    <p class='ocr_par' dir='ltr' id='par_1_41' title="bbox 1220 1904 2292 2168">
     <span class='ocr_line' id='line_1_131' title="bbox 1220 1904 2278 1947; baseline 0.001 -10"><span class='ocrx_word' id='word_1_1175' title='bbox 1220 1904 1314 1944; x_wconf 89' lang='lat' dir='ltr'><strong>Aydes</strong></span> <span class='ocrx_word' id='word_1_1176' title='bbox 1331 1908 1363 1939; x_wconf 90' lang='lat'>&amp;</span> <span class='ocrx_word' id='word_1_1177' title='bbox 1381 1908 1547 1947; x_wconf 88' lang='lat' dir='ltr'><strong>promesses,</strong></span> <span class='ocrx_word' id='word_1_1178' title='bbox 1566 1910 1641 1939; x_wconf 91' lang='lat' dir='ltr'><strong>aient</strong></span> <span class='ocrx_word' id='word_1_1179' title='bbox 1662 1908 1719 1939; x_wconf 86' lang='lat' dir='ltr'><strong>este</strong></span> <span class='ocrx_word' id='word_1_1180' title='bbox 1742 1909 1815 1947; x_wconf 81' lang='lat' dir='ltr'><strong>faiz,</strong></span> <span class='ocrx_word' id='word_1_1181' title='bbox 1832 1909 1991 1945; x_wconf 87' lang='lat' dir='ltr'><strong>accordez,</strong></span> <span class='ocrx_word' id='word_1_1182' title='bbox 2008 1910 2116 1946; x_wconf 88' lang='lat' dir='ltr'><strong>parlez,</strong></span> <span class='ocrx_word' id='word_1_1183' title='bbox 2134 1911 2278 1946; x_wconf 90' lang='lat' dir='ltr'><strong>concluz,</strong></span> 
     </span>
     <span class='ocr_line' id='line_1_132' title="bbox 1220 1946 2282 1985; baseline 0.003 -11"><span class='ocrx_word' id='word_1_1184' title='bbox 1220 1946 1344 1985; x_wconf 74' lang='lat' dir='ltr'><strong>promiS,</strong></span> <span class='ocrx_word' id='word_1_1185' title='bbox 1363 1947 1395 1977; x_wconf 89' lang='lat'>&amp;</span> <span class='ocrx_word' id='word_1_1186' title='bbox 1414 1948 1507 1984; x_wconf 80' lang='lat' dir='ltr'><strong>jureZ,</strong></span> <span class='ocrx_word' id='word_1_1187' title='bbox 1522 1955 1600 1977; x_wconf 87' lang='lat' dir='ltr'><strong>entre</strong></span> <span class='ocrx_word' id='word_1_1188' title='bbox 1617 1946 1693 1977; x_wconf 87' lang='lat' dir='ltr'><strong>Tres</strong></span> <span class='ocrx_word' id='word_1_1189' title='bbox 1711 1946 1820 1985; x_wconf 81' lang='lat' dir='ltr'><strong>Hault,</strong></span> <span class='ocrx_word' id='word_1_1190' title='bbox 1836 1948 1910 1978; x_wconf 87' lang='lat' dir='ltr'><strong>Tres</strong></span> <span class='ocrx_word' id='word_1_1191' title='bbox 1927 1946 2066 1985; x_wconf 78' lang='lat' dir='ltr'><strong>Puiffant,</strong></span> <span class='ocrx_word' id='word_1_1192' title='bbox 2084 1949 2117 1979; x_wconf 67' lang='grc' dir='ltr'><strong>ὃς</strong></span> <span class='ocrx_word' id='word_1_1193' title='bbox 2132 1948 2206 1979; x_wconf 88' lang='lat' dir='ltr'><strong>Tres</strong></span> <span class='ocrx_word' id='word_1_1194' title='bbox 2222 1947 2282 1978; x_wconf 77' lang='lat' dir='ltr'><strong>Ex-</strong></span> 
     </span>
     <span class='ocr_line' id='line_1_133' title="bbox 1222 1983 2282 2025; baseline 0.003 -12"><span class='ocrx_word' id='word_1_1195' title='bbox 1222 1983 1325 2014; x_wconf 91' lang='lat' dir='ltr'><strong>cellent</strong></span> <span class='ocrx_word' id='word_1_1196' title='bbox 1348 1984 1468 2023; x_wconf 82' lang='lat' dir='ltr'><strong>Prince,</strong></span> <span class='ocrx_word' id='word_1_1197' title='bbox 1487 1995 1557 2014; x_wconf 84' lang='lat' dir='ltr'><strong>mon</strong></span> <span class='ocrx_word' id='word_1_1198' title='bbox 1577 1985 1649 2016; x_wconf 88' lang='lat' dir='ltr'><strong>Tres</strong></span> <span class='ocrx_word' id='word_1_1199' title='bbox 1672 1984 1815 2016; x_wconf 87' lang='lat' dir='ltr'><strong>Honnore</strong></span> <span class='ocrx_word' id='word_1_1200' title='bbox 1835 1985 1989 2025; x_wconf 87' lang='lat' dir='ltr'><strong>Seigneur‚</strong></span> <span class='ocrx_word' id='word_1_1201' title='bbox 2008 1985 2133 2023; x_wconf 89' lang='lat' dir='ltr'><strong>Cousin,</strong></span> <span class='ocrx_word' id='word_1_1202' title='bbox 2151 1987 2185 2018; x_wconf 76' lang='grc' dir='ltr'><strong>ὅτ.</strong></span> <span class='ocrx_word' id='word_1_1203' title='bbox 2208 1985 2282 2016; x_wconf 86' lang='lat' dir='ltr'><strong>Pere</strong></span> 
     </span>
     <span class='ocr_line' id='line_1_134' title="bbox 1221 2019 2292 2063; baseline 0.001 -12"><span class='ocrx_word' id='word_1_1204' title='bbox 1221 2019 1247 2050; x_wconf 89' lang='lat' dir='ltr'><strong>le</strong></span> <span class='ocrx_word' id='word_1_1205' title='bbox 1268 2026 1323 2061; x_wconf 83' lang='lat' dir='ltr'><strong>Roy</strong></span> <span class='ocrx_word' id='word_1_1206' title='bbox 1342 2023 1557 2061; x_wconf 84' lang='lat' dir='ltr'><strong>d&#39;Angleterre,</strong></span> <span class='ocrx_word' id='word_1_1207' title='bbox 1579 2023 1618 2053; x_wconf 92' lang='lat' dir='ltr'><strong>ses</strong></span> <span class='ocrx_word' id='word_1_1208' title='bbox 1642 2022 1824 2063; x_wconf 89' lang='lat' dir='ltr'><strong>Royaumes‚</strong></span> <span class='ocrx_word' id='word_1_1209' title='bbox 1841 2024 1964 2061; x_wconf 70' lang='lat' dir='ltr'><strong>Tenes,</strong></span> <span class='ocrx_word' id='word_1_1210' title='bbox 1983 2024 2176 2062; x_wconf 76' lang='lat' dir='ltr'><strong>Seigneuries,</strong></span> <span class='ocrx_word' id='word_1_1211' title='bbox 2194 2023 2292 2062; x_wconf 56' lang='lat' dir='ltr'><strong>Paiis,</strong></span> 
     </span>
     <span class='ocr_line' id='line_1_135' title="bbox 1224 2059 2281 2100; baseline 0.002 -10"><span class='ocrx_word' id='word_1_1212' title='bbox 1224 2059 1332 2099; x_wconf 83' lang='lat' dir='ltr'><strong>Lieux,</strong></span> <span class='ocrx_word' id='word_1_1213' title='bbox 1350 2061 1498 2100; x_wconf 76' lang='lat' dir='ltr'><strong>Vaffauix,</strong></span> <span class='ocrx_word' id='word_1_1214' title='bbox 1516 2061 1668 2100; x_wconf 69' lang='lat' dir='ltr'><strong>Subgeets,</strong></span> <span class='ocrx_word' id='word_1_1215' title='bbox 1693 2062 1801 2100; x_wconf 87' lang='lat' dir='ltr'><strong>Alliez‚</strong></span> <span class='ocrx_word' id='word_1_1216' title='bbox 1820 2063 1852 2093; x_wconf 91' lang='lat'>&amp;</span> <span class='ocrx_word' id='word_1_1217' title='bbox 1870 2063 2032 2099; x_wconf 83' lang='lat' dir='ltr'><strong>Adherenz,</strong></span> <span class='ocrx_word' id='word_1_1218' title='bbox 2054 2063 2087 2093; x_wconf 75' lang='grc' dir='ltr'><strong>δε</strong></span> <span class='ocrx_word' id='word_1_1219' title='bbox 2104 2065 2200 2100; x_wconf 86' lang='lat' dir='ltr'><strong>Nous,</strong></span> <span class='ocrx_word' id='word_1_1220' title='bbox 2220 2071 2281 2092; x_wconf 85' lang='lat' dir='ltr'><strong>noz</strong></span> 
     </span>
     <span class='ocr_line' id='line_1_136' title="bbox 1220 2097 2281 2168; baseline 0.002 -39"><span class='ocrx_word' id='word_1_1221' title='bbox 1220 2097 1343 2168; x_wconf 40' lang='grc' dir='ltr'><strong>ἓυὶὲἓῐ,</strong></span> <span class='ocrx_word' id='word_1_1222' title='bbox 1361 2099 1450 2139; x_wconf 90' lang='lat' dir='ltr'><strong>Paiis,</strong></span> <span class='ocrx_word' id='word_1_1223' title='bbox 1469 2100 1588 2138; x_wconf 86' lang='lat' dir='ltr'><strong>Terres,</strong></span> <span class='ocrx_word' id='word_1_1224' title='bbox 1613 2100 1802 2139; x_wconf 78' lang='lat' dir='ltr'><strong>Seigneuries,</strong></span> <span class='ocrx_word' id='word_1_1225' title='bbox 1820 2100 1969 2139; x_wconf 81' lang='lat' dir='ltr'><strong>Vassaulx,</strong></span> <span class='ocrx_word' id='word_1_1226' title='bbox 1995 2100 2151 2139; x_wconf 69' lang='lat' dir='ltr'><strong>subgeets,</strong></span> <span class='ocrx_word' id='word_1_1227' title='bbox 2170 2101 2281 2139; x_wconf 86' lang='lat' dir='ltr'><strong>Alliez,</strong></span> 
     </span>
     <span class='ocr_line' id='line_1_137' title="bbox 1335 2147 1423 2168; baseline 0 0"><span class='ocrx_word' id='word_1_1228' title='bbox 1335 2147 1423 2168; x_wconf 88' lang='lat' dir='ltr'><strong>erenz</strong></span> 
     </span>
    </p>

    <p class='ocr_par' dir='ltr' id='par_1_42' title="bbox 1221 2162 2286 2400">
     <span class='ocr_line' id='line_1_138' title="bbox 1257 2162 2281 2216; baseline 0.003 -11"><span class='ocrx_word' id='word_1_1229' title='bbox 1257 2162 1469 2214; x_wconf 81' lang='lat' dir='ltr'><strong>Cognoissan’tz</strong></span> <span class='ocrx_word' id='word_1_1230' title='bbox 1483 2177 1508 2208; x_wconf 87' lang='lat' dir='ltr'><strong>la</strong></span> <span class='ocrx_word' id='word_1_1231' title='bbox 1524 2177 1630 2214; x_wconf 87' lang='lat' dir='ltr'><strong>grande</strong></span> <span class='ocrx_word' id='word_1_1232' title='bbox 1646 2178 1680 2208; x_wconf 88' lang='lat'>&amp;</span> <span class='ocrx_word' id='word_1_1233' title='bbox 1702 2177 1834 2215; x_wconf 69' lang='lat' dir='ltr'><strong>parfai&amp;e</strong></span> <span class='ocrx_word' id='word_1_1234' title='bbox 1851 2177 1980 2215; x_wconf 90' lang='lat' dir='ltr'><strong>Amour,</strong></span> <span class='ocrx_word' id='word_1_1235' title='bbox 1999 2187 2056 2216; x_wconf 90' lang='lat' dir='ltr'><strong>que</strong></span> <span class='ocrx_word' id='word_1_1236' title='bbox 2077 2187 2148 2208; x_wconf 89' lang='lat' dir='ltr'><strong>mon</strong></span> <span class='ocrx_word' id='word_1_1237' title='bbox 2164 2177 2205 2208; x_wconf 92' lang='lat' dir='ltr'><strong>dit</strong></span> <span class='ocrx_word' id='word_1_1238' title='bbox 2220 2177 2281 2208; x_wconf 86' lang='lat' dir='ltr'><strong>Sei-</strong></span> 
     </span>
     <span class='ocr_line' id='line_1_139' title="bbox 1223 2215 2279 2255; baseline 0.002 -11"><span class='ocrx_word' id='word_1_1239' title='bbox 1223 2223 1312 2251; x_wconf 89' lang='lat' dir='ltr'><strong>gneur</strong></span> <span class='ocrx_word' id='word_1_1240' title='bbox 1328 2217 1361 2246; x_wconf 76' lang='grc' dir='ltr'><strong>δε</strong></span> <span class='ocrx_word' id='word_1_1241' title='bbox 1380 2215 1433 2245; x_wconf 90' lang='lat' dir='ltr'><strong>Per</strong></span> <span class='ocrx_word' id='word_1_1242' title='bbox 1445 2226 1460 2245; x_wconf 92' lang='lat' dir='ltr'><strong>a</strong></span> <span class='ocrx_word' id='word_1_1243' title='bbox 1475 2217 1490 2246; x_wconf 75' lang='lat' dir='ltr'><strong>a</strong></span> <span class='ocrx_word' id='word_1_1244' title='bbox 1507 2216 1612 2253; x_wconf 90' lang='lat' dir='ltr'><strong>Nous,</strong></span> <span class='ocrx_word' id='word_1_1245' title='bbox 1629 2216 1698 2247; x_wconf 85' lang='lat' dir='ltr'><strong>&amp;la</strong></span> <span class='ocrx_word' id='word_1_1246' title='bbox 1715 2216 1896 2246; x_wconf 87' lang='lat' dir='ltr'><strong>Declaration</strong></span> <span class='ocrx_word' id='word_1_1247' title='bbox 1919 2216 1987 2254; x_wconf 88' lang='lat' dir='ltr'><strong>qu’il</strong></span> <span class='ocrx_word' id='word_1_1248' title='bbox 2005 2227 2020 2246; x_wconf 90' lang='lat' dir='ltr'><strong>a</strong></span> <span class='ocrx_word' id='word_1_1249' title='bbox 2038 2216 2136 2252; x_wconf 70' lang='lat' dir='ltr'><strong>faiete,</strong></span> <span class='ocrx_word' id='word_1_1250' title='bbox 2159 2225 2216 2246; x_wconf 91' lang='lat' dir='ltr'><strong>tant</strong></span> <span class='ocrx_word' id='word_1_1251' title='bbox 2232 2225 2279 2255; x_wconf 84' lang='lat' dir='ltr'><strong>par</strong></span> 
     </span>
     <span class='ocr_line' id='line_1_140' title="bbox 1221 2253 2281 2292; baseline 0.002 -9"><span class='ocrx_word' id='word_1_1252' title='bbox 1221 2253 1334 2292; x_wconf 86' lang='lat' dir='ltr'><strong>l&#39;envoy</strong></span> <span class='ocrx_word' id='word_1_1253' title='bbox 1347 2253 1385 2283; x_wconf 92' lang='lat' dir='ltr'><strong>du</strong></span> <span class='ocrx_word' id='word_1_1254' title='bbox 1399 2263 1479 2292; x_wconf 89' lang='lat' dir='ltr'><strong>grant</strong></span> <span class='ocrx_word' id='word_1_1255' title='bbox 1496 2255 1529 2286; x_wconf 68' lang='grc' dir='ltr'><strong>ὃς</strong></span> <span class='ocrx_word' id='word_1_1256' title='bbox 1545 2255 1616 2285; x_wconf 80' lang='lat' dir='ltr'><strong>beau</strong></span> <span class='ocrx_word' id='word_1_1257' title='bbox 1633 2254 1754 2285; x_wconf 86' lang='lat' dir='ltr'><strong>Secours</strong></span> <span class='ocrx_word' id='word_1_1258' title='bbox 1767 2254 1834 2292; x_wconf 84' lang='lat' dir='ltr'>qu&#39;ss</span> <span class='ocrx_word' id='word_1_1259' title='bbox 1850 2254 1937 2286; x_wconf 90' lang='lat' dir='ltr'><strong>Nous</strong></span> <span class='ocrx_word' id='word_1_1260' title='bbox 1951 2265 1966 2285; x_wconf 90' lang='lat' dir='ltr'><strong>a</strong></span> <span class='ocrx_word' id='word_1_1261' title='bbox 1980 2254 2029 2285; x_wconf 89' lang='lat' dir='ltr'><strong>fait</strong></span> <span class='ocrx_word' id='word_1_1262' title='bbox 2042 2264 2114 2292; x_wconf 87' lang='lat' dir='ltr'><strong>pour</strong></span> <span class='ocrx_word' id='word_1_1263' title='bbox 2130 2253 2238 2285; x_wconf 79' lang='lat' dir='ltr'><strong>Metire</strong></span> <span class='ocrx_word' id='word_1_1264' title='bbox 2247 2254 2281 2285; x_wconf 89' lang='lat'>&amp;</span> 
     </span>
     <span class='ocr_line' id='line_1_141' title="bbox 1224 2290 2286 2330; baseline 0.002 -9"><span class='ocrx_word' id='word_1_1265' title='bbox 1224 2290 1356 2330; x_wconf 75' lang='lat' dir='ltr'><strong>Expulier</strong></span> <span class='ocrx_word' id='word_1_1266' title='bbox 1372 2293 1436 2322; x_wconf 90' lang='lat' dir='ltr'><strong>hors</strong></span> <span class='ocrx_word' id='word_1_1267' title='bbox 1450 2292 1544 2322; x_wconf 88' lang='lat' dir='ltr'><strong>nostre</strong></span> <span class='ocrx_word' id='word_1_1268' title='bbox 1558 2292 1631 2322; x_wconf 86' lang='lat' dir='ltr'><strong>Paiis</strong></span> <span class='ocrx_word' id='word_1_1269' title='bbox 1643 2294 1676 2323; x_wconf 90' lang='lat'>&amp;</span> <span class='ocrx_word' id='word_1_1270' title='bbox 1689 2292 1805 2323; x_wconf 91' lang='lat' dir='ltr'><strong>Duchie</strong></span> <span class='ocrx_word' id='word_1_1271' title='bbox 1826 2301 1886 2323; x_wconf 90' lang='lat' dir='ltr'><strong>noz</strong></span> <span class='ocrx_word' id='word_1_1272' title='bbox 1906 2292 2042 2323; x_wconf 88' lang='lat' dir='ltr'><strong>Ennemis</strong></span> <span class='ocrx_word' id='word_1_1273' title='bbox 2061 2294 2094 2324; x_wconf 70' lang='grc' dir='ltr'><strong>ὃ(</strong></span> <span class='ocrx_word' id='word_1_1274' title='bbox 2110 2292 2286 2323; x_wconf 71' lang='lat' dir='ltr'><strong>Adversaires</strong></span> 
     </span>
     <span class='ocr_line' id='line_1_142' title="bbox 1224 2330 2282 2397; baseline 0.005 -38"><span class='ocrx_word' id='word_1_1275' title='bbox 1224 2331 1272 2397; x_wconf 59' lang='lat' dir='ltr'><strong>fini</strong></span> <span class='ocrx_word' id='word_1_1276' title='bbox 1289 2340 1305 2368; x_wconf 92' lang='lat' dir='ltr'>y</span> <span class='ocrx_word' id='word_1_1277' title='bbox 1322 2330 1456 2370; x_wconf 84' lang='lat' dir='ltr'><strong>estoient,</strong></span> <span class='ocrx_word' id='word_1_1278' title='bbox 1473 2341 1528 2369; x_wconf 87' lang='lat' dir='ltr'><strong>que</strong></span> <span class='ocrx_word' id='word_1_1279' title='bbox 1552 2340 1724 2369; x_wconf 87' lang='lat' dir='ltr'><strong>autrement,</strong></span> <span class='ocrx_word' id='word_1_1280' title='bbox 1742 2331 1815 2362; x_wconf 91' lang='lat' dir='ltr'><strong>dont</strong></span> <span class='ocrx_word' id='word_1_1281' title='bbox 1836 2341 1925 2362; x_wconf 87' lang='lat' dir='ltr'><strong>avons</strong></span> <span class='ocrx_word' id='word_1_1282' title='bbox 1945 2331 2002 2363; x_wconf 87' lang='lat' dir='ltr'><strong>este</strong></span> <span class='ocrx_word' id='word_1_1283' title='bbox 2021 2331 2206 2370; x_wconf 86' lang='lat' dir='ltr'><strong>grandement</strong></span> <span class='ocrx_word' id='word_1_1284' title='bbox 2220 2331 2282 2364; x_wconf 60' lang='lat' dir='ltr'><strong>Rea·</strong></span> 
     </span>
     <span class='ocr_line' id='line_1_143' title="bbox 1235 2377 1302 2400; baseline 0.03 -2"><span class='ocrx_word' id='word_1_1285' title='bbox 1235 2377 1302 2400; x_wconf 86' lang='lat' dir='ltr'><strong>evee</strong></span> 
     </span>
    </p>

    <p class='ocr_par' dir='ltr' id='par_1_43' title="bbox 1224 2392 2286 2553">
     <span class='ocr_line' id='line_1_144' title="bbox 1262 2392 2286 2447; baseline 0.001 -10"><span class='ocrx_word' id='word_1_1286' title='bbox 1262 2392 1467 2438; x_wconf 67' lang='lat' dir='ltr'><strong>Considerantz</strong></span> <span class='ocrx_word' id='word_1_1287' title='bbox 1480 2408 1597 2438; x_wconf 70' lang='lat' dir='ltr'><strong>mesmes</strong></span> <span class='ocrx_word' id='word_1_1288' title='bbox 1611 2407 1637 2438; x_wconf 90' lang='lat' dir='ltr'><strong>le</strong></span> <span class='ocrx_word' id='word_1_1289' title='bbox 1656 2417 1736 2447; x_wconf 87' lang='lat' dir='ltr'><strong>grant</strong></span> <span class='ocrx_word' id='word_1_1290' title='bbox 1758 2406 1846 2445; x_wconf 91' lang='lat' dir='ltr'><strong>Bien,</strong></span> <span class='ocrx_word' id='word_1_1291' title='bbox 1864 2406 1970 2438; x_wconf 87' lang='lat' dir='ltr'><strong>Utilite</strong></span> <span class='ocrx_word' id='word_1_1292' title='bbox 1981 2430 1990 2445; x_wconf 90' lang='lat'><strong>,</strong></span> <span class='ocrx_word' id='word_1_1293' title='bbox 2008 2407 2042 2438; x_wconf 94' lang='lat'>&amp;</span> <span class='ocrx_word' id='word_1_1294' title='bbox 2059 2407 2156 2438; x_wconf 89' lang='lat' dir='ltr'><strong>Seurte</strong></span> <span class='ocrx_word' id='word_1_1295' title='bbox 2179 2408 2227 2447; x_wconf 91' lang='lat' dir='ltr'><strong>qui</strong></span> <span class='ocrx_word' id='word_1_1296' title='bbox 2244 2407 2286 2439; x_wconf 87' lang='lat' dir='ltr'><strong>est</strong></span> 
     </span>
     <span class='ocr_line' id='line_1_145' title="bbox 1224 2445 2284 2485; baseline 0.001 -9"><span class='ocrx_word' id='word_1_1297' title='bbox 1224 2454 1314 2476; x_wconf 89' lang='lat' dir='ltr'><strong>avenu</strong></span> <span class='ocrx_word' id='word_1_1298' title='bbox 1329 2447 1362 2477; x_wconf 73' lang='grc' dir='ltr'><strong>ὅτ,</strong></span> <span class='ocrx_word' id='word_1_1299' title='bbox 1374 2456 1439 2485; x_wconf 90' lang='lat' dir='ltr'><strong>peut</strong></span> <span class='ocrx_word' id='word_1_1300' title='bbox 1456 2447 1544 2476; x_wconf 86' lang='lat' dir='ltr'><strong>ensuir</strong></span> <span class='ocrx_word' id='word_1_1301' title='bbox 1560 2457 1575 2477; x_wconf 86' lang='lat' dir='ltr'><strong>a</strong></span> <span class='ocrx_word' id='word_1_1302' title='bbox 1593 2446 1699 2484; x_wconf 91' lang='lat' dir='ltr'><strong>Nous,</strong></span> <span class='ocrx_word' id='word_1_1303' title='bbox 1716 2456 1767 2476; x_wconf 92' lang='lat' dir='ltr'><strong>nos</strong></span> <span class='ocrx_word' id='word_1_1304' title='bbox 1781 2447 1841 2477; x_wconf 90' lang='lat' dir='ltr'><strong>ditz</strong></span> <span class='ocrx_word' id='word_1_1305' title='bbox 1860 2445 1931 2475; x_wconf 85' lang='lat' dir='ltr'><strong>Paiis</strong></span> <span class='ocrx_word' id='word_1_1306' title='bbox 1946 2447 1979 2477; x_wconf 90' lang='lat'>&amp;</span> <span class='ocrx_word' id='word_1_1307' title='bbox 1989 2446 2125 2485; x_wconf 57' lang='lat' dir='ltr'><strong>Subge&amp;</strong></span> <span class='ocrx_word' id='word_1_1308' title='bbox 2140 2457 2175 2477; x_wconf 83' lang='lat' dir='ltr'><strong>au</strong></span> <span class='ocrx_word' id='word_1_1309' title='bbox 2186 2448 2284 2477; x_wconf 86' lang='lat' dir='ltr'><strong>moieri</strong></span> 
     </span>
     <span class='ocr_line' id='line_1_146' title="bbox 1225 2483 2286 2553; baseline 0.001 -38"><span class='ocrx_word' id='word_1_1310' title='bbox 1225 2484 1514 2553; x_wconf 71' lang='lat' dir='ltr'><strong>dAeul&#39;entretenenient</strong></span> <span class='ocrx_word' id='word_1_1311' title='bbox 1534 2485 1581 2515; x_wconf 87' lang='lat' dir='ltr'><strong>des</strong></span> <span class='ocrx_word' id='word_1_1312' title='bbox 1601 2484 1670 2516; x_wconf 84' lang='lat' dir='ltr'><strong>dites</strong></span> <span class='ocrx_word' id='word_1_1313' title='bbox 1689 2486 1798 2515; x_wconf 88' lang='lat' dir='ltr'><strong>bonnes</strong></span> <span class='ocrx_word' id='word_1_1314' title='bbox 1814 2484 1963 2523; x_wconf 83' lang='lat' dir='ltr'><strong>Amitiez,</strong></span> <span class='ocrx_word' id='word_1_1315' title='bbox 1978 2483 2234 2524; x_wconf 81' lang='lat' dir='ltr'><strong>ConfedetationS,</strong></span> <span class='ocrx_word' id='word_1_1316' title='bbox 2251 2486 2286 2516; x_wconf 70' lang='lat' dir='ltr'><strong>sc</strong></span> 
     </span>
    </p>

    <p class='ocr_par' dir='ltr' id='par_1_44' title="bbox 1275 2534 1365 2554">
     <span class='ocr_line' id='line_1_147' title="bbox 1275 2534 1365 2554; baseline 0.022 -2"><span class='ocrx_word' id='word_1_1317' title='bbox 1275 2534 1365 2554; x_wconf 84' lang='lat' dir='ltr'><strong>iances</strong></span> 
     </span>
    </p>

    <p class='ocr_par' dir='ltr' id='par_1_45' title="bbox 1225 2546 2289 2680">
     <span class='ocr_line' id='line_1_148' title="bbox 1265 2546 2285 2600; baseline 0 -9"><span class='ocrx_word' id='word_1_1318' title='bbox 1265 2546 1394 2591; x_wconf 61' lang='lat' dir='ltr'><strong>Desiraiis</strong></span> <span class='ocrx_word' id='word_1_1319' title='bbox 1406 2561 1442 2592; x_wconf 92' lang='lat' dir='ltr'><strong>de</strong></span> <span class='ocrx_word' id='word_1_1320' title='bbox 1455 2569 1518 2593; x_wconf 90' lang='lat' dir='ltr'><strong>tout</strong></span> <span class='ocrx_word' id='word_1_1321' title='bbox 1532 2561 1629 2592; x_wconf 91' lang='lat' dir='ltr'><strong>nostre</strong></span> <span class='ocrx_word' id='word_1_1322' title='bbox 1643 2572 1730 2592; x_wconf 91' lang='lat' dir='ltr'><strong>cueur</strong></span> <span class='ocrx_word' id='word_1_1323' title='bbox 1745 2561 1837 2593; x_wconf 88' lang='lat' dir='ltr'><strong>icelles</strong></span> <span class='ocrx_word' id='word_1_1324' title='bbox 1851 2560 1887 2591; x_wconf 92' lang='lat' dir='ltr'><strong>de</strong></span> <span class='ocrx_word' id='word_1_1325' title='bbox 1901 2560 1994 2592; x_wconf 82' lang='lat' dir='ltr'><strong>nostre</strong></span> <span class='ocrx_word' id='word_1_1326' title='bbox 2010 2569 2068 2599; x_wconf 88' lang='lat' dir='ltr'><strong>part</strong></span> <span class='ocrx_word' id='word_1_1327' title='bbox 2083 2561 2180 2600; x_wconf 84' lang='lat' dir='ltr'><strong>garder</strong></span> <span class='ocrx_word' id='word_1_1328' title='bbox 2192 2561 2225 2592; x_wconf 65' lang='grc' dir='ltr'><strong>ὃς</strong></span> <span class='ocrx_word' id='word_1_1329' title='bbox 2234 2571 2285 2591; x_wconf 88' lang='lat' dir='ltr'><strong>en-</strong></span> 
     </span>
     <span class='ocr_line' id='line_1_149' title="bbox 1225 2599 2285 2638; baseline -0.002 -8"><span class='ocrx_word' id='word_1_1330' title='bbox 1225 2602 1354 2638; x_wconf 71' lang='lat' dir='ltr'><strong>tretenir,</strong></span> <span class='ocrx_word' id='word_1_1331' title='bbox 1375 2602 1408 2631; x_wconf 86' lang='lat'>&amp;</span> <span class='ocrx_word' id='word_1_1332' title='bbox 1423 2601 1546 2631; x_wconf 88' lang='lat' dir='ltr'><strong>declerei·</strong></span> <span class='ocrx_word' id='word_1_1333' title='bbox 1561 2601 1593 2631; x_wconf 71' lang='grc' dir='ltr'><strong>δε</strong></span> <span class='ocrx_word' id='word_1_1334' title='bbox 1608 2609 1769 2631; x_wconf 87' lang='lat' dir='ltr'><strong>acertcnner</strong></span> <span class='ocrx_word' id='word_1_1335' title='bbox 1787 2609 1859 2629; x_wconf 91' lang='lat' dir='ltr'><strong>mon</strong></span> <span class='ocrx_word' id='word_1_1336' title='bbox 1873 2600 1914 2629; x_wconf 91' lang='lat' dir='ltr'><strong>dit</strong></span> <span class='ocrx_word' id='word_1_1337' title='bbox 1929 2599 2062 2638; x_wconf 86' lang='lat' dir='ltr'><strong>Seigneur</strong></span> <span class='ocrx_word' id='word_1_1338' title='bbox 2088 2602 2120 2630; x_wconf 85' lang='lat'><strong>&amp;</strong></span> <span class='ocrx_word' id='word_1_1339' title='bbox 2136 2599 2245 2630; x_wconf 81' lang='lat' dir='ltr'><strong>Coulin</strong></span> <span class='ocrx_word' id='word_1_1340' title='bbox 2259 2599 2285 2629; x_wconf 87' lang='lat' dir='ltr'><strong>le</strong></span> 
     </span>
     <span class='ocr_line' id='line_1_150' title="bbox 1225 2637 2289 2680; baseline 0 -12"><span class='ocrx_word' id='word_1_1341' title='bbox 1225 2642 1281 2680; x_wconf 83' lang='lat' dir='ltr'><strong>Roy</strong></span> <span class='ocrx_word' id='word_1_1342' title='bbox 1298 2640 1334 2668; x_wconf 90' lang='lat' dir='ltr'><strong>de</strong></span> <span class='ocrx_word' id='word_1_1343' title='bbox 1350 2639 1443 2669; x_wconf 85' lang='lat' dir='ltr'><strong>nostre</strong></span> <span class='ocrx_word' id='word_1_1344' title='bbox 1462 2639 1592 2669; x_wconf 88' lang='lat' dir='ltr'><strong>Voulloir</strong></span> <span class='ocrx_word' id='word_1_1345' title='bbox 1605 2640 1638 2670; x_wconf 91' lang='lat'>&amp;</span> <span class='ocrx_word' id='word_1_1346' title='bbox 1661 2638 1804 2669; x_wconf 89' lang='lat' dir='ltr'><strong>Intention</strong></span> <span class='ocrx_word' id='word_1_1347' title='bbox 1821 2639 1959 2670; x_wconf 77' lang='lat' dir='ltr'><strong>touchant</strong></span> <span class='ocrx_word' id='word_1_1348' title='bbox 1982 2648 2032 2676; x_wconf 88' lang='lat' dir='ltr'><strong>ce,</strong></span> <span class='ocrx_word' id='word_1_1349' title='bbox 2049 2637 2117 2668; x_wconf 85' lang='lat' dir='ltr'><strong>aussi</strong></span> <span class='ocrx_word' id='word_1_1350' title='bbox 2137 2639 2172 2669; x_wconf 89' lang='lat' dir='ltr'><strong>de</strong></span> <span class='ocrx_word' id='word_1_1351' title='bbox 2192 2638 2289 2668; x_wconf 86' lang='lat' dir='ltr'><strong>l&#39;Estat</strong></span> 
     </span>
    </p>
   </div>
   <div class='ocr_carea' id='block_1_28' title="bbox 1226 2675 2291 2755">
    <p class='ocr_par' dir='ltr' id='par_1_46' title="bbox 1226 2675 2291 2755">
     <span class='ocr_line' id='line_1_151' title="bbox 1226 2675 2291 2717; baseline -0.004 -7"><span class='ocrx_word' id='word_1_1352' title='bbox 1226 2682 1259 2710; x_wconf 72' lang='grc' dir='ltr'><strong>δε</strong></span> <span class='ocrx_word' id='word_1_1353' title='bbox 1277 2677 1437 2717; x_wconf 88' lang='lat' dir='ltr'><strong>disposition</strong></span> <span class='ocrx_word' id='word_1_1354' title='bbox 1451 2677 1486 2707; x_wconf 92' lang='lat' dir='ltr'><strong>de</strong></span> <span class='ocrx_word' id='word_1_1355' title='bbox 1500 2686 1558 2707; x_wconf 89' lang='lat' dir='ltr'><strong>noz</strong></span> <span class='ocrx_word' id='word_1_1356' title='bbox 1573 2676 1706 2708; x_wconf 81' lang='lat' dir='ltr'><strong>Matieres</strong></span> <span class='ocrx_word' id='word_1_1357' title='bbox 1725 2677 1758 2708; x_wconf 71' lang='grc' dir='ltr'><strong>ὅ(-</strong></span> <span class='ocrx_word' id='word_1_1358' title='bbox 1775 2675 1910 2714; x_wconf 78' lang='lat' dir='ltr'><strong>Affiiires,</strong></span> <span class='ocrx_word' id='word_1_1359' title='bbox 1927 2685 2046 2707; x_wconf 89' lang='lat' dir='ltr'><strong>comme</strong></span> <span class='ocrx_word' id='word_1_1360' title='bbox 2061 2685 2132 2707; x_wconf 88' lang='lat' dir='ltr'><strong>mon</strong></span> <span class='ocrx_word' id='word_1_1361' title='bbox 2156 2677 2215 2707; x_wconf 86' lang='lat' dir='ltr'><strong>bon</strong></span> <span class='ocrx_word' id='word_1_1362' title='bbox 2229 2676 2291 2708; x_wconf 88' lang='lat' dir='ltr'><strong>Sei-</strong></span> 
     </span>
     <span class='ocr_line' id='line_1_152' title="bbox 1229 2715 1469 2755; baseline -0.004 -9"><span class='ocrx_word' id='word_1_1363' title='bbox 1229 2725 1317 2755; x_wconf 84' lang='lat' dir='ltr'><strong>gneur</strong></span> <span class='ocrx_word' id='word_1_1364' title='bbox 1332 2717 1364 2747; x_wconf 87' lang='lat'>&amp;</span> <span class='ocrx_word' id='word_1_1365' title='bbox 1381 2715 1469 2754; x_wconf 86' lang='lat' dir='ltr'><strong>Pere,</strong></span> 
     </span>
    </p>
   </div>
   <div class='ocr_carea' id='block_1_29' title="bbox 1228 2753 2337 4059">
    <p class='ocr_par' dir='ltr' id='par_1_47' title="bbox 1264 2753 1669 2794">
     <span class='ocr_line' id='line_1_153' title="bbox 1264 2753 1669 2794; baseline 0 -10"><span class='ocrx_word' id='word_1_1366' title='bbox 1264 2753 1478 2794; x_wconf 71' lang='lat' dir='ltr'><strong>Savoirfasfins</strong></span> <span class='ocrx_word' id='word_1_1367' title='bbox 1493 2763 1548 2792; x_wconf 83' lang='lat' dir='ltr'><strong>que</strong></span> <span class='ocrx_word' id='word_1_1368' title='bbox 1564 2753 1669 2792; x_wconf 82' lang='lat' dir='ltr'><strong>Nous,</strong></span> 
     </span>
    </p>

    <p class='ocr_par' dir='ltr' id='par_1_48' title="bbox 1228 2790 2294 3179">
     <span class='ocr_line' id='line_1_154' title="bbox 1268 2790 2289 2830; baseline -0.003 -7"><span class='ocrx_word' id='word_1_1369' title='bbox 1268 2793 1295 2823; x_wconf 91' lang='lat' dir='ltr'>A</span> <span class='ocrx_word' id='word_1_1370' title='bbox 1309 2793 1381 2830; x_wconf 86' lang='lat' dir='ltr'><strong>plain</strong></span> <span class='ocrx_word' id='word_1_1371' title='bbox 1398 2793 1524 2824; x_wconf 77' lang='lat' dir='ltr'><strong>conflans</strong></span> <span class='ocrx_word' id='word_1_1372' title='bbox 1538 2794 1572 2824; x_wconf 89' lang='lat'>&amp;</span> <span class='ocrx_word' id='word_1_1373' title='bbox 1588 2793 1652 2824; x_wconf 92' lang='lat' dir='ltr'><strong>bien</strong></span> <span class='ocrx_word' id='word_1_1374' title='bbox 1662 2799 1830 2822; x_wconf 86' lang='lat' dir='ltr'><strong>acertennez</strong></span> <span class='ocrx_word' id='word_1_1375' title='bbox 1843 2791 1891 2823; x_wconf 91' lang='lat' dir='ltr'><strong>des</strong></span> <span class='ocrx_word' id='word_1_1376' title='bbox 1900 2791 1982 2830; x_wconf 84' lang='lat' dir='ltr'><strong>Sens,</strong></span> <span class='ocrx_word' id='word_1_1377' title='bbox 2001 2790 2159 2828; x_wconf 85' lang='lat' dir='ltr'><strong>Honneur,</strong></span> <span class='ocrx_word' id='word_1_1378' title='bbox 2175 2790 2289 2830; x_wconf 87' lang='lat' dir='ltr'><strong>Loyau-</strong></span> 
     </span>
     <span class='ocr_line' id='line_1_155' title="bbox 1230 2828 2287 2870; baseline -0.004 -8"><span class='ocrx_word' id='word_1_1379' title='bbox 1230 2840 1274 2869; x_wconf 87' lang='lat' dir='ltr'><strong>te,</strong></span> <span class='ocrx_word' id='word_1_1380' title='bbox 1292 2833 1388 2862; x_wconf 91' lang='lat' dir='ltr'><strong>bonne</strong></span> <span class='ocrx_word' id='word_1_1381' title='bbox 1409 2832 1585 2869; x_wconf 70' lang='lat' dir='ltr'><strong>conduicte,</strong></span> <span class='ocrx_word' id='word_1_1382' title='bbox 1604 2832 1637 2863; x_wconf 90' lang='lat'>&amp;</span> <span class='ocrx_word' id='word_1_1383' title='bbox 1651 2831 1788 2870; x_wconf 87' lang='lat' dir='ltr'><strong>diligence</strong></span> <span class='ocrx_word' id='word_1_1384' title='bbox 1808 2831 1843 2861; x_wconf 90' lang='lat' dir='ltr'><strong>de</strong></span> <span class='ocrx_word' id='word_1_1385' title='bbox 1866 2830 1962 2861; x_wconf 89' lang='lat' dir='ltr'><strong>nostre</strong></span> <span class='ocrx_word' id='word_1_1386' title='bbox 1977 2830 2055 2860; x_wconf 87' lang='lat' dir='ltr'><strong>chier</strong></span> <span class='ocrx_word' id='word_1_1387' title='bbox 2072 2831 2136 2859; x_wconf 87' lang='lat' dir='ltr'><strong>bien</strong></span> <span class='ocrx_word' id='word_1_1388' title='bbox 2152 2839 2214 2859; x_wconf 87' lang='lat' dir='ltr'><strong>ame</strong></span> <span class='ocrx_word' id='word_1_1389' title='bbox 2235 2828 2287 2859; x_wconf 86' lang='lat' dir='ltr'><strong>feal</strong></span> 
     </span>
     <span class='ocr_line' id='line_1_156' title="bbox 1230 2866 2288 2908; baseline -0.005 -8"><span class='ocrx_word' id='word_1_1390' title='bbox 1230 2870 1398 2900; x_wconf 87' lang='lat' dir='ltr'><strong>Conseillier</strong></span> <span class='ocrx_word' id='word_1_1391' title='bbox 1415 2871 1448 2900; x_wconf 90' lang='lat'><strong>&amp;</strong></span> <span class='ocrx_word' id='word_1_1392' title='bbox 1467 2869 1652 2900; x_wconf 87' lang='lat' dir='ltr'><strong>Chambellan</strong></span> <span class='ocrx_word' id='word_1_1393' title='bbox 1670 2869 1801 2908; x_wconf 82' lang='lat' dir='ltr'><strong>Philippes</strong></span> <span class='ocrx_word' id='word_1_1394' title='bbox 1815 2868 2030 2898; x_wconf 81' lang='lat' dir='ltr'><strong>deMontauban</strong></span> <span class='ocrx_word' id='word_1_1395' title='bbox 2045 2866 2184 2896; x_wconf 84' lang='lat' dir='ltr'><strong>Chivalier</strong></span> <span class='ocrx_word' id='word_1_1396' title='bbox 2203 2872 2215 2883; x_wconf 74' lang='lat'><strong>·‘</strong></span> <span class='ocrx_word' id='word_1_1397' title='bbox 2231 2870 2288 2896; x_wconf 81' lang='lat' dir='ltr'><strong>Sei-</strong></span> 
     </span>
     <span class='ocr_line' id='line_1_157' title="bbox 1228 2905 2287 2946; baseline -0.003 -9"><span class='ocrx_word' id='word_1_1398' title='bbox 1228 2920 1312 2946; x_wconf 83' lang='lat' dir='ltr'><strong>gneur</strong></span> <span class='ocrx_word' id='word_1_1399' title='bbox 1328 2908 1358 2938; x_wconf 72' lang='lat' dir='ltr'><strong>de</strong></span> <span class='ocrx_word' id='word_1_1400' title='bbox 1385 2912 1450 2938; x_wconf 86' lang='lat' dir='ltr'><strong>Sem·</strong></span> <span class='ocrx_word' id='word_1_1401' title='bbox 1464 2908 1556 2938; x_wconf 88' lang='lat' dir='ltr'><strong>nostre</strong></span> <span class='ocrx_word' id='word_1_1402' title='bbox 1573 2907 1770 2944; x_wconf 84' lang='lat' dir='ltr'><strong>Chancellier,</strong></span> <span class='ocrx_word' id='word_1_1403' title='bbox 1789 2907 1822 2937; x_wconf 90' lang='lat'>&amp;</span> <span class='ocrx_word' id='word_1_1404' title='bbox 1836 2907 1870 2937; x_wconf 91' lang='lat' dir='ltr'><strong>de</strong></span> <span class='ocrx_word' id='word_1_1405' title='bbox 1884 2915 1943 2936; x_wconf 91' lang='lat' dir='ltr'><strong>noz</strong></span> <span class='ocrx_word' id='word_1_1406' title='bbox 1962 2907 2026 2936; x_wconf 88' lang='lat' dir='ltr'><strong>bien</strong></span> <span class='ocrx_word' id='word_1_1407' title='bbox 2040 2913 2121 2936; x_wconf 84' lang='lat' dir='ltr'><strong>amez</strong></span> <span class='ocrx_word' id='word_1_1408' title='bbox 2136 2906 2168 2936; x_wconf 67' lang='grc' dir='ltr'><strong>ὅ(</strong></span> <span class='ocrx_word' id='word_1_1409' title='bbox 2187 2905 2287 2943; x_wconf 71' lang='lat' dir='ltr'><strong>feaulx,</strong></span> 
     </span>
     <span class='ocr_line' id='line_1_158' title="bbox 1231 2942 2288 2983; baseline -0.003 -7"><span class='ocrx_word' id='word_1_1410' title='bbox 1231 2946 1384 2976; x_wconf 78' lang='lat' dir='ltr'><strong>Guillaume</strong></span> <span class='ocrx_word' id='word_1_1411' title='bbox 1399 2946 1542 2976; x_wconf 80' lang='lat' dir='ltr'><strong>Guillemet</strong></span> <span class='ocrx_word' id='word_1_1412' title='bbox 1559 2949 1682 2983; x_wconf 83' lang='lat' dir='ltr'><strong>Seigneur</strong></span> <span class='ocrx_word' id='word_1_1413' title='bbox 1696 2945 1728 2974; x_wconf 73' lang='lat' dir='ltr'><strong>de</strong></span> <span class='ocrx_word' id='word_1_1414' title='bbox 1743 2943 1896 2975; x_wconf 79' lang='lat' dir='ltr'><strong>Bothellitz</strong></span> <span class='ocrx_word' id='word_1_1415' title='bbox 1910 2943 2007 2975; x_wconf 84' lang='lat' dir='ltr'><strong>nostre</strong></span> <span class='ocrx_word' id='word_1_1416' title='bbox 2027 2943 2145 2974; x_wconf 85' lang='lat' dir='ltr'><strong>Maistre</strong></span> <span class='ocrx_word' id='word_1_1417' title='bbox 2159 2942 2269 2973; x_wconf 76' lang='lat' dir='ltr'><strong>d&#39;Ostel</strong></span> <span class='ocrx_word' id='word_1_1418' title='bbox 2278 2966 2288 2981; x_wconf 90' lang='lat'>‚</span> 
     </span>
     <span class='ocr_line' id='line_1_159' title="bbox 1231 2981 2294 3023; baseline -0.003 -9"><span class='ocrx_word' id='word_1_1419' title='bbox 1231 2985 1329 3023; x_wconf 78' lang='lat' dir='ltr'><strong>Jehan</strong></span> <span class='ocrx_word' id='word_1_1420' title='bbox 1342 2986 1374 3014; x_wconf 86' lang='lat' dir='ltr'><strong>de</strong></span> <span class='ocrx_word' id='word_1_1421' title='bbox 1390 2984 1581 3023; x_wconf 81' lang='lat' dir='ltr'><strong>Champballon</strong></span> <span class='ocrx_word' id='word_1_1422' title='bbox 1590 2983 1735 3013; x_wconf 79' lang='lat' dir='ltr'><strong>chevalier</strong></span> <span class='ocrx_word' id='word_1_1423' title='bbox 1749 2986 1874 3021; x_wconf 82' lang='lat' dir='ltr'><strong>Seigneur</strong></span> <span class='ocrx_word' id='word_1_1424' title='bbox 1887 2981 1919 3011; x_wconf 85' lang='lat' dir='ltr'><strong>de</strong></span> <span class='ocrx_word' id='word_1_1425' title='bbox 1933 2981 1962 3011; x_wconf 86' lang='lat' dir='ltr'><strong>la</strong></span> <span class='ocrx_word' id='word_1_1426' title='bbox 1972 2983 2101 3022; x_wconf 84' lang='lat' dir='ltr'><strong>Ricara&#39;ye</strong></span> <span class='ocrx_word' id='word_1_1427' title='bbox 2112 2981 2207 3012; x_wconf 87' lang='lat' dir='ltr'><strong>nostre</strong></span> <span class='ocrx_word' id='word_1_1428' title='bbox 2215 2981 2294 3019; x_wconf 84' lang='lat' dir='ltr'><strong>Cap-</strong></span> 
     </span>
     <span class='ocr_line' id='line_1_160' title="bbox 1233 3019 2292 3062; baseline -0.005 -8"><span class='ocrx_word' id='word_1_1429' title='bbox 1233 3025 1336 3062; x_wconf 81' lang='lat' dir='ltr'><strong>pitaine</strong></span> <span class='ocrx_word' id='word_1_1430' title='bbox 1348 3024 1382 3054; x_wconf 90' lang='lat' dir='ltr'><strong>de</strong></span> <span class='ocrx_word' id='word_1_1431' title='bbox 1399 3023 1582 3061; x_wconf 84' lang='lat' dir='ltr'><strong>Guerrande,</strong></span> <span class='ocrx_word' id='word_1_1432' title='bbox 1597 3031 1656 3053; x_wconf 86' lang='lat' dir='ltr'><strong>noz</strong></span> <span class='ocrx_word' id='word_1_1433' title='bbox 1670 3021 1886 3058; x_wconf 84' lang='lat' dir='ltr'><strong>Chambellans,</strong></span> <span class='ocrx_word' id='word_1_1434' title='bbox 1904 3020 2004 3058; x_wconf 87' lang='lat' dir='ltr'><strong>Jehan</strong></span> <span class='ocrx_word' id='word_1_1435' title='bbox 2019 3021 2050 3050; x_wconf 86' lang='lat' dir='ltr'><strong>de</strong></span> <span class='ocrx_word' id='word_1_1436' title='bbox 2064 3019 2161 3050; x_wconf 80' lang='lat' dir='ltr'><strong>Plouer</strong></span> <span class='ocrx_word' id='word_1_1437' title='bbox 2168 3023 2292 3062; x_wconf 62' lang='lat' dir='ltr'><strong>Seigaeieur</strong></span> 
     </span>
     <span class='ocr_line' id='line_1_161' title="bbox 1233 3058 2291 3097; baseline -0.006 -4"><span class='ocrx_word' id='word_1_1438' title='bbox 1233 3062 1264 3092; x_wconf 82' lang='lat' dir='ltr'><strong>de</strong></span> <span class='ocrx_word' id='word_1_1439' title='bbox 1285 3061 1464 3092; x_wconf 82' lang='lat' dir='ltr'><strong>Trevenaline</strong></span> <span class='ocrx_word' id='word_1_1440' title='bbox 1484 3060 1580 3091; x_wconf 91' lang='lat' dir='ltr'><strong>nostre</strong></span> <span class='ocrx_word' id='word_1_1441' title='bbox 1599 3060 1712 3091; x_wconf 90' lang='lat' dir='ltr'><strong>Escuiei·</strong></span> <span class='ocrx_word' id='word_1_1442' title='bbox 1733 3059 1907 3097; x_wconf 80' lang='lat' dir='ltr'><strong>d’Escuerie,</strong></span> <span class='ocrx_word' id='word_1_1443' title='bbox 1928 3059 2046 3089; x_wconf 90' lang='lat' dir='ltr'><strong>Maistre</strong></span> <span class='ocrx_word' id='word_1_1444' title='bbox 2065 3061 2170 3088; x_wconf 74' lang='lat' dir='ltr'><strong>Pierres</strong></span> <span class='ocrx_word' id='word_1_1445' title='bbox 2196 3058 2291 3096; x_wconf 80' lang='lat' dir='ltr'><strong>CoJalu</strong></span> 
     </span>
     <span class='ocr_line' id='line_1_162' title="bbox 1234 3096 2291 3137; baseline -0.005 -6"><span class='ocrx_word' id='word_1_1446' title='bbox 1234 3101 1330 3131; x_wconf 89' lang='lat' dir='ltr'><strong>nostre</strong></span> <span class='ocrx_word' id='word_1_1447' title='bbox 1343 3099 1510 3131; x_wconf 87' lang='lat' dir='ltr'><strong>Seniieschal</strong></span> <span class='ocrx_word' id='word_1_1448' title='bbox 1524 3099 1560 3130; x_wconf 92' lang='lat' dir='ltr'><strong>de</strong></span> <span class='ocrx_word' id='word_1_1449' title='bbox 1575 3097 1761 3137; x_wconf 86' lang='lat' dir='ltr'><strong>Guingamp‚</strong></span> <span class='ocrx_word' id='word_1_1450' title='bbox 1779 3100 1812 3130; x_wconf 90' lang='lat'>&amp;</span> <span class='ocrx_word' id='word_1_1451' title='bbox 1830 3097 1958 3128; x_wconf 76' lang='lat' dir='ltr'><strong>Maistres</strong></span> <span class='ocrx_word' id='word_1_1452' title='bbox 1972 3097 2069 3136; x_wconf 86' lang='lat' dir='ltr'><strong>Jehan</strong></span> <span class='ocrx_word' id='word_1_1453' title='bbox 2080 3097 2167 3126; x_wconf 71' lang='lat' dir='ltr'><strong>Gibon</strong></span> <span class='ocrx_word' id='word_1_1454' title='bbox 2182 3096 2291 3127; x_wconf 89' lang='lat' dir='ltr'><strong>Procu-</strong></span> 
     </span>
     <span class='ocr_line' id='line_1_163' title="bbox 1234 3134 2128 3179; baseline -0.004 -10"><span class='ocrx_word' id='word_1_1455' title='bbox 1234 3149 1297 3169; x_wconf 89' lang='lat' dir='ltr'><strong>reur</strong></span> <span class='ocrx_word' id='word_1_1456' title='bbox 1312 3139 1347 3170; x_wconf 92' lang='lat' dir='ltr'><strong>de</strong></span> <span class='ocrx_word' id='word_1_1457' title='bbox 1363 3140 1388 3169; x_wconf 89' lang='lat' dir='ltr'><strong>la</strong></span> <span class='ocrx_word' id='word_1_1458' title='bbox 1405 3138 1550 3168; x_wconf 83' lang='lat' dir='ltr'><strong>Chambre</strong></span> <span class='ocrx_word' id='word_1_1459' title='bbox 1564 3137 1600 3167; x_wconf 92' lang='lat' dir='ltr'><strong>de</strong></span> <span class='ocrx_word' id='word_1_1460' title='bbox 1615 3147 1672 3167; x_wconf 86' lang='lat' dir='ltr'><strong>noz</strong></span> <span class='ocrx_word' id='word_1_1461' title='bbox 1686 3137 1840 3176; x_wconf 77' lang='lat' dir='ltr'><strong>Compres,</strong></span> <span class='ocrx_word' id='word_1_1462' title='bbox 1858 3145 1917 3166; x_wconf 84' lang='lat' dir='ltr'><strong>noz.</strong></span> <span class='ocrx_word' id='word_1_1463' title='bbox 1932 3134 2128 3179; x_wconf 78' lang='lat' dir='ltr'><strong>Conseilliers,</strong></span> 
     </span>
    </p>

    <p class='ocr_par' dir='ltr' id='par_1_49' title="bbox 1234 3174 2293 3330">
     <span class='ocr_line' id='line_1_164' title="bbox 1271 3174 2287 3214; baseline -0.005 -7"><span class='ocrx_word' id='word_1_1464' title='bbox 1271 3177 1367 3209; x_wconf 81' lang='lat' dir='ltr'><strong>Iceulx</strong></span> <span class='ocrx_word' id='word_1_1465' title='bbox 1386 3187 1473 3207; x_wconf 84' lang='lat' dir='ltr'><strong>avons</strong></span> <span class='ocrx_word' id='word_1_1466' title='bbox 1487 3177 1627 3214; x_wconf 85' lang='lat' dir='ltr'><strong>commis,</strong></span> <span class='ocrx_word' id='word_1_1467' title='bbox 1644 3176 1804 3214; x_wconf 85' lang='lat' dir='ltr'><strong>depputez,</strong></span> <span class='ocrx_word' id='word_1_1468' title='bbox 1824 3176 1857 3206; x_wconf 90' lang='lat'>&amp;</span> <span class='ocrx_word' id='word_1_1469' title='bbox 1871 3174 2025 3212; x_wconf 61' lang='lat' dir='ltr'><strong>institua,</strong></span> <span class='ocrx_word' id='word_1_1470' title='bbox 2044 3175 2077 3204; x_wconf 88' lang='lat'>&amp;</span> <span class='ocrx_word' id='word_1_1471' title='bbox 2097 3183 2145 3214; x_wconf 86' lang='lat' dir='ltr'><strong>par</strong></span> <span class='ocrx_word' id='word_1_1472' title='bbox 2160 3183 2206 3203; x_wconf 86' lang='lat' dir='ltr'><strong>ces</strong></span> <span class='ocrx_word' id='word_1_1473' title='bbox 2224 3182 2287 3211; x_wconf 87' lang='lat' dir='ltr'><strong>pre-</strong></span> 
     </span>
     <span class='ocr_line' id='line_1_165' title="bbox 1234 3211 2291 3253; baseline -0.005 -7"><span class='ocrx_word' id='word_1_1474' title='bbox 1234 3216 1321 3247; x_wconf 89' lang='lat' dir='ltr'><strong>sentes</strong></span> <span class='ocrx_word' id='word_1_1475' title='bbox 1335 3224 1545 3251; x_wconf 85' lang='lat' dir='ltr'><strong>commettons,</strong></span> <span class='ocrx_word' id='word_1_1476' title='bbox 1561 3215 1737 3253; x_wconf 85' lang='lat' dir='ltr'><strong>depputons,</strong></span> <span class='ocrx_word' id='word_1_1477' title='bbox 1757 3214 1789 3244; x_wconf 85' lang='lat'>&amp;</span> <span class='ocrx_word' id='word_1_1478' title='bbox 1808 3211 1961 3243; x_wconf 87' lang='lat' dir='ltr'><strong>Instituons</strong></span> <span class='ocrx_word' id='word_1_1479' title='bbox 1979 3222 2037 3242; x_wconf 77' lang='lat' dir='ltr'><strong>noz</strong></span> <span class='ocrx_word' id='word_1_1480' title='bbox 2059 3212 2291 3249; x_wconf 77' lang='lat' dir='ltr'><strong>Ambaffideurs,</strong></span> 
     </span>
     <span class='ocr_line' id='line_1_166' title="bbox 1234 3250 2293 3291; baseline -0.003 -7"><span class='ocrx_word' id='word_1_1481' title='bbox 1234 3254 1468 3291; x_wconf 65' lang='lat' dir='ltr'><strong>Commisiaires,</strong></span> <span class='ocrx_word' id='word_1_1482' title='bbox 1487 3255 1519 3284; x_wconf 87' lang='lat'>&amp;</span> <span class='ocrx_word' id='word_1_1483' title='bbox 1536 3253 1725 3289; x_wconf 77' lang='lat' dir='ltr'><strong>Pmcureurs,</strong></span> <span class='ocrx_word' id='word_1_1484' title='bbox 1763 3262 1817 3282; x_wconf 93' lang='lat' dir='ltr'><strong>our</strong></span> <span class='ocrx_word' id='word_1_1485' title='bbox 1835 3252 1900 3282; x_wconf 90' lang='lat' dir='ltr'><strong>aller</strong></span> <span class='ocrx_word' id='word_1_1486' title='bbox 1916 3251 1949 3281; x_wconf 85' lang='lat'>&amp;</span> <span class='ocrx_word' id='word_1_1487' title='bbox 1970 3251 1996 3281; x_wconf 94' lang='lat' dir='ltr'><strong>se</strong></span> <span class='ocrx_word' id='word_1_1488' title='bbox 2012 3250 2179 3288; x_wconf 84' lang='lat' dir='ltr'><strong>transporter</strong></span> <span class='ocrx_word' id='word_1_1489' title='bbox 2193 3251 2293 3281; x_wconf 83' lang='lat' dir='ltr'><strong>devers</strong></span> 
     </span>
     <span class='ocr_line' id='line_1_167' title="bbox 1235 3288 2143 3330; baseline -0.008 -7"><span class='ocrx_word' id='word_1_1490' title='bbox 1235 3303 1307 3323; x_wconf 89' lang='lat' dir='ltr'><strong>mon</strong></span> <span class='ocrx_word' id='word_1_1491' title='bbox 1322 3293 1362 3323; x_wconf 90' lang='lat' dir='ltr'><strong>dit</strong></span> <span class='ocrx_word' id='word_1_1492' title='bbox 1379 3292 1535 3330; x_wconf 88' lang='lat' dir='ltr'><strong>Seigneur,</strong></span> <span class='ocrx_word' id='word_1_1493' title='bbox 1550 3291 1676 3329; x_wconf 81' lang='lat' dir='ltr'><strong>Couiin,</strong></span> <span class='ocrx_word' id='word_1_1494' title='bbox 1692 3292 1725 3321; x_wconf 71' lang='grc' dir='ltr'><strong>ὅ(</strong></span> <span class='ocrx_word' id='word_1_1495' title='bbox 1765 3300 1810 3320; x_wconf 85' lang='lat' dir='ltr'><strong>ere</strong></span> <span class='ocrx_word' id='word_1_1496' title='bbox 1824 3289 1848 3318; x_wconf 83' lang='lat' dir='ltr'><strong>le</strong></span> <span class='ocrx_word' id='word_1_1497' title='bbox 1862 3292 1917 3326; x_wconf 84' lang='lat' dir='ltr'><strong>Roy</strong></span> <span class='ocrx_word' id='word_1_1498' title='bbox 1931 3288 2143 3326; x_wconf 82' lang='lat' dir='ltr'><strong>d&#39;Angleterre‚</strong></span> 
     </span>
    </p>

    <p class='ocr_par' dir='ltr' id='par_1_50' title="bbox 1236 3326 2291 3410">
     <span class='ocr_line' id='line_1_168' title="bbox 1273 3326 2291 3369; baseline -0.004 -8"><span class='ocrx_word' id='word_1_1499' title='bbox 1273 3331 1309 3361; x_wconf 86' lang='lat' dir='ltr'><strong>Et</strong></span> <span class='ocrx_word' id='word_1_1500' title='bbox 1324 3331 1387 3369; x_wconf 91' lang='lat' dir='ltr'><strong>Luy</strong></span> <span class='ocrx_word' id='word_1_1501' title='bbox 1401 3332 1516 3368; x_wconf 77' lang='lat' dir='ltr'><strong>expoier</strong></span> <span class='ocrx_word' id='word_1_1502' title='bbox 1525 3332 1558 3361; x_wconf 87' lang='lat'>&amp;</span> <span class='ocrx_word' id='word_1_1503' title='bbox 1574 3330 1641 3360; x_wconf 69' lang='lat' dir='ltr'><strong>faire</strong></span> <span class='ocrx_word' id='word_1_1504' title='bbox 1654 3327 1865 3359; x_wconf 78' lang='lat' dir='ltr'><strong>remonstrance</strong></span> <span class='ocrx_word' id='word_1_1505' title='bbox 1878 3327 2028 3358; x_wconf 85' lang='lat' dir='ltr'><strong>d’aucunes</strong></span> <span class='ocrx_word' id='word_1_1506' title='bbox 2042 3326 2139 3357; x_wconf 84' lang='lat' dir='ltr'><strong>choses</strong></span> <span class='ocrx_word' id='word_1_1507' title='bbox 2153 3327 2291 3358; x_wconf 75' lang='lat' dir='ltr'><strong>touchans</strong></span> 
     </span>
     <span class='ocr_line' id='line_1_169' title="bbox 1236 3368 2207 3410; baseline -0.004 -10"><span class='ocrx_word' id='word_1_1508' title='bbox 1236 3379 1296 3400; x_wconf 86' lang='lat' dir='ltr'><strong>noz</strong></span> <span class='ocrx_word' id='word_1_1509' title='bbox 1312 3369 1446 3400; x_wconf 81' lang='lat' dir='ltr'><strong>Matieres</strong></span> <span class='ocrx_word' id='word_1_1510' title='bbox 1462 3369 1495 3399; x_wconf 60' lang='grc' dir='ltr'><strong>ὃς</strong></span> <span class='ocrx_word' id='word_1_1511' title='bbox 1509 3368 1625 3398; x_wconf 75' lang='lat' dir='ltr'><strong>Affiiires</strong></span> <span class='ocrx_word' id='word_1_1512' title='bbox 1635 3390 1644 3405; x_wconf 92' lang='lat'><strong>,</strong></span> <span class='ocrx_word' id='word_1_1513' title='bbox 1907 3404 1913 3409; x_wconf 20' lang='grc' dir='ltr'><strong>ἡ</strong></span> <span class='ocrx_word' id='word_1_1514' title='bbox 2201 3405 2207 3410; x_wconf 27' lang='grc'>1</span> 
     </span>
    </p>

    <p class='ocr_par' dir='ltr' id='par_1_51' title="bbox 1238 3402 2291 3515">
     <span class='ocr_line' id='line_1_170' title="bbox 1275 3402 2290 3446; baseline -0.002 -9"><span class='ocrx_word' id='word_1_1515' title='bbox 1275 3408 1310 3437; x_wconf 88' lang='lat' dir='ltr'><strong>Et</strong></span> <span class='ocrx_word' id='word_1_1516' title='bbox 1326 3417 1396 3446; x_wconf 89' lang='lat' dir='ltr'><strong>pour</strong></span> <span class='ocrx_word' id='word_1_1517' title='bbox 1413 3409 1436 3437; x_wconf 88' lang='lat' dir='ltr'><strong>le</strong></span> <span class='ocrx_word' id='word_1_1518' title='bbox 1451 3408 1516 3437; x_wconf 86' lang='lat' dir='ltr'><strong>bien</strong></span> <span class='ocrx_word' id='word_1_1519' title='bbox 1532 3407 1565 3437; x_wconf 70' lang='grc' dir='ltr'><strong>δε</strong></span> <span class='ocrx_word' id='word_1_1520' title='bbox 1582 3414 1805 3437; x_wconf 89' lang='lat' dir='ltr'><strong>entretenement</strong></span> <span class='ocrx_word' id='word_1_1521' title='bbox 1817 3405 1865 3435; x_wconf 83' lang='lat' dir='ltr'><strong>des</strong></span> <span class='ocrx_word' id='word_1_1522' title='bbox 1886 3403 1955 3433; x_wconf 88' lang='lat' dir='ltr'><strong>dites</strong></span> <span class='ocrx_word' id='word_1_1523' title='bbox 1977 3403 2086 3433; x_wconf 82' lang='lat' dir='ltr'><strong>bonnes</strong></span> <span class='ocrx_word' id='word_1_1524' title='bbox 2110 3402 2238 3442; x_wconf 87' lang='lat' dir='ltr'><strong>Amyties</strong></span> <span class='ocrx_word' id='word_1_1525' title='bbox 2255 3405 2290 3435; x_wconf 73' lang='grc' dir='ltr'><strong>δε</strong></span> 
     </span>
     <span class='ocr_line' id='line_1_171' title="bbox 1238 3440 2291 3501; baseline -0.008 -24"><span class='ocrx_word' id='word_1_1526' title='bbox 1238 3446 1377 3501; x_wconf 66' lang='grc' dir='ltr'><strong>Α11ἰειῃεεε</strong></span> <span class='ocrx_word' id='word_1_1527' title='bbox 1390 3447 1496 3477; x_wconf 84' lang='lat' dir='ltr'><strong>d&#39;entre</strong></span> <span class='ocrx_word' id='word_1_1528' title='bbox 1515 3455 1585 3475; x_wconf 87' lang='lat' dir='ltr'><strong>mon</strong></span> <span class='ocrx_word' id='word_1_1529' title='bbox 1602 3445 1642 3475; x_wconf 84' lang='lat' dir='ltr'><strong>dit</strong></span> <span class='ocrx_word' id='word_1_1530' title='bbox 1657 3444 1792 3483; x_wconf 84' lang='lat' dir='ltr'><strong>Seigneur</strong></span> <span class='ocrx_word' id='word_1_1531' title='bbox 1807 3442 1914 3473; x_wconf 85' lang='lat' dir='ltr'><strong>Cousin</strong></span> <span class='ocrx_word' id='word_1_1532' title='bbox 1927 3443 1960 3472; x_wconf 91' lang='lat'>&amp;</span> <span class='ocrx_word' id='word_1_1533' title='bbox 1977 3441 2047 3471; x_wconf 92' lang='lat' dir='ltr'><strong>Pere</strong></span> <span class='ocrx_word' id='word_1_1534' title='bbox 2056 3440 2081 3471; x_wconf 90' lang='lat' dir='ltr'><strong>le</strong></span> <span class='ocrx_word' id='word_1_1535' title='bbox 2094 3444 2165 3482; x_wconf 80' lang='lat' dir='ltr'><strong>Roy,</strong></span> <span class='ocrx_word' id='word_1_1536' title='bbox 2182 3440 2242 3477; x_wconf 63' lang='lat' dir='ltr'><strong>&amp;e</strong></span> <span class='ocrx_word' id='word_1_1537' title='bbox 2257 3442 2291 3473; x_wconf 75' lang='grc' dir='ltr'><strong>ὃς</strong></span> 
     </span>
     <span class='ocr_line' id='line_1_172' title="bbox 1241 3485 1329 3515; baseline -0.011 0"><span class='ocrx_word' id='word_1_1538' title='bbox 1241 3485 1329 3515; x_wconf 57' lang='lat' dir='ltr'><strong>boiis</strong></span> 
     </span>
    </p>

    <p class='ocr_par' dir='ltr' id='par_1_52' title="bbox 1239 3508 2337 4059">
     <span class='ocr_line' id='line_1_173' title="bbox 1278 3508 2295 3558; baseline -0.005 -5"><span class='ocrx_word' id='word_1_1539' title='bbox 1278 3523 1323 3553; x_wconf 83' lang='lat' dir='ltr'><strong>En</strong></span> <span class='ocrx_word' id='word_1_1540' title='bbox 1334 3508 1395 3553; x_wconf 78' lang='lat' dir='ltr'><strong>leur</strong></span> <span class='ocrx_word' id='word_1_1541' title='bbox 1411 3523 1537 3553; x_wconf 86' lang='lat' dir='ltr'><strong>donnant</strong></span> <span class='ocrx_word' id='word_1_1542' title='bbox 1553 3523 1585 3553; x_wconf 91' lang='lat'>&amp;</span> <span class='ocrx_word' id='word_1_1543' title='bbox 1600 3522 1733 3552; x_wconf 89' lang='lat' dir='ltr'><strong>donnons</strong></span> <span class='ocrx_word' id='word_1_1544' title='bbox 1755 3529 1802 3558; x_wconf 87' lang='lat' dir='ltr'><strong>par</strong></span> <span class='ocrx_word' id='word_1_1545' title='bbox 1818 3529 1865 3549; x_wconf 92' lang='lat' dir='ltr'><strong>ces</strong></span> <span class='ocrx_word' id='word_1_1546' title='bbox 1886 3518 1940 3548; x_wconf 91' lang='lat' dir='ltr'><strong>dits</strong></span> <span class='ocrx_word' id='word_1_1547' title='bbox 1962 3517 2096 3555; x_wconf 88' lang='lat' dir='ltr'><strong>presentes</strong></span> <span class='ocrx_word' id='word_1_1548' title='bbox 2111 3519 2144 3549; x_wconf 90' lang='lat'>&amp;</span> <span class='ocrx_word' id='word_1_1549' title='bbox 2165 3529 2179 3549; x_wconf 90' lang='lat' dir='ltr'><strong>a</strong></span> <span class='ocrx_word' id='word_1_1550' title='bbox 2198 3519 2295 3558; x_wconf 83' lang='lat' dir='ltr'><strong>Troys</strong></span> 
     </span>
     <span class='ocr_line' id='line_1_174' title="bbox 1239 3557 2294 3599; baseline -0.006 -7"><span class='ocrx_word' id='word_1_1551' title='bbox 1239 3561 1329 3592; x_wconf 83' lang='lat' dir='ltr'><strong>d’eulx</strong></span> <span class='ocrx_word' id='word_1_1552' title='bbox 1345 3563 1446 3599; x_wconf 89' lang='lat' dir='ltr'><strong>povoir</strong></span> <span class='ocrx_word' id='word_1_1553' title='bbox 1462 3561 1497 3591; x_wconf 91' lang='lat' dir='ltr'><strong>de</strong></span> <span class='ocrx_word' id='word_1_1554' title='bbox 1515 3570 1570 3591; x_wconf 79' lang='lat' dir='ltr'><strong>tant</strong></span> <span class='ocrx_word' id='word_1_1555' title='bbox 1586 3560 1628 3590; x_wconf 92' lang='lat' dir='ltr'><strong>sur</strong></span> <span class='ocrx_word' id='word_1_1556' title='bbox 1643 3559 1732 3589; x_wconf 91' lang='lat' dir='ltr'><strong>icelles</strong></span> <span class='ocrx_word' id='word_1_1557' title='bbox 1748 3567 1844 3595; x_wconf 82' lang='lat' dir='ltr'><strong>vroyes</strong></span> <span class='ocrx_word' id='word_1_1558' title='bbox 1859 3558 1892 3587; x_wconf 87' lang='lat'>&amp;</span> <span class='ocrx_word' id='word_1_1559' title='bbox 1908 3557 2018 3594; x_wconf 81' lang='lat' dir='ltr'><strong>loyalles</strong></span> <span class='ocrx_word' id='word_1_1560' title='bbox 2034 3557 2134 3587; x_wconf 89' lang='lat' dir='ltr'><strong>fermes</strong></span> <span class='ocrx_word' id='word_1_1561' title='bbox 2148 3559 2181 3588; x_wconf 92' lang='lat'>&amp;</span> <span class='ocrx_word' id='word_1_1562' title='bbox 2196 3567 2294 3596; x_wconf 90' lang='lat' dir='ltr'><strong>perpe-</strong></span> 
     </span>
     <span class='ocr_line' id='line_1_175' title="bbox 1240 3595 2293 3637; baseline -0.005 -8"><span class='ocrx_word' id='word_1_1563' title='bbox 1240 3601 1334 3631; x_wconf 81' lang='lat' dir='ltr'><strong>tuelles</strong></span> <span class='ocrx_word' id='word_1_1564' title='bbox 1348 3600 1434 3637; x_wconf 76' lang='lat' dir='ltr'><strong>Paix,</strong></span> <span class='ocrx_word' id='word_1_1565' title='bbox 1455 3599 1578 3628; x_wconf 85' lang='lat' dir='ltr'><strong>Amitiez</strong></span> <span class='ocrx_word' id='word_1_1566' title='bbox 1588 3621 1596 3636; x_wconf 87' lang='lat'><strong>,</strong></span> <span class='ocrx_word' id='word_1_1567' title='bbox 1612 3600 1646 3629; x_wconf 71' lang='grc' dir='ltr'><strong>δε</strong></span> <span class='ocrx_word' id='word_1_1568' title='bbox 1662 3596 1819 3627; x_wconf 87' lang='lat' dir='ltr'><strong>Concorde</strong></span> <span class='ocrx_word' id='word_1_1569' title='bbox 1830 3618 1841 3637; x_wconf 73' lang='lat'><strong>,</strong></span> <span class='ocrx_word' id='word_1_1570' title='bbox 1857 3605 1911 3630; x_wconf 79' lang='lat' dir='ltr'><strong>que</strong></span> <span class='ocrx_word' id='word_1_1571' title='bbox 1922 3596 1957 3625; x_wconf 91' lang='lat' dir='ltr'><strong>de</strong></span> <span class='ocrx_word' id='word_1_1572' title='bbox 1971 3595 2080 3626; x_wconf 86' lang='lat' dir='ltr'><strong>Treues</strong></span> <span class='ocrx_word' id='word_1_1573' title='bbox 2091 3619 2100 3634; x_wconf 97' lang='lat'><strong>,</strong></span> <span class='ocrx_word' id='word_1_1574' title='bbox 2120 3596 2293 3626; x_wconf 84' lang='lat' dir='ltr'><strong>Abstinence</strong></span> 
     </span>
     <span class='ocr_line' id='line_1_176' title="bbox 1242 3633 2295 3675; baseline -0.006 -7"><span class='ocrx_word' id='word_1_1575' title='bbox 1242 3639 1277 3668; x_wconf 84' lang='lat' dir='ltr'><strong>de</strong></span> <span class='ocrx_word' id='word_1_1576' title='bbox 1300 3638 1428 3675; x_wconf 84' lang='lat' dir='ltr'><strong>Guerre,</strong></span> <span class='ocrx_word' id='word_1_1577' title='bbox 1449 3638 1603 3674; x_wconf 82' lang='lat' dir='ltr'><strong>Alliances,</strong></span> <span class='ocrx_word' id='word_1_1578' title='bbox 1624 3636 1764 3671; x_wconf 85' lang='lat' dir='ltr'><strong>Amitiez,</strong></span> <span class='ocrx_word' id='word_1_1579' title='bbox 1784 3634 1937 3672; x_wconf 75' lang='lat' dir='ltr'><strong>Affinitez‚</strong></span> <span class='ocrx_word' id='word_1_1580' title='bbox 1954 3633 2161 3672; x_wconf 77' lang='lat' dir='ltr'><strong>intelligenceS,</strong></span> <span class='ocrx_word' id='word_1_1581' title='bbox 2182 3634 2295 3664; x_wconf 85' lang='lat' dir='ltr'><strong>Confe-</strong></span> 
     </span>
     <span class='ocr_line' id='line_1_177' title="bbox 1243 3671 2294 3714; baseline -0.005 -8"><span class='ocrx_word' id='word_1_1582' title='bbox 1243 3677 1400 3714; x_wconf 84' lang='lat' dir='ltr'><strong>derations,</strong></span> <span class='ocrx_word' id='word_1_1583' title='bbox 1420 3678 1451 3706; x_wconf 74' lang='grc' dir='ltr'><strong>ὃ(</strong></span> <span class='ocrx_word' id='word_1_1584' title='bbox 1467 3675 1637 3705; x_wconf 79' lang='lat' dir='ltr'><strong>Entrecours</strong></span> <span class='ocrx_word' id='word_1_1585' title='bbox 1658 3673 1693 3702; x_wconf 89' lang='lat' dir='ltr'><strong>de</strong></span> <span class='ocrx_word' id='word_1_1586' title='bbox 1717 3671 1932 3712; x_wconf 8' lang='lat' dir='ltr'><strong>Marchandiesg,</strong></span> <span class='ocrx_word' id='word_1_1587' title='bbox 1947 3679 2024 3702; x_wconf 84' lang='lat' dir='ltr'><strong>entre</strong></span> <span class='ocrx_word' id='word_1_1588' title='bbox 2043 3673 2138 3711; x_wconf 79' lang='lat' dir='ltr'><strong>Nous,</strong></span> <span class='ocrx_word' id='word_1_1589' title='bbox 2154 3682 2212 3702; x_wconf 82' lang='lat' dir='ltr'><strong>noz</strong></span> <span class='ocrx_word' id='word_1_1590' title='bbox 2230 3672 2294 3702; x_wconf 91' lang='lat' dir='ltr'><strong>Du-</strong></span> 
     </span>
     <span class='ocr_line' id='line_1_178' title="bbox 1245 3709 2296 3753; baseline -0.005 -8"><span class='ocrx_word' id='word_1_1591' title='bbox 1245 3715 1326 3753; x_wconf 86' lang='lat' dir='ltr'><strong>chie,</strong></span> <span class='ocrx_word' id='word_1_1592' title='bbox 1343 3715 1463 3751; x_wconf 83' lang='lat' dir='ltr'><strong>Terres,</strong></span> <span class='ocrx_word' id='word_1_1593' title='bbox 1488 3713 1680 3751; x_wconf 70' lang='lat' dir='ltr'><strong>seigneuries,</strong></span> <span class='ocrx_word' id='word_1_1594' title='bbox 1701 3710 1790 3747; x_wconf 65' lang='lat' dir='ltr'><strong>Paris,</strong></span> <span class='ocrx_word' id='word_1_1595' title='bbox 1811 3710 1964 3748; x_wconf 74' lang='lat' dir='ltr'><strong>Subgects,</strong></span> <span class='ocrx_word' id='word_1_1596' title='bbox 1984 3709 2130 3748; x_wconf 73' lang='lat' dir='ltr'><strong>Vashulx,</strong></span> <span class='ocrx_word' id='word_1_1597' title='bbox 2151 3710 2296 3740; x_wconf 72' lang='lat' dir='ltr'><strong>Consede-</strong></span> 
     </span>
     <span class='ocr_line' id='line_1_179' title="bbox 1246 3748 2295 3790; baseline -0.008 -7"><span class='ocrx_word' id='word_1_1598' title='bbox 1246 3763 1310 3790; x_wconf 85' lang='lat' dir='ltr'><strong>rez,</strong></span> <span class='ocrx_word' id='word_1_1599' title='bbox 1329 3754 1362 3784; x_wconf 71' lang='grc' dir='ltr'><strong>ὃ(</strong></span> <span class='ocrx_word' id='word_1_1600' title='bbox 1380 3752 1485 3789; x_wconf 86' lang='lat' dir='ltr'><strong>Aniez,</strong></span> <span class='ocrx_word' id='word_1_1601' title='bbox 1503 3752 1536 3781; x_wconf 74' lang='grc' dir='ltr'><strong>δε</strong></span> <span class='ocrx_word' id='word_1_1602' title='bbox 1556 3760 1625 3780; x_wconf 91' lang='lat' dir='ltr'><strong>mon</strong></span> <span class='ocrx_word' id='word_1_1603' title='bbox 1643 3750 1683 3779; x_wconf 87' lang='lat' dir='ltr'><strong>dit</strong></span> <span class='ocrx_word' id='word_1_1604' title='bbox 1700 3748 1835 3787; x_wconf 81' lang='lat' dir='ltr'><strong>Seigneur</strong></span> <span class='ocrx_word' id='word_1_1605' title='bbox 1849 3748 1958 3778; x_wconf 87' lang='lat' dir='ltr'><strong>Cousin</strong></span> <span class='ocrx_word' id='word_1_1606' title='bbox 1980 3750 2013 3780; x_wconf 76' lang='grc' dir='ltr'><strong>δε</strong></span> <span class='ocrx_word' id='word_1_1607' title='bbox 2036 3750 2105 3779; x_wconf 67' lang='lat' dir='ltr'><strong>Pete</strong></span> <span class='ocrx_word' id='word_1_1608' title='bbox 2123 3749 2146 3778; x_wconf 86' lang='lat' dir='ltr'><strong>le</strong></span> <span class='ocrx_word' id='word_1_1609' title='bbox 2166 3751 2237 3787; x_wconf 82' lang='lat' dir='ltr'><strong>Roy,</strong></span> <span class='ocrx_word' id='word_1_1610' title='bbox 2255 3748 2295 3778; x_wconf 77' lang='lat' dir='ltr'><strong>ses</strong></span> 
     </span>
     <span class='ocr_line' id='line_1_180' title="bbox 1245 3785 2297 3830; baseline -0.006 -8"><span class='ocrx_word' id='word_1_1611' title='bbox 1245 3792 1425 3830; x_wconf 81' lang='lat' dir='ltr'><strong>Royaumes‚</strong></span> <span class='ocrx_word' id='word_1_1612' title='bbox 1444 3791 1562 3826; x_wconf 75' lang='lat' dir='ltr'><strong>Terres,</strong></span> <span class='ocrx_word' id='word_1_1613' title='bbox 1580 3788 1766 3826; x_wconf 86' lang='lat' dir='ltr'><strong>Seigneuries,</strong></span> <span class='ocrx_word' id='word_1_1614' title='bbox 1785 3786 1872 3824; x_wconf 66' lang='lat' dir='ltr'><strong>Paris,</strong></span> <span class='ocrx_word' id='word_1_1615' title='bbox 1885 3786 1994 3825; x_wconf 74' lang='lat' dir='ltr'><strong>LieuX,</strong></span> <span class='ocrx_word' id='word_1_1616' title='bbox 2006 3785 2297 3825; x_wconf 68' lang='lat' dir='ltr'><strong>Subje&amp;s,Vass&lt;&#39;³ulx‚</strong></span> 
     </span>
     <span class='ocr_line' id='line_1_181' title="bbox 1247 3825 2337 3865; baseline -0.006 -5"><span class='ocrx_word' id='word_1_1617' title='bbox 1247 3829 1446 3865; x_wconf 78' lang='lat' dir='ltr'><strong>Consederez,</strong></span> <span class='ocrx_word' id='word_1_1618' title='bbox 1467 3828 1500 3858; x_wconf 92' lang='lat'>&amp;</span> <span class='ocrx_word' id='word_1_1619' title='bbox 1517 3827 1624 3863; x_wconf 85' lang='lat' dir='ltr'><strong>Alliez,</strong></span> <span class='ocrx_word' id='word_1_1620' title='bbox 1643 3825 1681 3855; x_wconf 87' lang='lat' dir='ltr'><strong>ses</strong></span> <span class='ocrx_word' id='word_1_1621' title='bbox 1702 3825 1873 3863; x_wconf 88' lang='lat' dir='ltr'><strong>Adherenz,</strong></span> <span class='ocrx_word' id='word_1_1622' title='bbox 1890 3826 1974 3856; x_wconf 85' lang='lat' dir='ltr'><strong>&amp;les</strong></span> <span class='ocrx_word' id='word_1_1623' title='bbox 1994 3826 2101 3855; x_wconf 86' lang='lat' dir='ltr'><strong>nostres</strong></span> <span class='ocrx_word' id='word_1_1624' title='bbox 2120 3826 2296 3855; x_wconf 84' lang='lat' dir='ltr'><strong>Communi·</strong></span> <span class='ocrx_word' id='word_1_1625' title='bbox 2335 3858 2337 3860; x_wconf 21' lang='lat'><strong><em>¹</em></strong></span> 
     </span>
     <span class='ocr_line' id='line_1_182' title="bbox 1245 3863 2297 3907; baseline -0.006 -9"><span class='ocrx_word' id='word_1_1626' title='bbox 1245 3878 1332 3907; x_wconf 81' lang='lat' dir='ltr'><strong>quer,</strong></span> <span class='ocrx_word' id='word_1_1627' title='bbox 1350 3867 1496 3903; x_wconf 60' lang='lat' dir='ltr'><strong>Traie‘ter,</strong></span> <span class='ocrx_word' id='word_1_1628' title='bbox 1517 3863 1679 3901; x_wconf 85' lang='lat' dir='ltr'><strong>Accorder,</strong></span> <span class='ocrx_word' id='word_1_1629' title='bbox 1698 3865 1852 3901; x_wconf 80' lang='lat' dir='ltr'><strong>convenit,</strong></span> <span class='ocrx_word' id='word_1_1630' title='bbox 1874 3864 2038 3902; x_wconf 83' lang='lat' dir='ltr'><strong>composer,</strong></span> <span class='ocrx_word' id='word_1_1631' title='bbox 2057 3864 2090 3893; x_wconf 91' lang='lat'>&amp;</span> <span class='ocrx_word' id='word_1_1632' title='bbox 2112 3865 2297 3904; x_wconf 71' lang='lat' dir='ltr'><strong>appoineter,</strong></span> 
     </span>
     <span class='ocr_line' id='line_1_183' title="bbox 1249 3901 2299 3946; baseline -0.003 -11"><span class='ocrx_word' id='word_1_1633' title='bbox 1249 3910 1280 3938; x_wconf 68' lang='grc' dir='ltr'><strong>ὅ(</strong></span> <span class='ocrx_word' id='word_1_1634' title='bbox 1295 3916 1310 3935; x_wconf 94' lang='lat' dir='ltr'><strong>a</strong></span> <span class='ocrx_word' id='word_1_1635' title='bbox 1326 3906 1398 3946; x_wconf 85' lang='lat' dir='ltr'><strong>plain</strong></span> <span class='ocrx_word' id='word_1_1636' title='bbox 1418 3907 1450 3936; x_wconf 91' lang='lat'>&amp;</span> <span class='ocrx_word' id='word_1_1637' title='bbox 1472 3905 1654 3934; x_wconf 85' lang='lat' dir='ltr'><strong>entiereinent</strong></span> <span class='ocrx_word' id='word_1_1638' title='bbox 1667 3901 1834 3932; x_wconf 85' lang='lat' dir='ltr'><strong>deterniiner</strong></span> <span class='ocrx_word' id='word_1_1639' title='bbox 1844 3925 1853 3940; x_wconf 88' lang='lat'><strong>,</strong></span> <span class='ocrx_word' id='word_1_1640' title='bbox 1871 3902 1903 3932; x_wconf 72' lang='grc' dir='ltr'><strong>δε</strong></span> <span class='ocrx_word' id='word_1_1641' title='bbox 1918 3902 2097 3931; x_wconf 82' lang='lat' dir='ltr'><strong>finablement</strong></span> <span class='ocrx_word' id='word_1_1642' title='bbox 2112 3902 2248 3932; x_wconf 90' lang='lat' dir='ltr'><strong>conclure</strong></span> <span class='ocrx_word' id='word_1_1643' title='bbox 2269 3911 2299 3932; x_wconf 86' lang='lat' dir='ltr'><strong>a·</strong></span> 
     </span>
     <span class='ocr_line' id='line_1_184' title="bbox 1249 3939 2297 3978; baseline -0.005 -2"><span class='ocrx_word' id='word_1_1644' title='bbox 1249 3954 1302 3976; x_wconf 92' lang='lat' dir='ltr'><strong>vec</strong></span> <span class='ocrx_word' id='word_1_1645' title='bbox 1317 3954 1387 3975; x_wconf 89' lang='lat' dir='ltr'><strong>mon</strong></span> <span class='ocrx_word' id='word_1_1646' title='bbox 1404 3943 1442 3973; x_wconf 89' lang='lat' dir='ltr'><strong>dit</strong></span> <span class='ocrx_word' id='word_1_1647' title='bbox 1456 3945 1576 3978; x_wconf 80' lang='lat' dir='ltr'><strong>Seigneur</strong></span> <span class='ocrx_word' id='word_1_1648' title='bbox 1591 3939 1629 3975; x_wconf 61' lang='grc' dir='ltr'><strong>(ἐν</strong></span> <span class='ocrx_word' id='word_1_1649' title='bbox 1649 3942 1731 3978; x_wconf 90' lang='lat' dir='ltr'><strong>Pere,</strong></span> <span class='ocrx_word' id='word_1_1650' title='bbox 1749 3950 1788 3971; x_wconf 90' lang='lat' dir='ltr'><strong>ou</strong></span> <span class='ocrx_word' id='word_1_1651' title='bbox 1804 3940 1884 3970; x_wconf 85' lang='lat' dir='ltr'><strong>ceulx</strong></span> <span class='ocrx_word' id='word_1_1652' title='bbox 1899 3940 1964 3978; x_wconf 78' lang='lat' dir='ltr'><strong>qu&#39;il</strong></span> <span class='ocrx_word' id='word_1_1653' title='bbox 1975 3940 2020 3978; x_wconf 89' lang='lat' dir='ltr'><strong>luy</strong></span> <span class='ocrx_word' id='word_1_1654' title='bbox 2040 3940 2122 3976; x_wconf 83' lang='lat' dir='ltr'><strong>plaira</strong></span> <span class='ocrx_word' id='word_1_1655' title='bbox 2136 3949 2223 3977; x_wconf 84' lang='lat' dir='ltr'><strong>quant</strong></span> <span class='ocrx_word' id='word_1_1656' title='bbox 2236 3951 2250 3970; x_wconf 87' lang='lat' dir='ltr'><strong>a</strong></span> <span class='ocrx_word' id='word_1_1657' title='bbox 2261 3949 2297 3971; x_wconf 88' lang='lat' dir='ltr'><strong>ce</strong></span> 
     </span>
     <span class='ocr_line' id='line_1_185' title="bbox 1250 3978 2303 4018; baseline -0.004 -4"><span class='ocrx_word' id='word_1_1658' title='bbox 1250 3991 1420 4014; x_wconf 85' lang='lat' dir='ltr'><strong>commettre</strong></span> <span class='ocrx_word' id='word_1_1659' title='bbox 1434 3981 1465 4011; x_wconf 65' lang='grc' dir='ltr'><strong>ὃς</strong></span> <span class='ocrx_word' id='word_1_1660' title='bbox 1482 3981 1633 4017; x_wconf 83' lang='lat' dir='ltr'><strong>depputer,</strong></span> <span class='ocrx_word' id='word_1_1661' title='bbox 1652 3979 1685 4009; x_wconf 92' lang='lat'>&amp;</span> <span class='ocrx_word' id='word_1_1662' title='bbox 1706 3979 1796 4009; x_wconf 90' lang='lat' dir='ltr'><strong>icelles</strong></span> <span class='ocrx_word' id='word_1_1663' title='bbox 1817 3978 1939 4008; x_wconf 78' lang='lat' dir='ltr'><strong>innovet</strong></span> <span class='ocrx_word' id='word_1_1664' title='bbox 1960 3978 1993 4008; x_wconf 90' lang='lat'>&amp;</span> <span class='ocrx_word' id='word_1_1665' title='bbox 2008 3986 2141 4016; x_wconf 80' lang='lat' dir='ltr'><strong>proroget</strong></span> <span class='ocrx_word' id='word_1_1666' title='bbox 2159 3989 2175 4008; x_wconf 86' lang='lat' dir='ltr'><strong>a</strong></span> <span class='ocrx_word' id='word_1_1667' title='bbox 2188 3978 2303 4018; x_wconf 81' lang='lat' dir='ltr'><strong>Temps</strong></span> 
     </span>
     <span class='ocr_line' id='line_1_186' title="bbox 1249 4018 1510 4059; baseline -0.023 -6"><span class='ocrx_word' id='word_1_1668' title='bbox 1249 4033 1287 4053; x_wconf 93' lang='lat' dir='ltr'><strong>ou</strong></span> <span class='ocrx_word' id='word_1_1669' title='bbox 1305 4032 1340 4051; x_wconf 88' lang='lat' dir='ltr'><strong>en</strong></span> <span class='ocrx_word' id='word_1_1670' title='bbox 1355 4018 1510 4059; x_wconf 81' lang='lat' dir='ltr'><strong>perpetuel,</strong></span> 
     </span>
    </p>
   </div>
   <div class='ocr_carea' id='block_1_30' title="bbox 1287 4053 2312 4124">
    <p class='ocr_par' dir='ltr' id='par_1_53' title="bbox 1287 4053 2312 4124">
     <span class='ocr_line' id='line_1_187' title="bbox 1287 4053 2312 4124; baseline -0.006 -33"><span class='ocrx_word' id='word_1_1671' title='bbox 1287 4059 1367 4091; x_wconf 83' lang='lat' dir='ltr'><strong>Auffi</strong></span> <span class='ocrx_word' id='word_1_1672' title='bbox 1382 4061 1424 4089; x_wconf 75' lang='lat' dir='ltr'><strong>iur</strong></span> <span class='ocrx_word' id='word_1_1673' title='bbox 1435 4057 1473 4087; x_wconf 86' lang='lat' dir='ltr'><strong>les</strong></span> <span class='ocrx_word' id='word_1_1674' title='bbox 1486 4055 1578 4095; x_wconf 71' lang='lat' dir='ltr'><strong>Aydes</strong></span> <span class='ocrx_word' id='word_1_1675' title='bbox 1592 4056 1624 4087; x_wconf 72' lang='grc' dir='ltr'><strong>δε</strong></span> <span class='ocrx_word' id='word_1_1676' title='bbox 1640 4053 1780 4124; x_wconf 51' lang='grc' dir='ltr'><strong>δεοοιπεέ</strong></span> <span class='ocrx_word' id='word_1_1677' title='bbox 1794 4055 1847 4122; x_wconf 51' lang='lat' dir='ltr'><strong>{qui</strong></span> <span class='ocrx_word' id='word_1_1678' title='bbox 1860 4053 1950 4085; x_wconf 82' lang='lat' dir='ltr'><strong>seront</strong></span> <span class='ocrx_word' id='word_1_1679' title='bbox 1965 4053 2084 4094; x_wconf 83' lang='lat' dir='ltr'><strong>prestees</strong></span> <span class='ocrx_word' id='word_1_1680' title='bbox 2098 4055 2132 4086; x_wconf 91' lang='lat'>&amp;</span> <span class='ocrx_word' id='word_1_1681' title='bbox 2147 4055 2312 4123; x_wconf 50' lang='lat' dir='ltr'><strong>bamessl’ffii</strong></span> 
     </span>
    </p>
   </div>
   <div class='ocr_carea' id='block_1_31' title="bbox 2310 2866 2414 2942">
    <p class='ocr_par' dir='ltr' id='par_1_54' title="bbox 2310 2866 2414 2942">
     <span class='ocr_line' id='line_1_188' title="bbox 2310 2866 2414 2897; baseline 0.029 -3"><span class='ocrx_word' id='word_1_1682' title='bbox 2310 2866 2328 2884; x_wconf 69' lang='grc'><strong><em>*</em></strong></span> <span class='ocrx_word' id='word_1_1683' title='bbox 2344 2868 2414 2897; x_wconf 69' lang='grc' dir='ltr'><strong>ΧΠ,</strong></span> 
     </span>
     <span class='ocr_line' id='line_1_189' title="bbox 2313 2908 2377 2942; baseline -0.016 0"><span class='ocrx_word' id='word_1_1684' title='bbox 2313 2908 2377 2942; x_wconf 86' lang='lat'>39⁶·</span> 
     </span>
    </p>
   </div>
  </div>
 </body>
</html>
