2555 4266
737 235 846 277 ET
930 235 1198 277 ACTA

13 322 92 355 Ann.
107 319 149 351 D.
167 322 282 360 cendis,
307 320 545 361 componendis,
572 323 604 353 ὃς
626 321 778 360 habendis,
803 332 836 353 ac
859 322 1042 360 securitates,
1061 322 1236 356 cautiones,

36 369 123 399 1497·
167 360 325 399 Promiffi,
338 361 520 398 Juramenta,
538 360 753 400 Obligationes,
776 360 900 399 Literas,
919 363 952 392 ὃς
976 361 1085 398 Scripta
1104 359 1235 398 sigillata,

17 406 81 430 Ηειι.
103 409 129 435 7-
166 412 221 440 pro
243 399 459 430 Praemifforum
486 400 718 438 complemento,
738 399 873 429 Nomine
897 399 1014 436 nostro,
1033 409 1048 428 a
1062 399 1181 436 praefato
1196 395 1236 425 Il-

167 437 333 471 lustriffimo
355 437 488 477 Principe
509 438 687 475 Stipulandi‚
714 437 870 476 Exigendi‚
888 438 922 467 &
942 436 1134 476 Recipiendi,
1152 443 1237 472 atque

169 477 274 509 eodem
297 476 435 506 Nomine
455 476 555 507 nostro
578 477 764 513 Securitates,
781 475 955 513 Cautiones,
973 474 1130 511 Promissa,
1150 473 1238 503 Obli-

189 517 314 554 ationes,
336 516 370 546 ὃς
394 515 502 546 Literas
526 515 733 552 promittendi,
758 513 905 544 Tradendi
926 514 960 544 &
980 511 1183 549 Deliberandi,
1206 518 1239 540 ac

163 527 365 594 {uramentum
384 555 414 584 in
437 554 571 584 Animam
595 553 720 583 nostram
736 551 911 589 Praestandi,
928 560 1045 582 necnon
1060 551 1097 581 de
1111 551 1144 581 &
1159 549 1240 585 super

168 592 304 623 omnibus
329 594 362 624 &
385 593 498 632 lingulis
518 592 760 623 Contentionibus
776 613 786 627 ‚
819 589 1038 628 Qaestionibus
1055 613 1064 628 ,
1095 588 1214 619 Guerris
1230 611 1239 625 ,

170 631 320 669 Qerelis,
342 632 474 671 Litibus,
493 631 692 669 Attemptatis,
709 630 743 660 &
761 628 940 667 Demandis,
956 629 1012 659 ursa
1025 637 1096 659 curn
1111 627 1161 658 suis
1172 625 1240 657 Cir-

170 670 362 708 cumstantiis,
385 670 581 700 Incidentibus
595 692 604 706 ,
627 677 711 706 atque
734 666 905 705 Connexis,
933 677 997 704 quae
1019 670 1089 697 inti-r
1113 666 1181 696 Nos
1205 665 1238 695 &

189 708 316 748 raefatum
338 708 544 748 Illustrtffimum
569 710 734 744 Principem,
753 715 785 736 ac
803 705 920 744 Regna,
938 706 1061 743 Terras,
1081 704 1240 741 Dominia,

165 717 292 786 Patriam,
312 749 345 780 ὃς
370 748 468 785 Loca,
485 745 638 783 Subditos,
655 744 804 781 Vaffallos,
825 744 978 784 Alligatos,
997 744 1240 785 Confoederatos‚

172 789 207 818 &
234 787 419 818 Adhaerentes
441 785 554 815 nostros
578 785 611 813 &
634 783 696 814 suos
711 783 881 822 praedistos,
899 784 966 814 hinc
982 784 1048 813 inde
1061 782 1183 821 pendere
1198 781 1242 810 di-

170 827 343 864 noscuntur,
366 823 543 860 Tractandi,
569 821 836 862 Communicandi‚
863 821 1087 861 conveniendi,
1106 820 1243 860 Compo—

171 864 279 903 nendi,
297 861 520 899 Concludendi,
538 861 572 891 &
591 861 827 899 Dererminandi,

212 907 377 942 Novamque
393 903 508 931 Dietam
527 899 627 930 talibus
643 900 793 940 Tempore
810 901 844 932 &
864 899 967 937 Loco,
986 907 1071 937 prout
1092 898 1156 934 Eis,
1175 896 1245 926 Tri—

175 940 230 973 bus
251 944 284 973 &
306 940 430 970 Duobus
451 949 552 969 eorum
581 939 718 976 (quorum
740 939 891 976 praefatum
913 938 1090 969 Willielmum
1112 935 1244 966 Warham

178 990 269 1012 unum
285 978 342 1009 effe
356 978 503 1013 volumus)
519 977 618 1007 melius
632 977 723 1008 visum
739 977 825 1008 fuerit
835 1000 844 1015 ,
860 978 893 1009 &
910 987 1044 1016 quatenus
1057 986 1128 1014 opus
1142 975 1225 1006 fuerit
1235 996 1245 1011 ,

177 1017 323 1050 Statuendi
341 1017 374 1048 &
391 1015 629 1054 Appunetuandi,
647 1017 680 1047 δε
697 1017 767 1046 inibi
782 1017 818 1046 de
831 1017 865 1048 δε
882 1016 962 1054 super
977 1016 1112 1046 omnibus
1134 1015 1167 1045 &
1192 1012 1248 1056 sin-

178 1058 251 1097 gulis
270 1054 425 1087 Praemiffis
450 1056 483 1087 &
497 1054 533 1085 ab
547 1055 585 1084 eis
601 1055 820 1093 qualitercumq3
837 1055 1062 1093 dependentibus
1075 1051 1248 1094 Traslandi,

178 1095 446 1132 Communicandi,
472 1094 491 1113 ²*
516 1092 737 1131 Conveniendi,
762 1093 985 1131 Concordandi‚
1010 1089 1250 1132 AppunCtuandi,

181 1136 215 1166 &
236 1134 355 1165 finaliter
375 1132 579 1164 Concludendi
593 1155 603 1170 ,
627 1134 661 1164 &
686 1132 926 1170 Determinandi,
952 1142 1020 1163 cum
1042 1131 1250 1171 Prorogatione

180 1175 325 1211 Dierum,
341 1173 548 1211 Temporum,
567 1171 600 1201 ὃς
622 1170 790 1208 Locorum,
807 1171 1009 1209 praemissaque
1031 1171 1128 1200 omnia.
1147 1170 1180 1200 &
1199 1170 1252 1210 lin-

181 1214 246 1252 gula
261 1211 421 1249 Firmandi,
438 1210 628 1246 Roborandi,
645 1211 678 1242 ὃς
694 1210 898 1248 Affecurandi,
915 1218 999 1248 atque
1010 1209 1208 1246 Juramentum
1224 1214 1252 1234 m

183 1253 321 1282 Animam
340 1249 466 1280 nostram
480 1248 655 1286 Praestandi,
673 1258 789 1279 necnon
805 1248 840 1278 de
856 1250 889 1279 ὃς
907 1249 986 1286 super
1001 1247 1162 1286 hujusmodi
1191 1245 1253 1281 Ap-

182 1290 342 1329 punctuatis
355 1290 388 1320 &
402 1287 553 1319 Conclusis
568 1310 578 1326 ,
596 1287 760 1325 caeterisque
774 1288 909 1318 omnibus
922 1288 955 1318 δε
974 1287 1101 1324 singulis,
1120 1285 1254 1315 Praemis-

185 1330 211 1360 sa
235 1328 479 1367 qualitercumque
502 1327 757 1361 concernentibus,
779 1336 843 1364 quae
869 1336 938 1356 cum
954 1325 1074 1365 praefato
1090 1323 1254 1363 consangui-

187 1379 236 1399 neo
249 1366 351 1405 nestro,
369 1366 414 1397 seu
427 1367 484 1403 ejus
504 1364 729 1403 Commiffariis,
744 1364 994 1402 Procuratoribus‚
1016 1365 1181 1401 Deputatis,
1199 1361 1254 1391 Le-

188 1408 277 1445 gatis,
297 1406 330 1436 &
345 1405 471 1435 Nunciis
485 1403 648 1440 antedictis,
667 1403 883 1442 Appunc‘tuata,
902 1403 1102 1439 Concordata,
1121 1404 1153 1433 &r
1171 1400 1256 1431 Ccn-

187 1446 263 1476 clusa
276 1445 391 1481 fuerint,
412 1444 519 1474 Literas
533 1442 634 1472 validas
655 1444 688 1472 &
707 1441 853 1480 efficaces,
872 1453 925 1481 pro
947 1441 1029 1473 Parte
1050 1441 1164 1478 nostra,
1182 1441 1256 1471 Tra-

187 1484 273 1514 dendi
287 1485 320 1515 ὃς
335 1482 535 1518 Deliberandi,
554 1481 704 1518 Tradique
721 1491 769 1518 per
782 1480 850 1511 Nos
864 1481 1021 1519 nostroque
1037 1481 1135 1520 sigillo
1151 1481 1257 1510 muniri

187 1524 222 1554 &
239 1522 387 1553 deliberari
400 1520 609 1558 Promittendi,
630 1519 792 1557 Literasque
806 1520 869 1550 alias
885 1521 914 1549 in
928 1520 981 1550 hac
1002 1529 1078 1557 parte
1102 1518 1203 1549 validas
1224 1520 1258 1550 &

188 1561 321 1630 Efficaces
336 1570 375 1628 gi<
399 1559 484 1590 Parte
503 1559 585 1590 altera
608 1558 670 1588 fieri
684 1557 880 1596 Requirendi,
896 1558 1054 1598 Exigendi,
1070 1558 1205 1597 Petendi,
1224 1558 1257 1589 ὃ(

223 1610 265 1630 ec1
288 1609 334 1629 ien
356 1609 365 1628 1

227 1610 451 1675 Etpgeneraliter
473 1636 573 1667 omnia
595 1632 741 1666 Praemissa
762 1636 796 1667 ὃς
813 1634 1029 1666 Praemissorum
1050 1634 1153 1674 singula
1176 1644 1259 1673 atque

190 1687 223 1708 ω
245 1677 489 1714 qualitercumque
509 1676 714 1705 concernentia
732 1673 866 1705 Faciendi
888 1675 921 1706 &
948 1674 1125 1705 Excercendi
1143 1698 1152 1714 ,
1184 1674 1260 1705 Exe-

189 1715 298 1755 quendi
311 1716 344 1746 &
358 1713 551 1752 Expediendi‚
570 1713 606 1743 ita
624 1713 658 1743 &
670 1712 775 1743 eodem
791 1713 882 1743 modo
904 1713 974 1744 sicut
993 1713 1063 1744 Nos
1085 1714 1134 1752 ipsi
1155 1713 1260 1745 facere-

191 1765 256 1785 mus
283 1754 316 1784 &
337 1753 430 1784 facere
453 1751 599 1790 possemus
621 1751 641 1781 fi
666 1753 695 1782 in
719 1752 833 1790 propria
852 1752 975 1783 Persona
997 1752 1092 1783 nostra
1117 1754 1260 1783 interesse-

191 1801 273 1863 mffl’
290 1793 375 1823 etiam
395 1792 416 1822 fi
435 1792 497 1823 talia
518 1790 572 1821 sint
591 1800 656 1829 quae
679 1789 851 1821 Mandatum
870 1790 906 1821 de
920 1791 947 1821 se
961 1792 1049 1831 magis
1062 1793 1176 1830 exigant
1200 1792 1260 1831 spe-

187 1843 218 1865 Cl
264 1843 275 1870 3

229 1869 450 1908 PromittenteS,
465 1869 527 1901 &c-

31 1112 54 1134 Ο
68 1112 140 1140 xn.

33 1153 101 1186 ⁶69.

231 1944 267 1979 Ϊη
283 1948 363 1986 cujus
375 1970 385 1985 ,
402 1947 463 1978 &c.
529 1984 532 1985 V

230 1983 322 2018 Teste
338 1986 420 2025 Rege
432 1983 507 2024 apud
523 1983 665 2024 Wdstok,
684 1983 800 2023 Quinto
815 1983 861 2014 die
874 1982 1057 2022 Septembris.

863 2062 917 2090 Per
929 2060 1012 2100 ipfhm
1026 2063 1131 2098 Regem.

353 2215 414 2247 Pro
438 2213 598 2258 Capitaneo
622 2209 658 2244 de
683 2212 815 2260 Guynes,
841 2210 878 2245 de
902 2210 1109 2258 Cognostendo.

50 2318 132 2350 'Ana
142 2316 182 2349 D,
203 2306 379 2373 CHarles‚
397 2315 447 2344 par
460 2305 486 2336 la
499 2304 596 2337 Grace
607 2304 643 2349 de
657 2304 753 2344 Dieu,
771 2308 828 2345 Roy
839 2305 872 2336 de
884 2309 987 2336 France
995 2329 1004 2344 ,
1019 2317 1054 2338 au
1067 2303 1218 2337 Seneschal
1229 2303 1266 2336 de

74 2366 160 2397 1497,
280 2346 460 2384 Boulenoys,
474 2355 513 2376 ou
528 2344 579 2375 son
593 2344 779 2383 Lieutenant,
797 2344 884 2376 Salut.

50 2400 106 2426 An.
129 2407 170 2434 ¹3·
240 2387 289 2417 De
301 2387 324 2416 la
337 2383 430 2415 Partie
441 2384 477 2414 de
495 2383 596 2422 James
609 2382 683 2413 Ἰῖνεί
692 2382 860 2422 Cappitaine
871 2383 906 2414 de
922 2383 1041 2423 Guynes
1064 2382 1153 2413 Nous
1171 2393 1188 2414 a
1208 2381 1267 2413 este

53 2441 89 2464 H.
110 2445 136 2470 7,
200 2424 401 2457 humblement
415 2422 527 2461 Expose
540 2423 574 2453 &
589 2421 764 2453 Remonstre
781 2432 836 2461 que
862 2421 986 2452 Walram
1009 2426 1107 2463 Dynas
1125 2420 1209 2461 Bailly
1231 2421 1267 2452 de

53 2478 94 2502 Ex
106 2477 164 2503 Au-
200 2465 308 2495 Hesdin
332 2462 373 2493 est
395 2461 484 2492 Tenu
506 2462 539 2492 ὃς
558 2460 667 2500 Oblige
681 2471 781 2492 envers
802 2461 866 2500 Luy
885 2470 922 2491 en
943 2463 1065 2492 certaine
1086 2460 1208 2491 Somme
1231 2460 1268 2491 de

197 2504 338 2540 Deniers,
351 2501 419 2532 ainfi
436 2510 490 2539 que
504 2508 571 2538 peut
582 2501 711 2539 apparoir
726 2508 773 2538 par
790 2500 840 2530 son
854 2499 945 2530 Seelle
959 2510 998 2530 ou
1013 2499 1184 2537 Obligation
1193 2522 1203 2538 ,

236 2543 292 2581 Et,
310 2541 451 2572 combien
473 2549 529 2578 que
551 2538 588 2568 les
612 2538 736 2568 Termes
755 2538 794 2568 du
808 2538 965 2577 Payement
979 2538 1075 2578 soyent
1090 2538 1210 2569 escheuz
1233 2539 1267 2570 &

194 2582 292 2623 paffez
307 2580 356 2611 des
372 2580 470 2617 pieca,
485 2577 663 2617 toutesvoyes
677 2577 696 2607 il
713 2577 778 2608 n’en
792 2586 809 2608 a
823 2587 860 2608 eu
874 2587 911 2609 ne
924 2585 992 2616 peut
1015 2578 1096 2609 avoir
1114 2577 1140 2607 la
1161 2577 1267 2609 Raison

219 2632 236 2652 e
249 2621 289 2652 Pa
309 2626 407 2650 ement

197 2628 218 2653 n
237 2657 265 2689 A
282 2630 307 2689 g
322 2640 521 2696 quene'Cause
535 2655 561 2685 le
582 2653 625 2685 dit
643 2653 788 2692 Exposant
801 2654 890 2686 Nous
908 2654 946 2685 ait
969 2654 1018 2685 fait
1036 2652 1179 2693 Requerir
1201 2656 1268 2694 qu'il

195 2696 223 2729 le
239 2697 329 2735 puiffe
344 2696 412 2726 faire
424 2695 563 2725 convenit
577 2703 626 2729 par
639 2693 743 2724 devant
766 2692 863 2731 Vous,
883 2693 918 2724 &
939 2703 1012 2724 vous
1032 2696 1211 2726 commectre
1233 2697 1267 2727 ὅτ.

196 2737 334 2774 depputer
346 2746 362 2766 a
376 2733 508 2764 Discuter
524 2733 558 2763 &
571 2731 752 2764 Determiner
762 2732 798 2764 de
808 2732 886 2764 ceste
899 2731 1038 2770 Matiere,
1050 2734 1084 2764 &
1098 2734 1141 2764 sur
1154 2744 1189 2765 ce
1204 2734 1268 2773 Luy

196 2771 861 2855 ²mlegffijsszlgfgtdsrffslecsogliffs'etleks'ldselsusdites
873 2809 1066 2848 confiderees,
1083 2812 1132 2849 qui
1145 2811 1270 2855 voulons

196 2851 331 2883 subvenit
346 2861 382 2881 en
400 2850 477 2894 ceste
489 2849 580 2879 Parae
591 2858 626 2878 au
641 2849 682 2879 dit
695 2848 895 2892 Exposant,&
908 2849 1132 2881 favorablement
1147 2850 1172 2881 le
1185 2858 1268 2881 traic-

198 2890 346 2967 }51‘21{?‚s}⁵
355 2888 686 2969 &Ssgfflf‘fffffgssssi
696 2886 1268 2964 {2253ss,⁶⁶&D13‘3l’2‘sssssszn53213‘252ff3‘53

199 2968 226 2998 la
242 2967 341 2998 Debte
353 2967 387 2998 &
401 2964 572 3007 Obligatlon
582 2985 592 3000 ,
608 2963 716 3001 appelle
729 2972 800 2994 avec
816 2973 889 2994 vous
903 2963 930 2993 le
947 2964 1095 2996 Tresorier
1107 2965 1144 2996 de
1165 2966 1269 2998 Boule-

200 3001 766 3087 ¹103ggussutcrgfgffriffigisffgggappm
787 3039 824 3071 de
841 3040 867 3087 la
885 3040 945 3071 dite
968 3040 1133 3080 Obligation
1144 3065 1154 3082 ,
1170 3044 1269 3077 fames

198 3084 342 3114 convenit
360 3083 395 3115 &
412 3081 562 3120 adjourner
582 3079 736 3116 pardevant
759 3077 840 3110 Vous
857 3079 950 3124 acegluy
972 3081 1066 3122 Bailly
1089 3082 1126 3113 de
1141 3082 1269 3123 Hesdin,

199 3131 274 3160 pour
287 3121 456 3158 Respondre
473 3130 487 3150 a
499 3117 592 3157 icelluy
605 3117 681 3147 Tirel
689 3117 825 3148 touchant
839 3117 863 3148 la
878 3117 920 3148 dit
935 3118 1033 3150 Debre
1045 3121 1079 3152 &
1094 3121 1269 3159 Dependan-

197 3168 248 3192 ces
270 3160 382 3191 d'icelle
394 3184 404 3197 ,
426 3160 461 3191 &
482 3159 509 3189 le
528 3157 624 3187 faictes
647 3155 792 3187 Proceder
812 3166 850 3187 en
869 3156 945 3188 ceste
967 3156 1091 3190 Matiere
1114 3159 1268 3197 pardevant

197 3199 281 3230 Vous
302 3208 423 3230 comme
435 3199 472 3228 de
486 3196 611 3233 Raison,
628 3196 661 3227 &
678 3205 693 3226 a
711 3205 746 3239 ce
767 3195 836 3239 faire
856 3195 883 3225 le
905 3195 1118 3236 Contraignez,
1134 3209 1174 3229 ou
1199 3199 1268 3230 faic-

198 3237 465 3308 τῇςοηῐταίηόῐε,
483 3244 547 3267 tout
563 3234 630 3266 ainsi
642 3244 697 3274 que
713 3234 753 3264 s'il
766 3233 850 3265 est01t
865 3234 902 3264 de
919 3234 1014 3266 vostre
1028 3236 1147 3268 Reffott
1160 3238 1193 3269 &
1214 3238 1268 3277 Ju-

198 3286 223 3308 τι
244 3285 340 3314 1c10n,

233 3315 280 3346 En
299 3314 398 3346 faisant
417 3323 452 3344 au
475 3312 582 3349 surplus
602 3321 656 3343 aux
675 3309 781 3342 Parties
798 3320 865 3349 oyes
887 3311 948 3342 bon
968 3313 1000 3344 &
1014 3313 1092 3344 brief
1107 3313 1213 3353 Droit,
1230 3316 1263 3347 δε

197 3354 451 3390 acompliffemcnt
466 3351 503 3382 de
509 3350 679 3389 Justice,de
692 3360 727 3381 ce
739 3350 804 3381 faire
811 3350 892 3381 Vous
906 3362 996 3382 avons
1008 3351 1119 3383 Donne
1134 3354 1166 3384 &
1178 3354 1265 3385 Don-

195 3401 269 3423 nons
286 3391 415 3429 Pouoir,
435 3390 605 3427 Aristonus,
623 3390 657 3420 &
671 3388 889 3427 Commiffi0n;
907 3400 968 3420 non
981 3391 1093 3422 obstant
1109 3393 1266 3431 quelzcon-

194 3440 265 3469 ques
282 3430 495 3474 Ordonnances
508 3430 541 3460 &
558 3428 670 3459 Lettres
688 3427 878 3467 subrepticos,
896 3427 1049 3469 Impetrees
1071 3441 1112 3462 ou
1132 3442 1147 3462 a
1168 3431 1266 3471 Impe-

195 3477 253 3501 trer
267 3479 283 3499 a
297 3479 333 3500 ce
346 3478 509 3501 contrane&

50 2519 117 2550 ngr,

231 3551 345 3584 Donne
359 3563 376 3585 a
389 3552 536 3593 Amboifi,
545 3552 580 3597 ⁴le
594 3561 612 3583 x
626 3551 701 3598 Jour
713 3552 890 3591 d'Otstobre,
906 3552 974 3585 l’An
988 3554 1024 3587 de
1042 3556 1140 3588 Grace
1160 3556 1262 3597 Milfe,

195 3590 392 3662 ἓὲἒὲτὲεεηε,
412 3593 616 3631 Quatrevmgts
630 3591 757 3632 dixsept,
771 3592 806 3624 δε
822 3592 856 3624 de
869 3592 966 3625 nostre
986 3594 1089 3635 Regne
1110 3596 1136 3627 le
1164 3596 1263 3635 Qin-

231 3714 258 3749 P
270 3723 290 3745 A
299 3722 323 3744 R
343 3722 366 3744 L
376 3722 396 3744 E.
415 3713 445 3744 R
453 3725 474 3745 o
485 3723 517 3744 γ.

232 3756 276 3785 Le
290 3757 348 3785 Sire
362 3752 396 3784 de
408 3751 539 3784 Graville
555 3750 685 3785 Admiml
697 3751 732 3785 de
745 3752 850 3785 France
862 3753 896 3785 &
912 3762 1002 3786 autres
1015 3754 1139 3788 Presens.

839 3837 1100 3872 RoBERTET.

435 3922 488 4001 8ἷό
511 3920 602 3993 Ἐζζσ
622 3926 726 3962 Magno
746 3926 822 3955 Cerae
840 3920 912 3956 albae
930 3935 950 3956 a
972 3925 1064 3958 caudae
1082 3929 1253 3966 Pergamenae

480 3973 512 3992 en
596 3982 602 3991 ι

1282 232 1761 280 PUBLICA.

2257 258 2272 284 1
2285 257 2335 294 19

1802 323 1812 338 ⁸
2350 326 2428 357 Ann.
2445 317 2489 357 D.

1709 406 1712 409 .
2374 372 2460 405 1497·

1480 406 1506 432 *
1534 411 1590 440 Pro
1614 407 1836 456 Archiepiscopo
1861 413 1963 444 Sanfli
1988 412 2125 446 Andreae,
2356 409 2454 474 {ie-{l}

1279 485 1554 555 REtffmuniverfis
1576 493 1609 522 &
1627 493 1735 532 singulis
1749 494 1923 534 Admirallis,
1941 497 2000 527 &c.
2019 498 2051 528 ad
2069 507 2157 538 quos,
2177 499 2240 530 &c.
2257 499 2334 530 Sala,
2352 484 2434 550 23:10}
2443 523 2456 553 3

1313 563 1395 608 Cum
1410 564 1672 598 Reverendiffimus
1684 570 1712 598 in
1729 569 1846 601 Christo
1864 570 1944 603 Pater
1965 583 1997 603 ac
2016 574 2232 606 Praecarii'fimus
2247 575 2331 606 Con·-

1276 601 1440 648 sanguineus
1455 603 1569 649 noster,
1710 645 1714 650 ι
1940 610 2123 643 permissione
2138 614 2235 645 divina
2244 637 2253 652 ,
2269 618 2333 644 Ar-

1277 640 1445 685 chfeptfiopus
1458 644 1554 672 Sanffl
1572 643 1696 673 Andreae
1709 655 1735 673 in
1752 645 1866 685 Scotia,
1885 648 1942 678 hoc
1968 650 2102 687 Regnum
2123 652 2250 683 nostrum
2274 654 2336 683 An*

1278 679 1356 724 gliae,
1375 689 1462 724 certas
1483 682 1524 711 ob
1547 680 1649 712 Causas
1669 683 1696 711 se
1709 692 1872 722 moventes,
1889 687 1983 718 nostra
1996 682 2068 725 prius
2080 690 2172 720 habirit
2190 691 2338 729 Licentia,
2361 685 2405 702 ²0'

1279 719 1387 786 ingresdi
1406 720 1643 759 pertransireque,
1662 721 1695 752 δε
1717 721 1752 750 ab
1775 721 1851 752 illinc
1868 724 1901 753 ad
1915 726 1965 755 alia
1980 727 2060 757 Loca
2071 727 2098 758 se
2113 729 2252 760 divertere
2264 741 2338 761 con-

1280 766 1347 794 cupi
1360 767 1416 795 cit,

1318 795 1403 834 Nos,
1421 797 1573 827 nobiscum
1589 797 1794 828 considerantes
1807 797 1888 835 ipfius
1903 798 2108 839 Consanguinei
2125 805 2210 835 nostri
2232 805 2339 844 Digni⁴

1281 842 1367 864 tatem
1389 835 1446 872 qua
1466 835 1583 873 praeest,
1603 835 1676 866 vit-se
1696 836 1891 866 Sinceritatem
1913 844 1995 876 arque
2011 840 2131 872 Morum
2147 837 2339 876 Honestitem

1283 874 1385 909 quibus
1406 874 1508 912 floret,
1534 874 1700 912 caeterasque
1719 875 1850 911 plurimas
1872 874 1995 906 Virtutes
2016 880 2117 915 quibus
2138 884 2245 912 caeteris
2269 893 2341 922 prae-·

1283 910 1353 949 stat,
1370 922 1484 943 necnon
1501 914 1693 950 propinquum
1712 914 1857 952 Sanguinis
1874 912 2006 946 Gradum
2022 926 2080 954 quo
2098 918 2195 949 Nobis
2214 922 2342 960 attingit,

1283 949 1450 987 suscepimus
1466 951 1556 988 ipsum
1574 950 1825 989 Consanguineum
1841 951 1972 984 nostrum
1987 955 2015 984 in
2035 954 2141 985 salvum
2162 959 2193 988 ὃ(
2216 959 2343 990 securum

1283 987 1475 1020 Condustum
1499 989 1644 1027 nostrum,
1670 1001 1703 1020 ac
1726 992 1755 1020 in
1778 990 2007 1030 protectionem,
2024 992 2209 1031 Tuirionem,
2227 997 2259 1025 &c
2282 997 2345 1027 De·

1285 1026 1440 1057 fenfionem
1457 1028 1563 1059 nostras
1577 1029 1720 1066 speciales,
1737 1031 1772 1059 ita
1787 1031 1866 1067 quoti
1880 1031 1953 1060 bene
1968 1032 2047 1062 liceat
2060 1033 2151 1062 eidem
2167 1032 2346 1071 Csnsangui-

1285 1075 1344 1109 neo¹
1355 1066 1454 1096 nostro
1469 1068 1497 1097 in
1512 1068 1569 1098 hoc
1583 1067 1720 1106 Regnum
1736 1067 1864 1098 nostrum
1882 1068 1993 1107 Angliae
2013 1080 2045 1100 ac
2070 1071 2120 1100 alia
2144 1071 2222 1102 Loca
2246 1072 2344 1102 Nobis

1286 1103 1408 1142 subjecta
1424 1115 1613 1144 quaecumque
1623 1130 1632 1144 ,
1648 1117 1704 1135 cum
1717 1110 1830 1135 Centum
1845 1107 1968 1146 Personis
1981 1112 2010 1137 in
2024 1113 2161 1139 Comitiva
2169 1110 2220 1149 fica
2233 1110 2282 1140 vel
2301 1116 2344 1141 in—

1279 1140 1352 1180 fra,
1371 1144 1404 1174 &
1430 1144 1549 1174 totidem
1570 1145 1674 1183 Equis,
1692 1155 1723 1174 ac
1748 1145 1852 1182 Bonis,
1871 1145 1986 1184 Rebus,
2006 1147 2162 1185 Herneliis,
2184 1148 2346 1187 jocalibus,

1287 1181 1369 1248 {qu-ro
1387 1183 1420 1212 &
1437 1183 1565 1222 Argento
1579 1193 1742 1221 monetato,
1761 1182 1821 1218 ὠν.
1836 1191 1867 1212 ut
1887 1187 1916 1213 in
1935 1184 2062 1224 finalibus
2081 1187 2112 1216 de
2135 1187 2274 1218 condam
2294 1190 2348 1218 Li-

1302 1231 1362 1249 ΕΓΗ.

1326 1295 1360 1326 In
1374 1297 1471 1336 cujus,
1487 1297 1548 1328 &c.
1570 1307 1619 1336 per
1634 1296 1784 1329 Biennium
1802 1298 1951 1330 duraturas.

1328 1372 1418 1403 Teste
1430 1372 1512 1413 Rege
1525 1374 1599 1412 apud
1614 1374 1885 1416 IW’stmomsterium,
1903 1376 2001 1407 Primo
2017 1377 2063 1407 die
2081 1377 2264 1410 Decembris.

1974 1455 2027 1483 Per
2040 1455 2122 1494 ἱρῇσι)
2139 1458 2244 1493 Regem.

1568 1576 1618 1606 Dc
1641 1575 1828 1607 Liberam-'one
1850 1577 2083 1622 Dmporalinm.

1295 1657 1440 1716 REX,
1457 1658 1602 1690 Escaetori
1623 1659 1672 1690 suo
1691 1661 1721 1689 in
1744 1659 1892 1692 Comitatu
1908 1660 2084 1701 wigorniae,
2102 1663 2238 1697 Salutem.
2380 1669 2457 1701 Ann.
2468 1664 2513 1700 D.-

1386 1696 1469 1728 Ctim
1488 1697 1636 1729 Dominus
1658 1702 1778 1729 Summus
1800 1699 1928 1738 Pontifex
1942 1724 1951 1737 ,
1977 1711 2067 1738 nuper
2088 1712 2207 1734 vacante
2231 1704 2358 1737 Ecclefia
2402 1717 2488 1748 14974

1294 1733 1458 1779 Cathedrali
1473 1737 1526 1767 &Vi
1547 1737 1685 1774 ornienfi,
1702 1747 1751 1774 per
1764 1737 1887 1769 Obitum
1902 1740 1986 1768 bonae
2011 1739 2164 1771 Memoriae
2175 1765 2184 1779 ,
2201 1743 2310 1773 Roberti
2327 1755 2356 1775 e-
2377 1751 2429 1776 An.
2451 1759 2493 1787 ¹3·

1290 1774 1403 1811 Juidem
1426 1775 1516 1805 Eccle
1528 1785 1563 1805 1ae
1587 1775 1675 1805 ultimi
1698 1775 1815 1815 Pastoris
1840 1776 1878 1811 &
1901 1778 2019 1816 Epzfcopi
2033 1801 2042 1817 ,
2079 1778 2231 1810 Personam
2258 1782 2356 1812 Fidelis
2377 1790 2411 1813 H.
2432 1792 2458 1822 7‘.

1296 1811 1403 1857 Clerici
1418 1823 1452 1844 ac
1469 1813 1627 1844 Confiliarii
1641 1813 1728 1845 nostri
1744 1815 1875 1854 Magistri
1889 1815 2030 1853 Johannis
2043 1817 2133 1854 ngles
2148 1818 2237 1848 nostri
2252 1821 2280 1850 in
2295 1819 2358 1851 Cu-
2384 1829 2441 1853 Par.
2470 1833 2513 1863 ¹3⁴

1295 1859 1336 1881 ria
1351 1851 1485 1883 Romana
1497 1852 1708 1891 procuratoris,
1726 1854 1848 1892 ejusdem
1864 1853 1998 1884 Eccleliae
2019 1854 2129 1894 Electi,
2146 1859 2174 1887 in
2198 1858 2278 1895 ipsius
2301 1859 2359 1891 Ec·
2379 1867 2494 1899 ἄγγη,

1296 1890 1388 1921 clesiae
1404 1890 1579 1929 Episcopum
1592 1891 1751 1930 praefecerit
1766 1894 1799 1924 ὃς
1817 1891 1963 1922 Pastorem
1973 1916 1982 1930 ,
2001 1893 2070 1924 sicut
2086 1904 2132 1931 per
2148 1896 2255 1926 Literas
2271 1897 2361 1927 Bulla—
2389 1911 2430 1930 ii.

1298 1937 1337 1959 tas
1359 1929 1441 1998 {ipsius
1460 1929 1587 1960 Domini
1603 1934 1703 1960 Summi
1725 1930 1880 1972 Pontificis,
1899 1931 2001 1962 Nobis
2025 1933 2093 1963 inde
2108 1934 2239 1973 dueaas,
2260 1936 2360 1968 Nobis

1300 1977 1356 1998 con
1385 1977 1426 2006 at,

1337 2006 1406 2037 Nos

1336 2044 1393 2075 Pro
1411 2029 1450 2075 ἒο
1474 2045 1554 2083 quod
1578 2045 1647 2074 idem
1671 2043 1800 2082 EIeHus,
1817 2055 1865 2083 per
1888 2046 1968 2076 suum
1987 2047 2205 2079 Procuratorem
2221 2050 2362 2083 sufficien-

1300 2090 1361 2114 tem
1376 2107 1387 2123 ,
1409 2085 1546 2114 omnibus
1570 2085 1603 2115 δε
1627 2084 1740 2123 singulis
1762 2083 1867 2114 Verbis
1881 2106 1891 2121 ,
1921 2084 2020 2116 Nobis
2040 2087 2074 2116 ὃ(
2098 2085 2229 2118 Coronae
2256 2091 2361 2122 nostrae

1299 2121 1550 2161 praejudicialibus,
1570 2124 1599 2153 in
1619 2122 1700 2152 dictis
1722 2122 1823 2152 Literis
1850 2123 1960 2154 Bullatis
1974 2126 2131 2163 contentis,
2150 2135 2248 2156 coram
2264 2128 2362 2161 Nobis

1301 2161 1393 2199 palam
1407 2161 1440 2192 ὅ(
1453 2161 1580 2198 expresse
1594 2160 1806 2198 Renunciavit,
1819 2161 1854 2191 &
1865 2160 1972 2193 Gratiae
1987 2163 2092 2193 nostrae
2107 2164 2250 2195 humiliter
2263 2166 2289 2197 se
2301 2167 2366 2198 sub—

1303 2199 1396 2237 misit,
1414 2199 1542 2231 volentes
1564 2210 1634 2231 curn
1653 2209 1690 2230 eo
1705 2200 1733 2228 in
1747 2201 1800 2229 hac
1816 2208 1893 2237 parte
1942 2211 1990 2230 ere
2003 2203 2143 2241 gratiose,

1337 2239 1434 2267 Eidem
1450 2239 1544 2268 Εὶεὶἳα
1563 2238 1654 2276 (cujus
1671 2237 1846 2268 Fidelitatem
1863 2248 1913 2275 per
1957 2248 2149 2271 rocuratorem
2166 2241 2244 2271 suum
2262 2242 2365 2280 praedi-

1303 2276 1387 2346 {iugi
1400 2276 1550 2320 Cepimus)
1572 2276 1758 2315 Temporalia
1776 2276 1963 2317 Episcopatus
1984 2278 2071 2317 illius,
2090 2288 2175 2317 prout
2195 2282 2282 2311 moris
2305 2282 2366 2322 est,

1334 2326 1349 2345 e
1376 2325 1508 2352 sturmus,

1341 2353 1379 2385 Et
1392 2354 1458 2384 ideo
1473 2354 1544 2384 Tibi
1557 2352 1746 2392 Prcecipimus
1760 2352 1840 2390 quod
1853 2354 1937 2384 eidem
1953 2355 2048 2385 Eleczo
2063 2354 2247 2393 Temporalia
2260 2358 2364 2395 praedi-

1305 2391 1350 2423 &a
1360 2415 1370 2431 ,
1385 2402 1453 2423 cum
1469 2393 1655 2430 pertinentiis,
1669 2393 1697 2421 in
1712 2391 1817 2423 Balliva
1831 2401 1897 2432 tua,
1911 2393 1967 2424 fine
1979 2393 2251 2433 dilatione,Liberes
2264 2398 2295 2427 in
2307 2397 2367 2429 for-

1305 2431 1354 2462 ma
1367 2430 1520 2471 praedicta,
1534 2431 1610 2462 salvo
1623 2430 1692 2470 Jure
1709 2430 1864 2469 cujussibet.

1340 2507 1430 2539 Teste
1441 2507 1523 2547 Rege
1537 2507 1610 2546 apud
1627 2506 1900 2548 Wstmonasterium‚
1918 2509 2032 2547 Qinto
2046 2509 2092 2541 die
2107 2509 2290 2543 Decembris.

1803 2587 1859 2615 Per
1871 2589 1965 2616 Breve
1977 2586 2010 2616 de
2029 2588 2148 2617 Privato
2161 2587 2261 2626 Sigillo.

1306 2662 1474 2694 Confimilia
1498 2661 1599 2692 Brevia
1614 2661 1769 2700 diriguntur
1788 2661 1982 2694 Escaetoribus
1999 2663 2154 2702 subscriptis
2169 2687 2179 2703 ,
2197 2666 2225 2695 in
2238 2664 2368 2699 Comini<

1478 2701 1554 2732 tibus
1566 2701 1739 2739 subscriptis,
1754 2700 1805 2731 sub
1818 2702 1918 2732 eadem
1932 2701 2027 2739 Data,
2043 2702 2177 2734 videlicet
2187 2726 2196 2742 ,

1342 2777 1484 2817 Estaetori
1502 2779 1580 2814 Regis
1597 2779 1627 2806 in
1652 2780 1723 2806 Com.
1742 2775 1833 2807 Glouc.
1852 2789 1884 2808 ac
1908 2777 2041 2808 Marchiis
2056 2778 2164 2810 Wlliae
2180 2781 2263 2810 eidem
2279 2784 2366 2812 Comi-v

1305 2820 1380 2847 tatui
1402 2816 1596 2853 adjacentibus.

1341 2854 1484 2894 Efiaetori
1500 2857 1578 2892 Regis
1592 2857 1620 2883 in
1636 2856 1708 2883 Com.
1728 2856 1822 2884 Warr.

1342 2893 1483 2933 Escaetori
1498 2895 1576 2930 Regis
1586 2895 1616 2922 in
1632 2896 1704 2922 com.
1723 2893 1814 2922 ΜΛΔ.

1341 2970 1379 3002 Et
1393 2969 1569 3001 Mandatum
1583 2968 1624 2999 est
1641 2967 1782 2999 Militibus
1791 2991 1801 3007 ,
1817 2968 1926 2999 Liberis
1939 2968 2134 3008 Hominibus,
2151 2970 2212 3002 &c.

1533 3097 1582 3128 De
1603 3091 1773 3125 Traslando
1797 3104 1864 3125 cum
1883 3095 1959 3139 Rege
1974 3095 2140 3128 Scotorum.

1306 3180 1512 3242 HEnricus,
1527 3178 1685 3221 Dei-gratia
1695 3201 1704 3217 ‚
1721 3182 1782 3209 Rex
1796 3177 1909 3217 Angliae
1925 3177 1963 3214 ό
1976 3181 2097 3208 Franciae
2112 3177 2150 3213 όν
2168 3181 2298 3210 Dominus
2311 3182 2366 3210 Hi-
2393 3195 2453 3227 [mn
2472 3192 2505 3228 D

1303 3258 1312 3288 l
1396 3219 1494 3249 berniffe
1513 3220 1666 3256 omnibus,
1684 3217 1718 3247 ad
1733 3228 1805 3257 quos
1822 3218 1967 3257 praesentes
1983 3217 2088 3248 Literae
2103 3220 2298 3257 pervenerint,
2315 3219 2365 3250 Sa⁴
2387 3218 2395 3227 ⁴
2407 3221 2483 3274 1437
2507 3218 2515 3228 '

1315 3267 1402 3289 utem.
2486 3259 2493 3266 ·

1341 3296 1441 3326 Sciatis
1458 3295 1540 3333 quod
1555 3294 1641 3333 Nos,
1956 3327 1958 3329 ,
2380 3278 2433 3339 ξ’·
2453 3285 2496 3312 ¹3·

1340 3334 1390 3365 De
1407 3335 1566 3370 Fidelitate,
1583 3332 1780 3370 Industria,&
1797 3330 1914 3370 provida
1930 3330 2193 3369 Circumspeffione
2201 3331 2361 3363 Praedileffl
2378 3323 2475 3378 sc'0r7'1

1302 3375 1335 3405 &
1359 3373 1460 3403 Fidelis
1481 3371 1638 3402 Consiliarii
1659 3371 1748 3402 nostri
1769 3371 1877 3400 Roberti
1901 3369 2055 3399 Middleton
2080 3372 2097 3389 ⁸
2123 3369 2232 3401 Clerici
2246 3371 2356 3410 Legum
2376 3393 2404 3415 H
2431 3374 2444 3406 ,,”
2474 3357 2511 3416 73¹⁶

1302 3411 1443 3442 Do-{toris
1459 3411 1571 3441 Decani
1590 3410 1763 3448 Leycestriae
1777 3408 2014 3447 quamplurimum
2030 3407 2221 3448 confidentes,
2382 3412 2415 3454 zo
2432 3408 2439 3424 Ι
2451 3412 2455 3416 ’
2504 3410 2510 3418 ‘

1336 3450 1431 3488 Ipsum
1450 3449 1581 3480 nostrum
1601 3459 1699 3480 verum
1718 3450 1750 3479 &
1770 3448 1956 3477 indubitatum
1982 3445 2219 3477 Commissarium
2233 3470 2243 3485 ,
2270 3447 2362 3485 Legaa
2381 3464 2399 3482 ,μ
2420 3450 2477 3494 ᾆῃῐ

1301 3497 1382 3527 tum,
1401 3488 1642 3524 Procuratorum,
1662 3487 1838 3524 Deputatum
1853 3486 1886 3515 δε
1899 3484 1933 3514 N
1937 3486 2053 3515 uncium
2066 3484 2214 3522 specialem
2233 3486 2360 3522 Affiana-
2421 3483 2429 3492 ⁴
2481 3484 2490 3495 ⁴

1299 3537 1379 3597 ¹rqnus,
1393 3527 1523 3558 Facimus
1532 3550 1541 3566 ,
1555 3526 1744 3563 ordinamus,
1758 3522 1964 3555 Constituimus
1978 3523 2011 3554 &
2024 3521 2203 3561 Deputamus
2218 3534 2267 3564 per
2281 3520 2359 3556 Ρηε-

1310 3576 1387 3597 entes

1334 3591 1442 3636 Dan'tes
1467 3605 1502 3634 δε
1520 3601 1720 3634 Concedentes
1737 3600 1828 3632 eldern
1846 3599 1959 3637 plenam
1975 3621 1984 3637 ‚
2011 3598 2130 3630 Tenore
2147 3599 2327 3630 Praesentiurn
2345 3623 2356 3640 ‚

1297 3643 1470 3674 Potestatem
1490 3643 1522 3673 &
1542 3641 1766 3677 Aneroritatem,
1783 3649 1815 3670 ac
1835 3637 2006 3667 Mandatum
2040 3638 2151 3668 ‘enerale
2169 3639 2202 3668 ὃ(
2221 3638 2354 3678 speciale,

1297 3691 1351 3719 pro
1372 3682 1469 3713 Nobis
1488 3681 1521 3710 &
1540 3679 1675 3709 Nomine
1690 3677 1804 3715 nostro,
1827 3685 1894 3706 cum
1915 3674 2013 3706 Illustri
2038 3686 2099 3706 1m0
2118 3676 2251 3713 Principe
2264 3675 2353 3713 Jaco-

1296 3720 1328 3750 bo
1343 3724 1477 3750 Scotorum
1494 3721 1562 3754 Rege
1577 3716 1798 3755 Consanguineo
1815 3714 1912 3745 nostro
1931 3713 2098 3752 Cariffimo,
2125 3715 2169 3744 seu
2184 3724 2240 3752 ejus
2258 3714 2356 3745 Com-

1295 3759 1442 3796 miffiriis,
1465 3755 1715 3791 Procuraroribus,
1737 3753 1851 3791 Legatis
1867 3775 1877 3790 ,
1904 3752 2054 3791 Depuratis
2071 3754 2105 3784 &
2124 3752 2249 3782 Nunciis
2261 3774 2272 3790 ‚
2294 3752 2354 3784 five

1293 3797 1352 3834 ejus
1370 3794 1575 3827 Commissario
1589 3816 1597 3831 ,
1622 3792 1810 3822 Procuratore
1827 3814 1837 3829 ,
1861 3791 1986 3830 Legaro,
2010 3790 2154 3828 Depurato
2173 3791 2204 3820 &
2224 3789 2259 3820 N
2263 3793 2351 3823 uncio

1292 3834 1478 3866 sufficientem
1498 3832 1670 3862 Potestatem
1689 3832 1722 3861 &
1742 3830 1946 3861 Auctoritatem
1964 3832 2000 3859 ab
2011 3829 2115 3859 eodem
2129 3827 2348 3867 Consanguineo

1291 3873 1392 3904 nostro
1411 3873 1445 3903 ad
1464 3872 1521 3901 hoc
1538 3871 1658 3899 habente
1675 3869 1720 3899 vel
1738 3869 1903 3900 habentibus
1921 3891 1931 3906 ,
1958 3869 2015 3898 ram
2037 3868 2072 3896 de
2099 3867 2133 3896 δε
2155 3866 2234 3904 super
2258 3877 2322 3899 vera
2337 3889 2347 3907 ,

1290 3911 1387 3950 firma,
1405 3918 1535 3950 perpetua
1549 3909 1581 3938 &
1600 3908 1662 3938 reali
1680 3907 1757 3938 Pace
1773 3917 1857 3945 atque
1875 3905 2055 3949 Concordia,
2070 3907 2157 3948 quarn
2171 3909 2207 3934 oe
2221 3906 2255 3936 &
2271 3905 2350 3946 super

1289 3950 1412 3988 Treugis
1429 3951 1463 3980 &
1483 3947 1657 3976 Guerrariim
1678 3946 1877 3983 Abstinentiis,
1897 3945 1990 3981 Ligis,
2009 3943 2169 3984 Armatus,
2194 3952 2273 3974 mutu
2315 3955 2353 3976 ue

1288 3989 1322 4020 &
1339 3987 1479 4019 amicabili
1495 3984 1650 4015 Intercursu
1670 3983 1815 4015 Mercium
1835 3985 1867 4015 ὃ(
1886 3981 2140 4018 Mercandiiarum,
2168 3991 2285 4012 necnon
2318 3994 2352 4013 n.

1287 4027 1444 4065 telligentiis
1459 4050 1468 4062 ,
1493 4024 1686 4053 Affinitaribus
1700 4047 1710 4059 .,
1736 4023 1890 4059 Alliganriis
1916 4022 1949 4050 &
1967 4019 2270 4051 confoederationibus
2287 4024 2351 4061 qui-

1287 4065 1462 4102 buscumque
1479 4088 1487 4099 ,
1510 4066 1582 4091 inter
1609 4062 1668 4090 Nos
1686 4062 1719 4092 &
1737 4060 1819 4100 ipsicm
1836 4055 2062 4101 Confinguineum
2079 4057 2196 4097 nost-rum
2210 4081 2221 4097 ‚
2244 4057 2348 4090 Haere-

1286 4104 1390 4140 desque
1408 4106 1440 4134 ὅ(
1460 4100 1638 4131 Succeffores
1657 4099 1767 4130 nostros
1783 4100 1815 4129 ὃ(
1835 4097 1916 4135 ipsius
1935 4097 2144 4136 Conlanguinei
2168 4097 2258 4127 nostri
2278 4105 2347 4137 ,lac

1286 4140 1407 4181 Regna,
1432 4141 1551 4177 Terras,
1580 4137 1739 4176 Domini-a,
1765 4137 1867 4169 Patrias
1885 4136 1918 4167 &
1938 4135 2035 4174 Loca,
2054 4145 2089 4167 ac
2107 4134 2349 4201 subditOE'rffiss'

2254 4184 2277 4203 a*
2302 4182 2352 4210 02,

2379 3505 2442 3539 671.
