2555 4266
0 310 14 330 ι.
26 299 70 330 D.

0 2631 22 2650 ³
0 2437 37 2581 eLsse‘*

11 2426 78 2611 }†·?0

633 215 743 255 ET
830 210 1084 254 ACTA

165 391 310 434 Perpetua
325 388 476 420 Amicitiae
492 385 775 432 Appuntinamenta
798 396 836 416 ex
852 386 943 416 Parte
960 384 1056 427 Regis.

83 472 199 528 REX
215 470 347 501 universis
361 470 393 501 &
408 469 531 508 singulis,
550 469 584 500 ad
599 479 722 508 quorum
738 466 882 497 Notitiam
898 465 1044 503 praesentes
1066 463 1143 493 Lite-

158 520 197 540 rae
209 511 404 549 pervenerint,
424 508 559 538 Salutem.
868 543 873 548 ⁸
915 541 920 546 .
1138 537 1143 543 ,

122 548 202 579 Cum
216 549 341 578 maxime
353 548 450 578 deceat
464 546 656 577 Christianum
675 552 816 582 quemque
829 541 990 578 Principem
1007 539 1145 581 laboranti

85 586 332 624 impraesentiarum
347 585 530 616 Orthodoxae
543 584 689 622 Religioni
703 583 876 617 succurrere,
894 589 927 609 ac
950 579 986 608 de
997 577 1145 622 'Subdito-

87 635 151 655 rum
167 625 273 663 Quiete
286 625 473 662 Utilitateque
486 624 630 659 cogitare,
647 629 761 650 necnon
776 618 829 647 suae
842 618 879 648 sic
896 617 1052 647 Posteritati
1074 624 1146 645 con-

86 662 173 694 sulere
190 663 270 702 quod
287 663 359 694 illius
371 662 546 698 Principarus
561 668 640 689 aetate
656 658 731 687 nulla
744 656 889 700 depereat,
1097 693 1102 697 1
1128 692 1132 696 ¹

160 712 205 731 uas
224 701 257 731 ad
279 701 339 732 Res
362 699 550 731 conficiendas
572 706 707 735 perquam
731 695 798 725 utile
818 694 849 724 sit
867 693 986 724 Foedera
1003 702 1070 723 cum
1095 691 1148 721 illis

87 701 208 770 stabilire
223 739 416 778 Principibus,
432 739 480 775 qui
495 737 631 774 perpetuo
647 735 733 764 velint
746 734 779 764 ὃ(
793 732 874 765 facile
887 731 989 771 poffint
1005 731 1056 761 suis
1067 729 1152 760 Con-

89 777 234 808 foederatis
245 778 340 808 favere
356 786 437 814 atque
451 774 591 811 auxiliari,
882 810 887 815 ι
1033 808 1039 814 .

128 815 208 847 Cum
225 818 308 847 etiam
324 816 420 846 animo
434 813 608 842 advertamus
620 809 723 847 quanta
738 809 924 847 Constantia,
934 808 1096 845 Integritate
1117 806 1150 836 &

91 853 161 884 Fide
183 855 320 892 splendeat
343 850 540 882 Illustriffimus
557 860 590 880 ac
617 847 827 879 Potentiffimus
848 847 984 885 Princeps
1005 846 1098 876 Frater
1117 846 1151 875 ὃς

91 891 322 933 Confinguineus
342 890 435 920 noster
461 888 628 918 Carissimus
649 886 774 924 Carolus,
795 885 851 916 Dei
872 885 975 925 gratia,
993 888 1063 914 Dux
1079 887 1152 913 Bur-

86 932 212 969 gundiae‚
229 930 289 965 &c.
306 930 370 965 cui,
387 937 440 964 pro
457 927 600 964 Foederis,
619 926 785 962 Sanguinis,
797 923 963 962 Affinitatis,
984 925 1018 954 &
1032 925 1154 953 immor-

91 970 149 999 talis
167 969 269 998 nostrae
285 965 487 997 Benivolentiae
497 965 585 1004 jure,
605 964 691 1001 usque
704 965 776 994 adeo
794 963 990 1000 devincimur,
1007 971 1038 992 ut
1052 961 1153 991 nullius

91 1006 228 1044 Principis
244 1006 428 1042 Amicitiam,
449 1003 569 1043 Ligam,
588 1005 620 1034 ὅ(
635 1002 917 1033 Confoederatioriem
937 1002 1026 1038 magis
1042 1008 1155 1043 appeta-

91 1056 171 1082 mus,
189 1043 418 1082 quandoquidem
434 1043 490 1080 ipse
506 1042 631 1072 nostram
643 1050 751 1079 expetat
768 1040 915 1070 Deiiderio
939 1049 998 1069 non
1024 1047 1153 1081 minore,

92 1082 245 1120 Nobisque
259 1083 316 1119 pari
331 1081 497 1111 Affeffione
514 1080 692 1119 respondeat,
712 1081 743 1110 ὃς
759 1087 890 1117 praeterea
905 1078 1024 1113 Terras,
1039 1076 1154 1112 Patrias,

94 1123 128 1153 &
154 1120 294 1151 Dominia
312 1121 411 1150 habeat
436 1118 601 1156 amplissima
621 1118 722 1148 nosti-is
736 1118 906 1155 convicina,
928 1118 957 1146 in
976 1116 1076 1154 quibus
1097 1123 1152 1143 nec

93 1159 265 1197 superiorem
279 1158 459 1196 recognoscit
472 1167 525 1188 nec
545 1157 747 1195 recognoscere
760 1164 887 1190 tenetur,

131 1197 257 1228 Proinde
279 1205 414 1235 quoque,
432 1205 563 1235 tanquam
589 1196 721 1232 Princeps
743 1195 794 1225 suis
819 1195 848 1222 in
872 1192 1016 1222 Dominiis
1030 1190 1155 1228 Suppre-

94 1245 175 1280 rpus,
192 1236 348 1280 &nemini
361 1235 505 1273 astucius,
522 1235 635 1265 liberius
647 1233 740 1272 potest
757 1231 947 1270 quascumque
962 1229 1156 1260 Confoedera-

93 1283 185 1305 tiones
200 1282 269 1304 inite

130 1312 267 1343 NoTuM
279 1297 430 1342 'metilius
449 1312 549 1351 quod,
567 1311 618 1341 hiis
634 1310 666 1341 &
683 1309 739 1339 aliis
748 1308 829 1347 justis
843 1308 879 1339 de
903 1306 1014 1344 Cauiis,
1034 1305 1156 1336 Rationi

95 1351 228 1381 consonis
242 1373 251 1388 ‚
274 1352 396 1389 permoti
411 1373 422 1388 ,
446 1351 573 1380 volentes
596 1348 714 1379 Foedera
739 1349 784 1378 iila
805 1347 889 1385 longe
912 1346 1067 1383 ampliare,
1092 1353 1156 1388 quae

97 1389 174 1420 idem
190 1389 386 1420 Illustrissimus
402 1389 550 1426 fraterque
566 1387 661 1418 noster
677 1385 842 1416 Nobiscum
858 1385 950 1416 Annis
971 1383 1158 1427 superioribus

99 1427 240 1465 firmavit,
257 1429 290 1459 δε
304 1437 364 1457 non
377 1427 439 1465 ipsis
453 1427 606 1464 derogare,
622 1424 711 1455 NOS
729 1433 796 1454 cum
813 1434 849 1453 eo
865 1422 1083 1458 Contraximus,
1104 1420 1157 1450 Fe-

41 1479 48 1486 ·
98 1468 207 1505 cimus,
223 1466 413 1501 Perfecimus,
431 1467 465 1497 &
481 1463 700 1499 ConclusimiiS,
719 1463 751 1493 &
767 1472 816 1500 per
833 1462 851 1481 ²*
868 1460 1018 1491 Praesentes
1035 1458 1160 1489 Contra-

99 1506 209 1543 himus,
236 1504 382 1542 Facimus,
401 1503 584 1540 Perficimus,
601 1503 634 1533 &
657 1500 884 1536 Concludimus,
902 1500 991 1529 bonas
1000 1522 1013 1542 ,U
1028 1498 1160 1542 sinceras,

99 1553 193 1580 veras,
219 1543 252 1573 δε
276 1551 419 1581 perpetuas
439 1543 600 1575 Amicitias,
631 1539 733 1576 Ligas,
758 1540 791 1569 &
815 1537 1102 1574 confoederationes,
1129 1545 1159 1565 in

101 1582 201 1620 quibus
221 1581 361 1617 utrimque
382 1580 519 1610 Haeredes
540 1580 573 1609 &
601 1577 799 1613 Succeffores,
816 1576 935 1614 Regna,
955 1575 1078 1612 Pati-ias,
1096 1574 1162 1618 Do-

101 1620 203 1655 minia,
220 1618 371 1655 Vassallos,
390 1619 423 1649 &
441 1617 576 1648 Subditos
593 1616 887 1653 Comprehendimus,
905 1613 1062 1644 secundum
1083 1613 1162 1645 Arti-

101 1658 231 1688 culorum
246 1657 279 1687 &
294 1655 493 1694 Capitulorum
508 1656 683 1693 sequentium
698 1654 838 1692 formam,

139 1695 278 1734 Qiorum
291 1695 393 1725 Tenor
405 1694 444 1725 est
457 1694 514 1726 talis
523 1717 532 1733 ,

138 1771 222 1802 Hffic
239 1780 328 1802 SUNT
346 1780 544 1810 perpetuarum
572 1771 787 1808 Amicitiarum,
808 1769 959 1809 Ligarum,
978 1768 1011 1800 &
1036 1767 1163 1798 Conferte-¹

104 1810 283 1842 derationum
298 1810 570 1848 Capitula,Consilii
585 1809 693 1840 matura
707 1810 907 1839 deliberatione
922 1807 1028 1837 firmata
1044 1808 1077 1837 &
1091 1817 1164 1837 con-

102 1850 176 1880 clusa
194 1850 264 1879 inter
288 1849 502 1879 Serenisfimum
519 1870 529 1886 ,
554 1847 824 1878 Excellentissimum
839 1870 849 1885 ,
880 1847 913 1878 δε
932 1845 1163 1876 potentissimum

102 1887 268 1925 Principem
291 1887 456 1917 Dominum
478 1887 672 1922 Edwardum,
700 1886 758 1916 Dei
786 1885 891 1924 gratia,
914 1888 1010 1922 Regem
1032 1882 1166 1921 Angliae,

101 1924 162 1960 &a
186 1934 266 1994 prZIut
279 1925 366 1965 fiaepra
387 1927 512 1964 (mutatis
532 1924 680 1963 mutandis)
708 1928 738 1954 in
761 1927 866 1954 Literir
887 1922 1067 1962 praeeuntibus
1083 1925 1166 1952 Ducis

102 1967 164 1994 Bur
198 1976 216 1994 n
237 1969 277 1994 iae.

142 1975 314 2040 Inguqnorum
332 2002 564 2041 Fidem,Robur
573 2025 583 2041 ,
597 2002 630 2034 &
643 2001 860 2032 Testimonium
875 2000 924 2031 has
938 1999 1046 2031 Literas
1059 1999 1166 2030 nostras

105 2039 165 2071 fieri
181 2041 303 2071 fecimus
317 2041 454 2072 Parentes.

141 2078 230 2110 Teste
246 2079 332 2118 Rege
346 2080 418 2118 apud
438 2078 713 2120 Westmonallerium,
731 2078 868 2110 vicesimo
882 2078 984 2116 quinto
998 2076 1043 2108 die
1056 2076 1134 2116 Julii.

353 2159 408 2187 Per
423 2159 516 2187 Breve
535 2156 568 2186 a'e
581 2158 699 2186 Privato
715 2154 805 2194 Sigillo
815 2178 825 2194 ,
842 2154 880 2192 ὠ·
892 2154 925 2184 de
940 2157 1012 2185 Dat.
1029 2152 1090 2189 &aa

173 2283 223 2315 De
247 2281 396 2323 Auxilio,
423 2292 444 2313 a
470 2282 554 2313 Duce
577 2279 753 2327 Burgundiae
777 2283 849 2327 Regi
866 2278 1047 2326 praestando,
1072 2277 1117 2311 ad

345 2332 482 2377 Regnum
508 2332 637 2363 Franciae
663 2328 920 2377 Recuperandum.

83 2453 89 2460 Ι
110 2416 294 2478 CArolur,
317 2416 374 2447 Dei
395 2415 498 2455 gratia,
523 2418 592 2445 Dux
616 2415 794 2453 Burgundiae,
819 2415 1022 2454 Lotharingiae,
1041 2413 1171 2444 Braban-

188 2459 253 2494 tiae,
278 2455 459 2493 Limburgiae‚
486 2455 708 2492 Luxemburgiae,
732 2455 764 2484 &
789 2454 946 2491 Ghela'riae,
975 2458 1064 2484 Comes
1086 2456 1170 2481 Flan-

109 2493 193 2531 driae,
209 2494 352 2532 Arthefii,
371 2493 552 2531 Burgundiae‚
571 2493 717 2523 Palatinus
729 2495 880 2530 Hananiae,
904 2491 1079 2528 Hollana'iae,
1105 2489 1172 2521 Zel-

108 2531 227 2570 landiae,
250 2535 401 2569 Namurci,
427 2534 460 2562 ὃς
484 2531 665 2571 Zutphaniae,
693 2535 817 2570 Sacrique
840 2535 948 2569 Imperii
972 2529 1112 2567 lilarchm,
1137 2538 1170 2559 ac

109 2573 241 2601 Dominus
256 2570 362 2611 Frifiae‚
388 2569 563 2608 Salinarum,
589 2571 622 2601 &
642 2569 816 2608 Mechliniae,
841 2570 974 2601 universis
989 2592 999 2608 ,
1026 2567 1172 2607 praesentes

111 2608 229 2639 Litteras
244 2609 423 2648 inspecturis,
441 2609 575 2639 Salutem.

146 2647 253 2685 Qiom
272 2646 480 2678 Inclitissimum
498 2647 623 2677 Franciae
637 2646 773 2686 Regnum
791 2646 987 2684 intollerabili,
1005 2656 1058 2684 pro
1073 2644 1170 2676 dolor!

109 2684 276 2724 Tyrannide
290 2687 538 2723 impraesentiarum
556 2696 713 2725 prematur,
730 2686 816 2722 usque
828 2685 900 2715 adeo
927 2694 957 2715 ut
980 2695 1034 2715 nec
1056 2684 1171 2722 Pietati,

110 2733 165 2754 nec
177 2723 255 2762 Juri,
273 2733 326 2754 nec
335 2723 473 2762 justitiae,
492 2735 546 2755 nec
563 2725 703 2763 Religioni
732 2723 828 2755 Locus
848 2724 963 2761 usquam
989 2723 1100 2754 relidius
1121 2722 1171 2760 sit,

109 2762 154 2793 sed
168 2770 277 2801 pateant
292 2763 319 2791 in
331 2762 380 2792 illo
394 2762 518 2801 undique
542 2763 661 2799 Rapinae
671 2786 680 2801 ,
701 2762 868 2799 Violentiae,
889 2761 1010 2801 Caedes,
1025 2761 1171 2792 Proditio-

107 2811 176 2839 neS,
196 2800 355 2838 Veneficia,
371 2801 404 2831 &
429 2801 449 2831 sl
476 2800 543 2839 quid
562 2801 614 2831 hiis
635 2803 711 2839 pejus
733 2801 790 2831 dici
813 2801 915 2839 possit,
933 2800 1008 2831 unde
1020 2799 1172 2830 miserabile

109 2848 216 2882 paratur
230 2839 280 2877 ipsi
304 2837 410 2878 Regno
435 2839 607 2878 Excidium,
625 2840 674 2870 nisi
696 2838 805 2870 Divina
831 2839 1006 2879 Benignitate
1028 2840 1058 2869 in
1075 2838 1174 2869 melius

106 2884 292 2916 terormetur‚

150 2916 228 2954 Quae
245 2916 342 2946 omnia
355 2924 389 2945 ex
401 2915 560 2954 Ludovico,
579 2915 684 2952 praefati
706 2915 802 2954 Regni
824 2915 1017 2953 Usurpatore,
1035 2915 1173 2947 duxerunt

111 2954 281 2992 originem,
301 2954 546 2992 quemadmodum
563 2954 689 2984 Finitimi
708 2953 882 2991 Externique
897 2962 1113 2992 cognoverunt,

147 2993 254 3032 Qiom
269 2995 362 3032 itaque
377 2991 473 3022 nostra
489 2993 613 3023 maxime
631 2993 733 3022 intersit
749 2991 884 3030 Regnum
897 2992 968 3022 istud
984 2993 1012 3022 in
1037 2991 1096 3022 Dei
1119 2992 1174 3022 Ti-

111 3039 193 3061 more
213 3032 288 3062 bene
306 3040 390 3069 arque
406 3030 483 3069 juste
506 3031 685 3067 Gubernari,
703 3030 853 3068 praesertim
877 3040 927 3068 per
948 3040 1014 3060 eum
1029 3030 1064 3060 ad
1085 3040 1172 3068 quem

108 3067 177 3106 Jure
193 3068 382 3100 Haereditario
399 3070 517 3107 pertinet
535 3069 690 3107 (videlicet)
706 3079 754 3106 per
771 3068 1039 3099 Excellentissimum
1060 3078 1092 3098 ac
1112 3069 1172 3099 Po-

111 3107 294 3138 tentissimum
310 3108 475 3145 Principem
490 3107 655 3138 Dominum
669 3109 702 3139 &
717 3107 842 3137 Fratrem
864 3107 994 3137 nostrum
1016 3107 1174 3138 Honoran-

109 3143 178 3188 dum
200 3147 360 3176 Edoardum
379 3149 474 3184 Regem
495 3150 617 3176 Franciae
639 3145 677 3181 &
699 3145 833 3183 Angliae,
861 3145 921 3181 &a
941 3146 1173 3184 quandoquidem

109 3181 161 3212 illis
175 3186 309 3216 omnibus
327 3184 486 3216 Virtutibus
499 3185 643 3217 habundet
659 3195 724 3224 quae
736 3185 770 3214 ad
783 3186 862 3216 redte
876 3186 909 3216 &
927 3185 1020 3215 sancite
1037 3184 1174 3224 Regnan-

110 3219 179 3251 dum
197 3224 390 3261 requiruntur,

150 3258 284 3292 ΝοτυΜ
303 3270 444 3292 FACIMUS
462 3261 541 3300 quod
557 3263 643 3301 Nos,
659 3263 801 3299 cupientes
824 3261 956 3300 Populo,
976 3272 1024 3300 per
1047 3263 1174 3292 Ludovi-

111 3307 168 3326 cum
186 3300 330 3342 praefatum
346 3300 498 3339 oppreffo,
517 3301 692 3338 Subvenire,
710 3301 742 3331 &
764 3299 905 3337 Justitiam
929 3302 958 3331 in
983 3301 1090 3337 Regno
1112 3301 1172 3339 ipso

113 3335 253 3380 Franciae,
270 3340 344 3370 unde
359 3339 492 3376 exulavit,
512 3339 654 3377 Exaltare,
671 3347 701 3370 ut
717 3340 800 3369 etiam
816 3338 955 3375 praedicto
980 3339 1116 3369 Domino
1138 3339 1170 3369 &

114 3372 201 3404 Fratri
215 3375 314 3407 nostro
328 3387 380 3415 pro
395 3378 499 3407 viribus
515 3378 673 3415 faveamus,
692 3387 752 3415 quo
766 3377 892 3408 Ducatus
914 3377 976 3407 suos
1002 3377 1172 3407 Normaniae

111 3421 145 3445 ac
160 3413 334 3450 Aequitaniae
346 3425 378 3444 ac
391 3425 521 3453 praeterea
538 3415 672 3455 Regnum
686 3415 775 3454 ipsum
792 3416 919 3446 Franciae
937 3416 1004 3454 Ope
1018 3415 1114 3447 nostra
1131 3424 1172 3446 at-

134 3461 168 3481 ue
185 3450 283 3489 Opera
298 3452 402 3496 facilius
419 3464 579 3493 recuperet,
597 3465 665 3486 cum
679 3454 781 3485 eodeni
798 3457 914 3484 Domino
937 3454 975 3490 ὠ·
1000 3458 1099 3484 Fratre
1122 3466 1171 3484 no-

103 3460 164 3529 flro
186 3489 265 3526 super
283 3490 334 3520 hiis
355 3489 553 3523 Convenimus
570 3516 580 3531 ,
607 3493 829 3531 Capitulavimus
845 3517 854 3530 ,
882 3493 1082 3524 Tractavimus
1099 3516 1107 3531 ,
1136 3495 1170 3524 &

111 3526 331 3597 gongluigmuts,
349 3529 503 3561 secundum
517 3532 596 3570 quod
614 3533 643 3562 in
666 3531 801 3570 Capitulis
821 3532 854 3563 ὃ(
876 3531 1011 3563 Articulis
1031 3533 1172 3570 sequenti-

135 3577 165 3596 us
197 3576 234 3596 ori
250 3577 294 3596 irie
309 3577 355 3604 ur,

113 3604 115 3608 ’
146 3604 284 3643 Qiorum
298 3605 398 3635 Tenor
409 3605 450 3636 est
463 3607 540 3646 talis,

147 3680 246 3712 Hffic
272 3689 317 3712 sU
330 3689 353 3712 N
367 3690 390 3711 'r
412 3680 604 3721 Paeiionum,
627 3683 880 3722 Convenrionum,
902 3685 935 3716 ὃ(
956 3684 1168 3716 Contraciuum

108 3717 253 3757 Capitiila,
272 3730 324 3758 pro
340 3719 426 3749 felici
444 3719 624 3751 Redudtione
639 3722 804 3752 Ducatuum
819 3722 988 3753 Normaniae
1001 3725 1033 3754 &
1060 3725 1170 3762 Aequi-

109 3760 209 3797 taniae,
231 3770 264 3790 ac
283 3760 366 3789 etiarn
388 3758 433 3788 Re
453 3759 480 3787 ni
499 3757 641 3796 Franciae,
669 3770 779 3797 proque
797 3759 965 3797 Principum
984 3762 1054 3791 infra
1072 3763 1169 3792 nomi-

109 3804 240 3827 natorum
258 3798 408 3828 communi
463 3795 559 3827 tilitate
577 3805 659 3833 atque
678 3797 797 3834 Gloria,
821 3796 941 3828 Consilii
961 3800 1068 3830 matura
1086 3800 1171 3831 Deli-

108 3833 253 3866 beratione
281 3834 435 3866 Contracta
450 3859 459 3873 ,
487 3833 648 3870 Conclusa,
674 3836 707 3866 &
731 3835 849 3865 Firmata
867 3838 938 3867 inter
955 3837 1170 3869 Serenissimum

112 3872 145 3902 &
165 3871 394 3904 Potentissimum
415 3874 576 3910 Principem
597 3872 759 3902 Dominum
781 3874 937 3904 Edoardum
991 3874 1047 3905 Dei
1067 3878 1171 3915 gratia,

111 3913 207 3947 Regem
223 3914 346 3942 Franciae
362 3911 400 3948 ὠ
418 3911 529 3950 Angliae
540 3935 549 3949 ,
573 3910 632 3946 &a
649 3919 682 3940 ex
701 3921 753 3941 una
772 3910 854 3943 Parte
865 3936 872 3947 ,
899 3914 931 3943 &
951 3897 1169 3945 fllustrisiimurn

112 3958 146 3978 ac
166 3948 397 3981 Potentisfimum
413 3951 577 3988 Principem
600 3949 760 3979 Dominum
780 3949 905 3979 Carolum
919 3974 929 3989 ,
952 3951 1051 3982 eadem
1067 3954 1172 3991 gratia,

114 3989 217 4016 Ducem
235 3989 399 4025 Burgundiae
417 3989 454 4025 ὠν
473 3989 654 4025 Brabantiae,
672 3985 731 4022 &cv
749 3997 782 4016 ex
803 3987 881 4018 Parte
902 3990 993 4020 altera.
1012 3995 1014 3998 '

150 4025 162 4055 Ι
175 4034 201 4055 Μ
211 4034 228 4055 P
240 4034 286 4056 R.1
297 4035 345 4056 Ml
356 4037 368 4058 s
386 4027 580 4058 Serenissimus
594 4027 738 4057 Dominus
754 4026 898 4055 Edoardus
915 4030 974 4057 Rex
992 4031 1113 4058 Franciae
1132 4028 1170 4065 ὠ,

114 4063 228 4101 Angliae
242 4088 251 4101 ,
275 4073 329 4102 pro
351 4063 516 4096 Ducatuum
535 4067 648 4097 suorum
667 4063 857 4095 Normanniae
877 4066 908 4094 &
928 4068 1122 4103 Acquitanniae
1139 4077 1172 4098 ac

114 4101 534 4172 etianrpmosukzegphFranciae
555 4104 786 4143 Recuperatione
801 4125 812 4142 ,
842 4102 906 4134 Sese
934 4103 1175 4144 Excercitumque

1170 194 1645 252 rusticiu
2182 227 2230 266 ,μ

1177 295 1257 325 suum
1277 293 1311 323 ad
1332 293 1513 324 Armatorurn
1534 294 1702 325 Numerum
1723 296 1798 332 supra
1820 296 1900 327 Milia
1919 297 2032 328 Decem
2054 297 2175 328 Instruet
2201 301 2234 330 δε
2259 296 2385 328 Ami).

1181 332 1294 362 Parabit
1321 332 1470 368 magnifice
1497 343 1530 362 ac
1555 333 1688 364 decenter
1704 357 1712 370 ,
1735 334 1768 363 ad
1788 333 2036 366 Transfretandum
2052 361 2060 373 ,
2084 337 2234 368 Traicieii-

2276 337 2362 374 147⁵}-

1175 370 1244 400 dum
1261 392 1271 407 ,
1297 370 1329 399 &
1352 369 1594 400 Descendendum
1621 372 1648 401 in
1674 372 1867 402 Normaniam
1884 395 1892 409 ,
1917 374 1960 404 {eu
1978 376 2004 402 iri
2024 376 2085 404 alias
2106 376 2231 406 Franciae
2256 378 2321 402 Edv.
2338 385 2367 410 4.

1175 408 1270 437 Partes
1287 430 1297 444 ,
1322 407 1390 436 citra
1418 407 1549 437 Primum
1577 409 1665 438 Diem
1696 409 1802 439 Mensis
1824 409 1893 448 Julii
1920 413 2052 447 proximo
2079 414 2205 444 futurum
2223 437 2232 451 ,

1175 455 1309 512 ςῃεῐέηυε
1328 444 1411 475 Mare
1428 447 1461 476 &
1480 445 1565 476 Venti
1584 448 1738 485 patientur,
1758 447 1815 477 Dei
1833 448 2047 486 Omnipotentis
2065 450 2233 483 Benivolen-

1174 494 1213 514 tia
1231 495 1246 514 a
1266 492 1389 521 juvante.

1212 522 1230 540 ⁴
1251 522 1321 551 ITE
1333 529 1378 559 M,
1397 520 1477 558 quod
1495 520 1607 551 Illustris
1627 521 1772 552 Dominus
1790 522 1909 552 Kar-olus
1928 527 1995 553 Dux
2014 527 2175 561 Burgundiae
2193 526 2230 562 ὠ
2253 525 2268 541 ““
2289 526 2331 553 Χῐ

1174 560 1339 589 Brabantiae
1350 584 1358 593 ,
1377 559 1436 594 &1-
1453 560 1482 589 iri
1498 559 1638 596 Persona,
1657 561 1689 590 ὃς
1705 561 1754 590 suo
1771 571 1838 590 curn
1853 561 2021 599 potentatu,
2041 563 2162 595 Domini
2174 566 2233 596 Re·
2255 565 2319 600 307-

1197 601 1216 628 is
1237 599 1328 629 Partes
1346 598 1495 635 Tenebit,
1524 598 1663 634 Fovebit,
1683 607 1765 634 atque
1785 599 1995 636 Amplexabitur
2013 605 2123 637 prorstn
2142 605 2235 641 quoad

1173 608 1223 676 &us
1242 639 1274 668 ὃς
1293 636 1425 666 Titulum
1445 638 1561 673 attinet,
1581 637 1658 674 quod
1678 646 1801 673 quemve
1822 637 1965 667 Dominus
1984 638 2048 668 Rex
2068 640 2098 668 &
2120 651 2237 678 praeteri-

1177 675 1217 705 dit
1246 676 1278 706 &
1302 675 1385 705 habet
1404 676 1431 704 in
1454 674 1559 710 Regno
1578 676 1610 706 ὃς
1631 674 1751 704 Corona
1769 674 1893 704 Franciae
1908 699 1917 712 ,
1941 676 1973 706 δε
1992 677 2107 714 quidem
2123 678 2238 716 Juvabit

1178 724 1244 744 eum
1263 714 1297 744 ad
1316 713 1577 750 Recuperationein
1599 713 1763 743 Ducatuum
1780 713 1893 742 suorum
1921 713 2093 744 Normaniae
2120 717 2152 747 ὅ(
2180 719 2238 748 Ac-

1179 753 1311 790 quitaniae
1330 751 1467 789 ipiiusque
1485 750 1583 788 Regni
1602 752 1634 782 ὃ(
1653 750 1782 781 Coronae
1801 750 1942 789 Franciae,
1963 753 2118 783 faciendam
2140 765 2239 786 contra

1179 792 1350 821 Ludovicum
1367 813 1376 827 ,
1401 791 1463 819 haec
1484 790 1620 819 Dominia
1640 790 1886 827 impraesentiarum
1905 790 2004 827 iniuste
2021 791 2240 833 Occupantem,

1180 829 1225 860 seu
1247 829 1432 866 quoscunque
1446 828 1514 858 alios
1530 828 1731 867 Occupantes,
1749 828 1988 866 Occupatoresve.

1218 866 1266 898 Ιτ
1280 875 1334 898 ΕΜ
1353 890 1362 904 ,
1390 867 1470 904 qubd
1495 870 1627 896 Dominus
1649 870 1709 896 Rex
1735 876 1846 897 exnunc
1873 866 1959 897 nichil
1974 869 2096 899 omnino
2115 869 2243 900 tractabit

1182 916 1251 936 cum
1267 904 1386 944 praefato
1404 906 1561 942 Ludovzco,
1580 915 1633 935 nec
1652 915 1720 936 curn
1740 905 1797 935 ullo
1816 906 1872 935 alio
1893 905 2029 942 Regnum
2047 907 2080 937 &
2094 905 2245 938 Coronam

1182 944 1307 974 Fraiiciae
1324 944 1368 974 seu
1384 943 1454 974 illius
1473 943 1584 974 Partem
1603 944 1726 981 aliquam
1745 943 1916 980 Occupante
1933 944 2174 983 Occupaturove,
2191 956 2245 977 nec

1181 992 1250 1013 cum
1267 983 1318 1013 alia
1337 983 1432 1020 quavis
1448 981 1570 1012 Persona
1588 1004 1596 1019 ,
1625 983 1706 1019 ipsius
1724 982 1859 1012 Ludovici
1876 991 1922 1013 aut
1941 983 2145 1020 praedictorum
2171 985 2244 1015 Vice

1183 1021 1319 1058 fungente
1333 1043 1343 1058 ,
1368 1023 1439 1058 ymo
1459 1031 1512 1051 nec
1531 1030 1631 1051 eorum
1650 1020 1741 1051 audiet
1761 1020 1895 1051 Oratores
1911 1021 2143 1052 Internunciosve
2160 1046 2169 1061 ,
2195 1033 2247 1053 ne-

1184 1069 1240 1096 que
1258 1059 1372 1090 Litteris
1390 1060 1514 1096 ipsorum
1535 1059 1714 1097 respondebit
1730 1059 1893 1091 ,inconsulto
1913 1063 2028 1090 Domino
2051 1064 2149 1099 Duce,-
2177 1061 2222 1092 sed
2239 1084 2250 1099 ‚

1184 1098 1312 1134 quotiens
1339 1096 1496 1132 huiusmodi
1521 1097 1607 1128 Casus
1634 1097 1660 1129 se
1684 1097 1787 1128 offeret
1802 1121 1812 1136 ,
1837 1098 1946 1128 curabit
1970 1098 2115 1138 diligenter
2132 1100 2249 1130 reddere

1186 1135 1349 1165 Dominum
1370 1135 1485 1166 Ducem
1505 1138 1670 1174 certiorem,
1690 1138 1737 1174 qui
1756 1146 1824 1167 tunc
1844 1136 1926 1173 possit
1944 1136 2051 1175 aliquos
2067 1138 2199 1176 deputare
2214 1139 2249 1169 ad

1183 1174 1386 1212 Audiendum,
1411 1173 1651 1212 Intelligendum,
1673 1176 1707 1205 &
1728 1175 1964 1213 Discutiendum‚
1992 1177 2050 1206 una.
2067 1186 2134 1206 cum
2153 1180 2251 1207 Domi-

1185 1223 1218 1242 no
1244 1215 1312 1250 Rege
1336 1221 1382 1242 aut
1409 1212 1461 1242 suis
1482 1212 1630 1249 Deputatis
1646 1236 1656 1250 ‚
1683 1213 1823 1251 quidquid
1843 1215 1912 1244 illius
1929 1214 2064 1244 Ludovici
2083 1224 2129 1244 aut
2150 1216 2252 1253 praedi-

1186 1250 1301 1281 c’torum
1328 1250 1465 1281 Nomine
1484 1252 1510 1280 in
1531 1252 1656 1283 medium
1675 1251 1807 1282 afferetur
1824 1274 1833 1290 ,
1862 1254 1970 1290 eritque
1990 1252 2148 1283 Consensus
2167 1253 2249 1292 Dep—

1187 1298 1347 1327 piitatorum
1366 1288 1447 1326 ipsius
1464 1291 1575 1319 Domini
1593 1292 1675 1319 Ducis
1689 1312 1700 1328 ,
1718 1290 1737 1320 si
1759 1290 1917 1329 adfuerint,
1937 1292 1966 1321 in
1984 1292 2119 1322 omnibus
2137 1293 2250 1332 requisi-

1189 1336 1241 1358 tus.

1178 1396 1180 1400 ,
1224 1365 1331 1404 ITEM,
1350 1366 1407 1403 pari
1426 1364 1550 1396 Ratione
1568 1369 1699 1396 Dominus
1714 1370 1782 1397 Dux
1799 1373 1909 1398 exnunc
1929 1362 2016 1399 nichil
2035 1362 2157 1400 omnino
2179 1361 2254 1399 Tra-

1190 1405 1277 1437 &abit
1296 1415 1366 1435 curn
1377 1402 1498 1443 praefato
1516 1405 1673 1442 Ludovico,
1691 1415 1743 1436 nec
1763 1415 1830 1435 curn
1847 1407 1904 1436 ullo
1917 1407 1972 1437 alio
1990 1407 2126 1447 Regnum
2143 1409 2176 1439 &
2187 1407 2253 1437 Co-

1189 1453 1290 1474 ronam
1315 1442 1441 1473 Franciae
1466 1443 1511 1473 seu
1535 1443 1604 1472 illius
1631 1443 1739 1474 Partem
1757 1445 1877 1481 aliquam
1893 1444 2065 1482 Occupante
2085 1446 2254 1484 Occupatu-

1189 1492 1276 1519 rove,
1296 1491 1349 1511 nec
1369 1490 1437 1511 cum
1456 1480 1508 1511 alifi
1527 1482 1623 1519 quavis
1642 1481 1782 1519 Persona,
1800 1483 1881 1519 ipsius
1901 1484 2034 1514 Ludovici
2049 1494 2082 1515 ac
2103 1485 2255 1521 praedirsto-

1189 1530 1254 1551 rum
1276 1519 1348 1550 Vice
1363 1519 1496 1559 fungente
1513 1543 1522 1556 ,
1553 1522 1624 1558 ymo
1642 1530 1697 1550 nec
1714 1530 1814 1550 eorum
1833 1522 1923 1552 audiet
1943 1522 2076 1553 Oratores
2104 1523 2253 1554 internun-

1189 1558 1283 1589 ciosve
1298 1581 1308 1596 ,
1334 1568 1426 1596 neque
1445 1557 1554 1588 Litteris
1574 1558 1695 1597 ipsorum
1717 1559 1896 1595 respondebit
1917 1582 1925 1596 ,
1952 1561 2109 1591 inconsulto
2137 1564 2255 1591 Domine

1191 1601 1274 1636 Rege,-
1296 1597 1359 1635 sed,
1390 1598 1519 1629 quorieiis
1538 1596 1696 1631 hujusmodi
1715 1596 1801 1627 Casus
1820 1598 1845 1627 se
1864 1597 1986 1635 offeret,
2013 1601 2121 1630 curabit
2139 1601 2257 1638 diligen—

1192 1646 1234 1668 ter
1255 1635 1369 1666 reddere
1387 1638 1532 1665 Dominum
1552 1637 1646 1673 Regem
1665 1636 1816 1665 certiorem
1833 1659 1842 1674 ,
1870 1646 1928 1673 quo
1947 1647 2014 1667 runc
2036 1637 2119 1672 poffit
2147 1638 2256 1675 aliquos

1193 1675 1326 1712 deputare
1344 1674 1377 1704 ad
1397 1673 1594 1711 Audiendum,
1622 1673 1854 1712 intelligendum,
1881 1675 1914 1704 &
1934 1674 2174 1713 Discutiendum,
2201 1676 2257 1706 una

1194 1724 1261 1745 curri
1280 1716 1396 1743 Domino
1414 1715 1486 1741 Duce
1502 1735 1511 1749 ,
1537 1721 1583 1742 aut
1604 1711 1655 1742 suis
1676 1712 1844 1751 Deputatis,
1871 1712 2006 1752 quidquid
2026 1714 2095 1744 illius
2120 1714 2259 1744 Ludovici

1193 1761 1240 1783 aut
1257 1752 1461 1789 praediCtorum
1482 1749 1616 1786 Nomine
1634 1752 1662 1780 in
1686 1752 1813 1781 medium
1833 1750 1983 1789 afferetur,
2001 1753 2110 1789 eritque
2129 1752 2260 1783 Consen-

1195 1791 1236 1822 sus
1254 1790 1465 1859 Dseputatorum
1483 1788 1564 1827 ipfius
1585 1788 1711 1819 Domini
1726 1789 1830 1828 Regis,
1849 1790 1868 1819 fi
1887 1789 2047 1829 adfuerint,
2071 1792 2102 1820 in
2122 1792 2260 1822 omnibus

1195 1840 1224 1861 re
1247 1840 1273 1860 ui
1286 1839 1348 1860 itus.
1843 1858 1846 1861 ,

1226 1840 1339 1905 (iTaM,
1358 1865 1438 1906 quod
1456 1865 1599 1904 Principes
1617 1866 1764 1904 praedici-i,
1782 1868 1811 1896 in
1831 1866 1882 1897 suis
1903 1866 2069 1906 Dominiis,
2089 1868 2206 1906 patriis,
2223 1862 2258 1900 &

1196 1907 1354 1937 Provinciis
1370 1928 1380 1944 ,
1406 1904 1549 1936 Declarari
1574 1905 1675 1935 faciant
1694 1905 1727 1935 &
1753 1905 1933 1943 solempniter
1951 1906 2091 1938 Publicari
2110 1908 2261 1945 prtefatum

1196 1945 1365 1976 Ludovicum
1383 1937 1438 1974 else
1455 1953 1642 1975 communem
1660 1942 1787 1973 Hostem
1812 1954 1915 1974 eorum
1930 1969 1939 1983 ,
1970 1946 2182 1983 quamprimum
2209 1945 2260 1983 ipsi

1196 1993 1243 2015 aut
1268 1993 1369 2014 eorum
1392 1983 1459 2013 alter
1487 1991 1587 2013 contra
1610 1981 1733 2012 eundem
1760 1983 1929 2012 Ludovicum
1955 1983 1999 2014 seu
2026 1986 2156 2021 quemvis
2172 1984 2261 2014 alium

1197 2033 1250 2062 pro
1269 2020 1414 2061 Qierela,
1429 2021 1465 2051 de
1484 2031 1538 2059 qua
1556 2019 1651 2058 supra,
1672 2020 1785 2051 Hostile
1801 2021 1907 2052 Bellum
1926 2022 1990 2052 actu
2008 2022 2207 2053 excercebunt.

1236 2061 1343 2098 ITEM,
1371 2059 1468 2097 postea
1488 2069 1572 2097 quarn
1588 2069 1641 2098 pro
1656 2058 1724 2097 Jure
1741 2069 1775 2090 ac
1793 2059 1896 2091 Titulo
1916 2059 2039 2091 Domini
2059 2061 2146 2100 Regis
2164 2061 2264 2092 adver-⁷

1198 2101 1241 2132 sus
1262 2099 1430 2130 Ludovicum
1454 2097 1543 2137 ipsum
1567 2106 1614 2127 aut
1632 2099 1763 2135 quemvis
1780 2098 1865 2128 alium
1884 2097 1994 2129 Bellum
2015 2099 2159 2130 IndiCtum
2178 2105 2262 2137 'coep-

1198 2148 1319 2177 tumque
1342 2138 1424 2168 suerit
1439 2161 1449 2174 ,
1475 2136 1660 2174 unusquisque
1676 2135 1843 2174 Principum
1862 2137 2041 2176 praefatorum
2061 2138 2264 2169 Communem

1199 2177 1327 2208 Hostem
1346 2186 1398 2214 pro
1416 2176 1519 2206 viribus
1535 2174 1676 2204 infestabit
1694 2175 1909 2215 quibuscunque
1927 2177 1955 2205 in
1977 2176 2065 2207 Locis
2081 2176 2114 2207 ad
2134 2177 2191 2207 hoc
2211 2187 2264 2207 co-‘

1200 2216 1379 2247 modioribus
1397 2215 1430 2245 ὃς
1451 2216 1537 2252 magis
1555 2214 1689 2252 ydoneis,
1706 2213 1862 2244 duntamen
1880 2224 1910 2244 ea
1930 2215 2015 2252 usque
2034 2214 2107 2246 adeo
2125 2215 2264 2253 disjuncta

1200 2265 1260 2286 non
1282 2255 1334 2285 sirit
1351 2256 1397 2284 seu
1413 2253 1574 2283 abinvicem
1593 2250 1738 2290 distantia,
1758 2253 1825 2290 quin
1844 2253 1911 2282 alter
1930 2253 2096 2291 Principum
2112 2253 2264 2291 praedidio*

1200 2304 1265 2325 rum
1281 2314 1291 2332 ,
1315 2293 1352 2323 ab
1378 2292 1466 2322 altero
1485 2292 1515 2321 in
1532 2290 1595 2321 casu
1613 2290 1766 2321 verisimilis
1785 2290 1966 2322 Neceffitatis
1984 2292 2129 2330 requisitus
2141 2315 2151 2331 ,
2176 2293 2266 2324 valeat

1199 2333 1298 2371 Opem
1318 2332 1391 2362 ferre
1409 2331 1568 2368 requirenti.

1237 2371 1370 2409 ITEM,
1390 2370 1409 2400 si
1430 2368 1528 2399 Hostis
1547 2367 1736 2408 Communis,—
1756 2369 1799 2399 seu
1820 2369 1889 2400 illius
1908 2368 2140 2408 Locumtenens,
2157 2369 2265 2400 Emer-³

1201 2411 1307 2443 citiisve
1326 2410 1404 2446 suus,
1427 2408 1511 2438 aliurn
1529 2417 1562 2437 ex
1580 2406 1755 2445 Principibus
1774 2409 1916 2447 praediciis
1936 2409 1964 2437 in
1982 2417 2092 2439 tantum
2110 2417 2269 2447 premeret,-

1225 2450 1283 2480 uod
1299 2449 1344 2480 vel
1364 2447 1522 2478 Obsidione
1541 2446 1768 2486 distringeretur,
1787 2447 1830 2477 vel
1853 2446 2016 2484 Cogeretur
2031 2446 2155 2484 Copiam
2173 2447 2267 2478 facere

1236 2488 1387 2525 imicandi,
1406 2496 1452 2517 aut
1471 2486 1489 2516 si
1508 2484 1607 2515 Hostis
1625 2485 1681 2522 ipse
1700 2485 1736 2514 ab
1755 2495 1813 2515 uno
1830 2485 1975 2516 (licitorum
1996 2484 2160 2523 Principum
2179 2485 2268 2515 Obsi-

1203 2528 1314 2558 deretur
1332 2539 1342 2564 3
1369 2526 1420 2556 hiis
1439 2527 1468 2555 in
1485 2524 1602 2554 Casibus
1620 2523 1755 2561 Princeps
1773 2524 1840 2554 alter
1853 2547 1862 2562 ,
1889 2525 1936 2561 qui
1957 2533 2009 2561 pro
2027 2531 2156 2562 tempore
2174 2525 2210 2554 ab
2228 2530 2266 2554 eo

1204 2566 1272 2596 loco
1288 2566 1404 2602 abierit,
1422 2564 1561 2594 tenebitur
1580 2563 1694 2601 proprio
1713 2562 1852 2600 Sumptu,
1880 2564 2093 2600 quamprimum
2115 2563 2198 2593 fuerit
2217 2562 2268 2593 In-

1204 2603 1359 2642 terpellatus
1377 2626 1386 2641 ,
1410 2602 1443 2632 ad
1470 2601 1694 2638 interpellantem
1724 2610 1792 2631 cum
1809 2600 1958 2631 Excercitu
1975 2601 2024 2631 suo
2043 2600 2180 2639 proficisci
2196 2622 2205 2639 ,
2232 2610 2268 2632 ac

1206 2642 1286 2673 Vires
1303 2642 1359 2672 suas
1376 2641 1492 2673 Viribus
1510 2639 1714 2678 interpellantis
1732 2640 1879 2678 adjungere
1895 2663 1903 2676 ,
1936 2649 2125 2670 communem
2145 2649 2214 2670 cum
2231 2646 2269 2670 eo

1205 2682 1361 2712 Fortunam
1386 2689 1545 2718 experturus
1561 2689 1571 2716 ·,
1596 2679 1628 2709 &
1648 2677 1705 2707 hoc
1724 2679 1853 2715 quotiens
1872 2678 1990 2709 durante
2010 2676 2088 2709 Bello
2106 2677 2221 2709 Gallico
2240 2678 2271 2708 id

1203 2719 1352 2751 acciderit:
1372 2718 1429 2756 Et,
1448 2717 1525 2756 quod
1544 2716 1580 2746 de
1599 2716 1775 2753 Principibus
1793 2716 1853 2754 iplis
1870 2717 1979 2747 dierum
1998 2716 2060 2755 est,
2077 2718 2161 2749 etiam
2180 2717 2217 2747 de
2235 2717 2271 2747 ii-

1203 2760 1299 2790 lorum
1319 2755 1595 2788 Locumtenentibus
1613 2755 1722 2785 dietum
1740 2754 1797 2785 esse
1815 2755 1987 2792 intelligitur.

1239 2797 1283 2828 IT
1296 2805 1313 2827 iz
1325 2804 1370 2834 M,
1391 2795 1502 2834 Coepto
1522 2795 1550 2824 in
1569 2792 1653 2823 Galia
1670 2794 1706 2823 ab
1724 2793 1786 2831 ipsis
1804 2792 1984 2832 Principibus
2002 2793 2098 2832 Bello,
2120 2803 2151 2824 ut
2169 2793 2272 2833 praedi-

1205 2836 1287 2867 ctum
1305 2834 1346 2866 est
1359 2859 1368 2872 ,
1393 2835 1484 2864 neutri
1509 2842 1610 2863 eorum
1628 2832 1725 2862 licebit
1743 2831 1810 2862 illud
1831 2831 1952 2862 deserere
1970 2833 2105 2870 quamdiu
2124 2833 2160 2862 ab
2181 2833 2269 2862 altero

1207 2874 1435 2911 continuabitur,
1456 2872 1500 2902 sed
1519 2872 1660 2902 tenebitur
1679 2880 1727 2907 per
1746 2871 1772 2900 se
1790 2871 1809 2900 si
1827 2871 1962 2907 praesens,
1980 2871 2024 2900 vel
2040 2879 2090 2907 per
2109 2871 2269 2901 Locumte-

1207 2922 1325 2944 nentem
1352 2912 1372 2942 fi
1398 2911 1493 2942 absens
1516 2910 1596 2940 fuerit
1614 2932 1622 2946 ,
1646 2908 1805 2946 hujusmodi
1827 2908 1934 2938 Bellum
1963 2917 2084 2945 gerere,
2111 2910 2146 2939 ita
2172 2916 2270 2939 tamen

1206 2952 1286 2990 quod
1304 2952 1517 2982 Locumtenens
1537 2948 1664 2979 Absentis
1678 2947 1787 2984 semper
1804 2946 1904 2977 debeat
1923 2947 2047 2984 Principi
2065 2947 2174 2978 deferre
2186 2951 2271 2985 atque·

1205 3001 1299 3028 parare
1324 2992 1353 3020 in
1382 2990 1433 3019 hiis
1456 2998 1519 3026 quae
1548 2986 1700 3017 communi
1728 2985 1861 3024 Negotio
1885 2985 2050 3016 conducere
2075 2985 2270 3016 videbunturss

1205 3039 1260 3059 nec
1278 3029 1332 3059 alio
1350 3028 1441 3058 Paeto
1457 3025 1540 3064 possit
1558 3026 1586 3055 in
1606 3024 1760 3062 Hyberna,
1785 3025 1830 3053 seu
1849 3023 2046 3062 Munitiones,
2070 3034 2155 3063 atque
2172 3021 2269 3062 Opida

1206 3067 1304 3097 reduci
1323 3067 1393 3097 ullus
1411 3074 1511 3096 eorum
1533 3063 1713 3100 Excercitus,
1731 3062 1816 3099 quam
1837 3062 1854 3091 fi
1875 3062 1901 3091 id
1921 3071 1990 3092 cum
2008 3062 2268 3093 Deliberatione&

1205 3104 1351 3136 Consensu
1371 3105 1522 3136 amborum
1539 3101 1632 3131 Princi
1655 3110 1703 3130 um
1723 3099 1790 3138 fiat;
1812 3101 1889 3139 quod
1909 3100 1927 3129 si
1939 3123 1948 3138 ,
1966 3103 2117 3131 communi
2137 3098 2270 3131 Consen-

1205 3144 1235 3175 su
1260 3144 1396 3175 Redutstis
1419 3144 1449 3172 iri
1468 3140 1605 3179 Hyberna
1628 3111 1824 3170 Excercitibus
1840 3163 1848 3175 ,
1874 3139 2038 3177 Principum
2058 3140 2123 3170 alter
2144 3139 2268 3170 statuerit

1205 3183 1286 3213 suum
1303 3182 1485 3213 Excercitum
1504 3187 1537 3208 ex
1556 3178 1680 3208 Ybernis
1705 3178 1915 3208 Munitionibus
1942 3177 2097 3215 Opidisque
2120 3177 2240 3207 educere
2256 3199 2268 3216 ,

1205 3222 1241 3252 ad
1259 3222 1316 3258 ejus
1335 3219 1561 3257 Requisitionem
1576 3217 1645 3246 alter
1665 3216 1849 3246 Excercitum
1869 3217 1946 3247 suuni
1963 3240 1973 3253 ,
2000 3218 2026 3245 in
2058 3215 2269 3245 Munitionibus

1206 3262 1239 3292 &
1258 3259 1359 3297 Opidis
1378 3259 1588 3292 Ybernantem,
1608 3255 1786 3292 personaliter
1803 3255 1846 3286 vel
1866 3265 1915 3293 per
1934 3255 1989 3293 ejus
2006 3255 2270 3284 Locumtenentem

1203 3299 1324 3329 educere
1350 3295 1532 3328 consimiliter
1559 3294 1701 3324 tenebitur
1718 3317 1726 3331 ,
1751 3295 1796 3324 seu
1815 3295 1890 3324 illam
1912 3291 2074 3323 Excercitus
2097 3292 2268 3327 Portionem

1204 3347 1290 3374 quam
1311 3338 1400 3368 ambo
1419 3334 1562 3370 Principes
1580 3342 1716 3362 eorumve
1735 3332 1976 3363 Locumtenentes
1994 3331 2197 3362 arbitrabuntur
2211 3331 2267 3362 sus-

1202 3376 1288 3406 ficere
1308 3399 1316 3413 ,
1344 3384 1374 3406 ut
1403 3373 1553 3410 utrobique
1580 3371 1702 3403 servetur
1726 3370 1884 3410 AEqualitas
1904 3371 1937 3400 &
1955 3370 2035 3400 ocius
2054 3368 2198 3408 Principes
2218 3369 2268 3408 ipsi

1203 3414 1334 3445 VRstorffi
1353 3413 1505 3452 potiantur.
2152 3440 2155 3442 -
2233 3443 2235 3445 ¹

1244 3454 1323 3492 Qiae
1341 3453 1439 3483 omnia
1458 3451 1490 3481 &
1511 3449 1612 3488 singula
1631 3447 1776 3479 Praemisia
1795 3449 1828 3479 Sc
1847 3446 1993 3485 quodlibet
2013 3452 2114 3476 eorui‘n
2138 3445 2266 3478 promit-

1202 3492 1306 3530 timus,
1326 3490 1404 3522 bona.
1423 3489 1491 3519 Fide
1510 3490 1542 3519 ἃ
1562 3490 1589 3518 in
1609 3487 1745 3526 Principis
1765 3486 1879 3523 Verbo,

1907 3495 1960 3523 pro
1981 3485 2092 3523 Nobis,
2122 3485 2140 3504 ²*
2162 3485 2265 3516 Haere-
2282 3494 2301 3515 a?
2322 3490 2375 3526 XI.-

1201 3530 1300 3568 dibus,
1325 3532 1358 3562 &
1380 3526 1592 3559 Succefforibus
1611 3526 1729 3562 nostris,
1753 3525 1908 3554 Observare
1927 3524 1960 3553 δε
1978 3523 2163 3563 Adimplere3
2188 3525 2264 3555 salvis
2282 3534 2347 3563 308,

1202 3570 1417 3607 quibuscunque
1434 3565 1490 3595 aliis
1505 3564 1810 3595 confoederationibus
1825 3585 1833 3598 ‚
1859 3562 1997 3591 Amicitiis
2010 3585 2018 3600 ,
2048 3562 2127 3599 Ligis
2143 3585 2152 3600 ⁷
2176 3562 2261 3594 Con-

1202 3609 1382 3638 ventionibus
1396 3628 1405 3643 ,
1435 3603 1647 3642 intelligentiis,
1671 3600 1907 3631 Promiffionibus
1921 3622 1930 3637 ,
1956 3601 1990 3631 ὃς
2013 3599 2260 3640 Obligaiionibus,

1201 3648 1272 3676 inter
1285 3646 1397 3676 difftuin
1412 3642 1578 3672 Dominum
1591 3649 1624 3669 ac
1640 3639 1764 3669 Fratrem
1779 3638 1908 3668 nostrum
1927 3639 1960 3669 &
1974 3638 2042 3669 Nos
2056 3639 2101 3670 seu
2119 3640 2258 3670 Nomini-

1201 3687 1253 3715 bus
1269 3683 1370 3714 nostris
1384 3690 1461 3712 antea
1478 3688 1523 3708 aut
1534 3680 1591 3716 jam
1609 3685 1809 3707 concurrenter
1826 3677 1908 3707 initis.

1238 3723 1269 3752 lii
1285 3730 1409 3760 quorum
1425 3718 1555 3748 omnium
1575 3714 1699 3751 Robur,
1720 3714 1832 3751 Fidem,
1851 3715 1885 3745 &
1901 3714 2117 3746 Testimonium
2131 3712 2259 3754 Sigillum

1201 3761 1331 3792 nostrum
1350 3755 1526 3798 praesentibus
1541 3753 1669 3782 duximus
1686 3753 1897 3789 apponendum,

1239 3800 1348 3829 Datum
1363 3795 1498 3827 vicesimo
1514 3794 1613 3829 quinto
1630 3790 1689 3820 Die
1707 3790 1813 3820 Mensis
1831 3791 1913 3829 Julii,
1933 3791 2021 3822 Anno
2045 3792 2168 3823 Domini
2191 3789 2261 3822 Mil..

1201 3839 1316 3875 lesimo,
1335 3832 1639 3876 QiadriiigenteiimO,
1658 3830 1691 3860 &
1707 3829 1919 3867 Septuagelimo
1935 3840 2043 3868 quarto.

1761 3907 1814 3934 Per
1831 3909 1974 3936 Dominum
1989 3908 2099 3935 Ducem.

1938 3979 1969 4011 T
1976 3991 1996 4011 ο
2006 3988 2029 4011 u
2039 3990 2059 4011 L
2071 3993 2092 4012 ο
2101 3986 2136 4012 Ν.

1438 4059 1490 4090 Sub
1504 4057 1594 4097 sigillo
1607 4057 1684 4089 rubeo
1690 4059 1824 4098 pendente
1834 4070 1853 4087 a
1872 4056 1969 4087 Caudi?
1983 4059 2163 4096 Pergamena.
2201 4040 2208 4049 ι

1729 4134 1753 4164 F
2174 4139 2195 4166 1
2204 4140 2273 4167 itera
