2555 4266
14 192 2249 403 ‘CONVENTioNEa

706 443 1680 534 LITERAE‚

1117 633 1155 680 E

272 775 902 885 ACTA
1065 777 1143 879 P

1223 633 1267 678 T

1230 776 2126 883 UBLICA.

0 1201 3 1214 ἶ
23 1199 78 1228 XI.

5 1247 49 1273 ¹3·

0 1306 57 1333 lnn.
73 1300 117 1332 D.
136 1300 193 1339 ξδ’
198 1300 235 1329 js
250 1301 286 1331 »ἢν
300 1298 371 1333 521?
376 1298 431 1344 ἐζ]
466 1299 497 1331 Χ
517 1298 664 1332 Univerfis
685 1298 719 1331 &
738 1295 868 1338 singulis,
881 1296 942 1329 &c.
969 1295 1005 1328 ad
1026 1305 1112 1336 quos,
1129 1293 1192 1326 &c.

0 1340 96 1408 [ξιμιὸό.
189 1351 201 1360 ‹
366 1346 375 1360 θ
400 1352 432 1405 §i
452 1339 587 1408 gaggais
598 1376 679 1416 quod
689 1399 698 1415 ,
716 1375 753 1406 de
766 1363 939 1406 avisamento
954 1373 987 1404 δε
1001 1380 1109 1404 matura
1122 1369 1191 1401 deli-

0 1423 17 1446 τ.
32 1421 58 1447 6.
424 1422 430 1439 ²
451 1416 594 1446 beratione
609 1415 736 1446 Concilii
750 1414 855 1452 nostri,
873 1409 1192 1443 Dedimus&00nces-

1 1464 50 1485 cot.
66 1458 111 1485 26.
424 1447 430 1486 i
453 1455 552 1492 simus,
571 1456 605 1485 &
617 1454 653 1484 de
668 1453 766 1484 Gratia
780 1452 874 1482 nostra
887 1452 1012 1490 speciali,
1031 1449 1143 1480 Damus
1157 1447 1191 1478 &

0 1499 16 1522 t.
33 1498 60 1523 6.
423 1513 430 1535 Ι
452 1492 669 1528 Concedimus,
692 1501 742 1530 per
766 1490 932 1529 Praesentes,
957 1490 1087 1526 bonurn,
1113 1486 1193 1517 secu-

0 1543 22 1561 r.
38 1535 66 1561 6.
424 1542 431 1549 ·
451 1541 531 1570 rum,
551 1530 714 1569 &legalem
738 1529 842 1560 salvum
864 1527 1071 1565 Conductum,
1124 1535 1136 1554 r
1160 1534 1193 1555 u·-

449 1579 520 1599 num
539 1569 655 1599 Annum
668 1569 807 1607 integrum
822 1577 838 1597 a
850 1566 895 1597 die
910 1566 995 1597 Datae
1010 1565 1048 1596 Pr
1085 1563 1194 1594 entium

133 1614 269 1653 proximo
283 1612 445 1648 sequentem
460 1607 622 1638 duraturum
657 1607 691 1637 &
705 1606 801 1646 postea
811 1606 929 1636 minime
943 1605 1108 1639 valiturum,
1127 1601 1193 1631 Wil-

131 1652 219 1684 lielmo
231 1652 346 1680 Domino
361 1645 494 1684 Creghton
509 1644 598 1675 Militi
613 1630 793 1676 Cancellario
806 1644 929 1681 Scotiae‚
944 1642 1073 1682 Johanni
1087 1642 1118 1671 de
1133 1643 1191 1685 Rq-

132 1691 214 1731 lrston
229 1688 354 1727 Episcopo
366 1683 553 1723 Dunkeldenfi
566 1683 737 1714 Sereniffimi
757 1686 892 1713 Scotorum
912 1685 988 1719 Regis
1012 1680 1193 1716 Consangui-

133 1731 181 1760 nei
195 1726 285 1758 nostri
299 1723 430 1756 carissimi
442 1723 598 1753 Secretario
620 1722 739 1760 Primo,
755 1721 882 1751 Andreae
902 1721 1013 1751 Abbati
1033 1719 1195 1758 Monasterii

133 1768 166 1798 de
180 1765 300 1802 Melros,
319 1766 431 1800 Georgio
443 1764 558 1791 Domino
571 1761 603 1790 de
625 1764 740 1798 Setoun,
759 1758 891 1789 Nicholao
915 1760 946 1789 de
964 1758 1114 1789 Ottirburn
1134 1757 1193 1788 Ca-

132 1807 242 1837 nonico
265 1801 427 1841 Glasguenfi
447 1809 481 1830 ac
505 1798 632 1829 Officiali
656 1798 835 1830 Laudonenfi
851 1823 861 1836 ,
882 1797 990 1828 Thomae
1010 1798 1042 1827 de
1063 1796 1193 1837 crauston

133 1843 293 1880 Scutifero,
308 1840 342 1871 &
354 1838 482 1878 Johanni
498 1838 530 1867 de
544 1837 636 1867 Dalru
680 1837 714 1867 ill
727 1837 833 1868 Ballivo
850 1836 934 1876 Burgi
949 1836 984 1866 de
998 1835 1194 1874 Edinburgha,

133 1884 168 1915 &
185 1882 304 1919 Quinqu
341 1879 398 1909 inta
413 1877 542 1908 Personis
556 1877 586 1906 in
599 1877 645 1907 sua
708 1877 820 1914 rnitiva,
838 1875 996 1905 Nobilibus
1008 1883 1055 1905 aut
1062 1875 1120 1905 aliis
1131 1876 1194 1909 (cu-

135 1921 299 1958 'uscumque
337 1916 425 1954 tatus,
442 1915 596 1953 Nationis,
613 1915 659 1945 seu
678 1913 862 1945 Conditionis
874 1913 1001 1950 existant)
1021 1914 1054 1944 &
1072 1913 1196 1943 totidem

132 1932 223 1998 liquis
235 1957 280 1991 vel
293 1957 353 1987 aliis
375 1954 568 1990 Animalibus,
586 1954 632 1984 vel
646 1954 734 1991 infra,
752 1954 781 1983 in
795 1954 885 1990 &per
901 1952 1003 1992 Regna
1023 1951 1117 1982 nostra
1133 1951 1195 1981 An-

157 1999 204 2028 liae
216 1998 250 2029 &
265 1995 410 2032 Franciae‚
429 2003 463 2023 ae
477 1992 526 2022 alia
548 1991 688 2036 Dominia
707 1991 821 2036 nostra,
836 1991 996 2036 Veniendi,
1015 1989 1195 2020 Conversan-

136 2033 406 2112 tssfidlss‘ssliffiia
416 2028 1194 2108 {ffgffiffffssd'arssflss'fssssf¹av3i²sffg²⁰5ssrcf⁶v55321

136 2114 254 2152 pluries,
270 2121 320 2151 per
333 2110 474 2147 Terram,
492 2118 540 2145 per
556 2107 658 2146 Mare,
677 2108 709 2139 &
725 2117 774 2145 per
788 2107 914 2147 Riparias
927 2108 1023 2138 dulces
1045 2106 1090 2137 vel
1102 2105 1194 2144 salsas,

136 2150 285 2191 pedestre,
301 2147 445 2187 equestre,
467 2146 512 2177 vel
537 2147 615 2184 alias,
632 2156 701 2176 cum
727 2146 824 2177 Armis
844 2147 890 2177 vel
910 2146 967 2176 fine
987 2146 1099 2188 ArmiS,
1124 2153 1195 2175 cum

136 2191 190 2222 suis
199 2214 207 2228 ,
228 2189 349 2220 Auro&
358 2187 486 2225 Argento
503 2186 651 2215 monetatis
665 2185 709 2215 vel
724 2195 784 2215 non
795 2186 960 2222 monetatis,
973 2182 1196 2223 JocalrbusNa-

136 2230 187 2268 fis,
206 2228 341 2264 Sarcinis,
360 2223 506 2260 Fardellis,
524 2222 649 2262 Bulgeis,
661 2224 770 2266 ⁴Literis
790 2223 886 2255 clausis
906 2225 938 2255 &
955 2222 1130 2260 patentibus,
1148 2221 1196 2252 In-

135 2265 339 2298 strufflonibus
351 2287 361 2302 ,
380 2262 612 2299 Memorialibus,
631 2262 743 2300 Libris,
761 2262 794 2293 &
810 2263 865 2292 aliis
881 2261 966 2292 Bonis
989 2262 1022 2292 &
1043 2260 1143 2291 Rebus
1157 2261 1197 2291 le·

134 2306 240 2346 gitimis
250 2328 259 2343 ‚
274 2312 358 2341 atque
372 2301 548 2332 Utensilibus
558 2300 620 2337 ipfis
633 2301 788 2331 neceffiriis
801 2300 1042 2339 quibuscunque,
1058 2301 1088 2329 in
1104 2300 1137 2330 &
1148 2309 1198 2337 per

136 2345 213 2376 dista
231 2343 333 2381 Regna
351 2341 384 2372 &
408 2340 552 2370 Dominia
569 2338 676 2377 nostra,
696 2341 754 2370 tam
773 2340 802 2369 in
824 2339 959 2377 Francia,
975 2340 1061 2377 quarn
1082 2340 1110 2368 in
1133 2340 1196 2368 An-

136 2384 206 2423 glia,
224 2393 257 2413 ac
272 2390 319 2419 per
334 2379 435 2418 Regna
450 2378 482 2408 &
499 2377 638 2408 Dominia
657 2378 788 2415 praefata,
807 2379 911 2408 totiens
935 2378 1063 2416 quotiens
1083 2378 1122 2408 eis
1137 2377 1196 2416 pla-

135 2421 245 2459 cuerit,
264 2417 418 2450 Redeur.di
437 2415 577 2454 pacifice,
601 2416 713 2454 quiete,
731 2416 832 2455 absque
854 2416 1007 2447 Disturbio
1027 2417 1083 2448 five
1100 2415 1195 2454 Impe-

135 2461 265 2492 dimento
283 2466 482 2499 quocumque,
818 2494 824 2499 ι
931 2494 936 2499 ⁸

177 2498 287 2528 Dantes
301 2504 447 2534 propterea
467 2504 498 2523 in
524 2492 669 2524 Mandatis
692 2503 725 2524 ac
748 2492 872 2524 districte
893 2492 1073 2533 Iniungentes
1095 2494 1196 2533 vobis,

134 2536 310 2577 justiciariis,
329 2533 501 2569 Officiariis,
516 2532 549 2562 &
564 2531 687 2562 Subditis
699 2532 816 2570 nostris,
834 2531 980 2571 Rogantes
993 2532 1198 2570 &Requiren-

140 2585 180 2607 tes
203 2585 255 2606 vos
270 2598 280 2612 ,
305 2574 442 2610 Amicos,
468 2570 708 2609 confoederatos,
727 2572 761 2602 &
786 2570 937 2602 Benivolos
953 2571 1079 2609 nostros,
1097 2572 1130 2601 &
1149 2581 1198 2602 ve-

140 2613 231 2644 strum
255 2612 411 2651 quemlibet
435 2617 521 2649 prout
541 2608 576 2639 ad
602 2619 668 2639 eum
686 2610 866 2647 pertinuerit,
887 2610 1016 2649 quatinus
1033 2609 1199 2648 praedictos,

141 2651 336 2687 Willielmum,
361 2648 539 2688 Johannem,
564 2648 728 2686 Andream,
746 2651 903 2686 Georgium,
927 2647 1108 2687 Nicholaum,
1127 2649 1200 2679 Tho-

141 2702 231 2728 mam,
249 2690 282 2721 &
297 2687 472 2728 Johannem,
496 2695 566 2717 cum
582 2686 720 2723 praedis&
741 2686 881 2717 Numero
902 2687 1119 2725 Quinquaginta
1135 2687 1202 2718 Ho·

143 2731 256 2760 minum
269 2728 454 2759 Armatorum
472 2725 517 2756 vel
537 2735 597 2755 non
619 2725 820 2762 Armatorum,
837 2726 870 2757 ὅτ,
892 2726 1012 2757 totidem
1034 2726 1202 2765 Equorum,

142 2768 188 2798 vel
202 2767 290 2804 infra,
307 2775 375 2796 curn
396 2764 500 2803 Bonis,
519 2763 714 2799 Utenfilibus‚
729 2764 762 2794 ὃς
781 2762 881 2793 Rebus
900 2764 968 2801 suis,
987 2773 1071 2803 prout
1089 2765 1202 2795 dietum

143 2806 201 2845 est,
216 2804 360 2845 patiamini
382 2803 416 2834 &
432 2803 596 2840 permittatis
616 2802 677 2840 Ire,
701 2801 824 2840 Venire,
846 2802 1025 2840 Retranfire,
1050 2803 1204 2841 Residere,

145 2844 279 2881 Morari,
294 2844 326 2874 &
342 2841 459 2871 Reverti
479 2841 607 2878 (durante
623 2848 752 2879 tempore
766 2840 906 2878 praesentis
926 2841 992 2872 salvi
1015 2841 1201 2880 Conductfis)

143 2893 193 2923 per
209 2882 289 2913 Loca
303 2880 392 2910 vestra
407 2888 596 2918 quaecumque
608 2878 751 2909 diastorum
765 2879 933 2919 Regnorum
950 2879 1116 2911 nostrorum
1131 2882 1207 2921 paci-

147 2922 219 2960 fice,
237 2920 350 2956 secure,
366 2919 475 2957 quiete,
493 2918 595 2948 totiens
609 2918 737 2954 quotiens
754 2919 792 2948 eis
812 2918 960 2956 placuerit,
981 2919 1080 2958 absque
1100 2920 1207 2950 facien-

148 2961 205 2998 do,
222 2959 266 2990 vel
281 2958 332 2988 illis
348 2957 512 2994 inferendo,
531 2963 577 2985 aut
591 2954 649 2984 fieri
664 2955 710 2985 vel
731 2956 824 2986 inferri
838 2957 968 2987 faciendo
982 2957 1027 2987 seu
1044 2960 1207 2995 permitten-

148 2999 205 3036 do,
222 2998 252 3027 in
265 2997 317 3027 suis
339 2994 516 3034 Corporibus
535 2994 591 3025 five
606 2993 722 3037 Rebus,
740 2994 771 3024 fit
786 2994 820 3038 ad
840 2993 961 3025 Causam
976 2996 1020 3025 vel
1042 2997 1090 3026 sub
1109 2998 1209 3027 umbra

148 3036 296 3073 Marquae,
314 3033 566 3071 Contramarquae,
583 3031 684 3070 Prisae,
703 3032 879 3072 Reprisaliae,
898 3033 931 3063 ad
948 3033 1123 3072 Requestam
1140 3036 1208 3065 Par-

149 3077 201 3113 tis,
218 3075 262 3105 vel
276 3074 340 3104 alias
355 3073 612 3111 qualitercumque,
630 3072 767 3101 autetiam
783 3079 897 3107 propter
912 3081 1102 3110 quaecumque
1117 3073 1210 3104 Debi-

149 3124 193 3152 ta,
215 3112 383 3149 Transac'ra,
406 3110 553 3147 Offensas,
577 3109 754 3147 Treugarum
778 3108 978 3148 Infraffiones,
997 3110 1142 3142 Oblidum
1162 3112 1212 3142 Fi-

151 3153 278 3189 nancias,
296 3149 491 3190 Qaestiones,
510 3158 557 3179 aut
573 3148 710 3185 Querelas
724 3147 875 3185 quassibet,

160 3192 163 3193 ⁷
190 3190 297 3229 Qod,
317 3190 336 3219 fi
351 3190 427 3220 secus
442 3188 551 3219 factum
566 3187 612 3217 vel
626 3195 822 3223 attemptatum
839 3187 939 3225 fuerit,
956 3187 1048 3218 statim
1071 3188 1101 3219 id
1117 3188 1213 3228 Repa-

154 3239 212 3260 rare
224 3229 344 3266 faciatis,
359 3229 392 3259 &
406 3228 440 3257 ad
454 3226 604 3264 pristinum
620 3225 803 3264 debitumque
815 3225 926 3255 Statum
940 3227 1055 3265 reduci,

193 3267 248 3298 Illis
264 3268 349 3296 etiam
368 3265 543 3303 providendo
559 3264 595 3293 de
614 3264 695 3293 bono
713 3265 747 3294 &
766 3263 863 3293 securo
881 3263 1053 3303 Conductu,
1074 3265 1215 3297 vieman-

156 3306 208 3335 bus
220 3307 252 3336 &
265 3306 320 3335 aliis
332 3305 380 3372 fflsi
395 3303 581 3340 Necessariis,
599 3302 651 3332 suis
665 3303 870 3333 rationabilibus
877 3301 1015 3342 Expenli,
1033 3306 1052 3335 si
1069 3305 1147 3342 super
1155 3305 1213 3335 hoc

157 3344 262 3374 fueritis
276 3353 303 3372 re
326 3345 352 3373 ui
366 3343 396 3372 iti

194 3381 227 3410 In
241 3353 341 3418 quibilis
354 3365 472 3418 quilibet
485 3378 611 3409 vestrum
626 3386 734 3409 tanturn
752 3380 848 3419 faciat,
867 3380 947 3417 quod
965 3391 1032 3418 vos,
1049 3381 1217 3420 Justiciarii,

161 3418 318 3457 Officiarii,
336 3420 369 3449 ὃ(
384 3419 494 3449 Subdiri
508 3417 614 3454 nostri,
634 3417 669 3447 de
691 3428 823 3456 prompta
842 3419 1003 3450 obedientia
1026 3422 1129 3450 merito
1152 3429 1216 3458 erga

161 3457 230 3488 Nos
249 3457 365 3488 debeatis
381 3456 595 3493 commendari,
614 3465 666 3485 vos
689 3466 784 3487 autem
809 3457 926 3493 Amici,
952 3457 1166 3497 Confoederati,
1184 3469 1216 3489 ac

161 3496 287 3566 ῗεὲἰῖῒοίἰ
302 3495 388 3525 nostri
402 3504 538 3534 quantum
552 3504 604 3534 pro
618 3495 701 3525 vobis
716 3496 746 3525 in
761 3495 899 3526 consimili
914 3495 987 3527 Casu
1002 3507 1053 3527 nos
1072 3497 1159 3528 velitis
1178 3497 1218 3528 es-

172 3546 187 3565 e
211 3544 243 3564 ac
256 3543 320 3564 uros

201 3557 419 3613 Scientes'quod
435 3571 454 3600 fi
466 3571 560 3608 aliquis
575 3581 609 3602 ex
621 3572 702 3601 vobis
712 3594 722 3610 ,
735 3571 914 3611 Justiciariis,
929 3572 1136 3612 Officiariis,&
1147 3573 1219 3604 Sub-

163 3612 226 3642 ditis
238 3609 338 3640 nostris
352 3618 380 3637 in
394 3611 565 3639 contrarium
580 3618 747 3648 attemptare
765 3612 983 3650 praesumpserit,
1001 3613 1084 3642 talem
1099 3613 1165 3643 inde
1182 3613 1221 3642 fa-

163 3652 270 3681 ciemus
283 3647 466 3689 Punitionem
478 3647 559 3689 quod
576 3648 632 3677 aliis
648 3649 748 3678 cedere
762 3649 877 3679 debebit
894 3651 922 3678 in
934 3649 1107 3688 Exemplum
1117 3675 1126 3689 ,

202 3688 232 3718 Si
241 3694 333 3717 autem
348 3684 498 3714 accciderrr
509 3686 587 3722 quod
595 3685 685 3723 dieti,
705 3686 881 3725 Willielmus,
896 3687 1061 3727 Johannes,
1080 3689 1223 3727 Andreas,

164 3729 307 3762 Georgius,
326 3721 473 3753 Nicholaus
480 3743 496 3764 ,ι
507 3722 636 3760 Thomas,
653 3724 685 3754 ἃ
700 3723 863 3762 Johannes,
881 3735 928 3755 aut
943 3727 988 3756 alii
1008 3727 1044 3756 de
1058 3728 1102 3758 sua
1116 3727 1220 3757 Comi-

162 3768 218 3797 tiva
230 3788 239 3802 ,
255 3764 360 3793 utendo
377 3761 414 3790 dc
423 3761 548 3796 praelcnti
561 3761 660 3791 nostro
675 3761 759 3792 Salvo
776 3761 951 3800 Condutfftu,
968 3773 1017 3802 per
1026 3765 1159 3796 Armatos
1176 3767 1219 3795 in-

165 3804 330 3834 vaderentur
353 3810 401 3837 per
415 3798 539 3828 Terram
549 3820 558 3834 ,
573 3808 621 3835 per
637 3798 736 3836 Mare,
755 3810 802 3830 aut
816 3801 877 3830 alias
893 3802 1095 3842 quovismodo,
1111 3815 1146 3835 eo
1162 3804 1222 3835 Ca-

164 3842 194 3872 su
214 3842 289 3872 licite
311 3837 474 3869 Defendere
496 3845 645 3879 poterunt,
663 3837 764 3875 absque
787 3839 956 3870 infradiione
980 3840 1037 3871 five
1056 3843 1221 3882 praejudicio

169 3879 258 3910 nostri
270 3879 326 3908 live
339 3873 512 3907 Conducffus
526 3873 661 3912 praedic‘ti.

205 3916 262 3953 Et,
277 3916 296 3946 fi
312 3917 455 3952 contingat
471 3913 560 3951 ipsos,
578 3914 619 3941 W
619 3911 772 3951 illielmum,
785 3914 1224 3955 Johannem,Andream,Geor-

166 3966 240 3993 grum
269 3953 448 3990 Nichuhum,
466 3952 612 3988 Thomam,
630 3951 662 3981 &
683 3950 858 3989 Johannem,
875 3963 920 3984 aut
938 3956 1023 3985 alium
1043 3956 1086 3987 seu
1105 3958 1170 3987 alios
1186 3957 1222 3987 de

167 3995 212 4026 sua
234 3977 381 4022 domitiva
398 3991 530 4029 praediCta
542 4012 552 4028 ,
578 3988 739 4032 praesentem
756 3990 889 4032 ¹nostrum
909 3992 1014 4023 salvum
1034 3994 1224 4025 Conduchim

170 4031 344 4069 Infringere,
358 4030 508 4060 Nolumus
523 4038 570 4066 per
588 4028 646 4058 hoc
659 4026 843 4070 ali-is,·1psum
859 4028 965 4059 salvum
974 4031 1163 4062 Conductum
1172 4035 1225 4062 mi-

171 4071 249 4103 nime
265 4068 493 4136 infringientlibus,
509 4066 621 4106 aliquod
632 4066 825 4105 praejudlcmm
840 4069 982 4106 generari,
999 4069 1038 4101 set
1053 4069 1095 4102 llli
1110 4072 1155 4103 vel
1169 4071 1225 4103 Illis

209 4111 282 4140 Tom.
302 4109 334 4138 V.
378 4128 386 4136 .
420 4109 445 4137 Ι.
1008 4133 1011 4136 .

135 1593 140 1598 .
157 1593 190 1600 ⁴.
208 1592 328 1600 ξη-,υρ-
342 1592 381 1598 ξ..
395 1587 429 1597 2⁴·

962 1184 988 1212 ’⁴‘
1015 1181 1090 1222 De
1119 1179 1240 1222 Salvo
1269 1179 1478 1224 Conduft‘u.

1228 1292 1444 1338 tamtummodo
1455 1294 1504 1333 qui
1518 1293 1722 1328 Infraffionem
1738 1296 1904 1336 praediCtarn
1914 1299 2125 1341 commiserint,
2304 1299 2382 1331 Anti·
2390 1299 2435 1333 D:

1268 1333 1294 1376 *-
1303 1331 1420 1362 Proviso
1433 1341 1530 1378 tarnen
1543 1334 1644 1372 quod,
1659 1336 1708 1365 sub
1724 1337 1824 1367 umbra
1846 1337 1903 1367 five
1923 1337 2033 1370 Colore
2052 1341 2175 1379 ejusdem
2195 1340 2285 1372 nostri
2321 1339 2410 1378 1448.

1231 1369 1296 1400 salvi
1318 1369 1510 1414 Commotus,
1528 1371 1573 1402 vel
1597 1373 1703 1403 utendo
1718 1374 1837 1412 eodem,
1854 1375 1940 1407 nichil
1961 1377 2065 1410 facient
2083 1388 2131 1410 aut
2151 1390 2287 1418 procura·
2305 1382 2368 1406 Hen.
2381 1379 2412 1406 ⁶·

1231 1409 1302 1452 bunt
1315 1409 1555 1452 m'praejudicium
1570 1409 1674 1440 Nostri
1687 1420 1733 1442 aut
1746 1412 1886 1443 Fidelium
1901 1414 2085 1448 Subditorum
2104 1419 2281 1450 nostrorum·
2305 1418 2321 1432 ⁴
2348 1417 2403 1445 XI·

1232 1456 1262 1476 m
1277 1448 1413 1477 omnibus
1426 1449 1460 1479 &
1476 1457 1526 1485 per
1540 1449 1638 1478 omnia
1649 1449 1717 1480 dolo
1728 1472 1738 1487 ‚
1755 1449 1865 1489 fraude,
1883 1454 1915 1484 δε
1930 1452 2099 1495 deceptione
2108 1457 2224 1488 seclusis.
2274 1443 2285 1458 ²
2303 1464 2367 1489 2¹4.

1271 1485 1420 1523 Quodque
1438 1487 1504 1524 ipsi,
1532 1486 1711 1526 lVillielmus,
1727 1488 1886 1528 Johannes,
1905 1493 2053 1531 Andreas,
2077 1497 2218 1535 Georgius,
2233 1497 2289 1527 Ni-

1232 1522 1357 1562 cholaus,
1380 1523 1510 1563 Thomas,
1528 1525 1562 1556 &
1578 1525 1739 1564 Johannes,
1756 1528 1873 1557 minime
1896 1530 2098 1571 ingrediantur,
2116 1544 2169 1565 nec
2194 1536 2291 1574 aliquis

1235 1571 1337 1593 eorum
1357 1562 1528 1602 ingrediatur
1541 1586 1551 1602 ‚
1576 1564 1667 1601 aliqua
1696 1564 1795 1595 Castra
1808 1588 1819 1603 ,
1837 1565 1977 1599 Fortalitia
1998 1570 2093 1601 nostra
2107 1595 2116 1611 ,
2133 1582 2180 1603 aut
2205 1573 2292 1605 Villas

1232 1599 1366 1638 firmatas,
1374 1602 1424 1631 nifi
1433 1601 1562 1632 Licentia
1574 1603 1868 1642 petira‚praesentilque
1878 1605 1964 1636 nostri
1980 1608 2043 1637 salvi
2054 1608 2226 1642 Conduetfis
2239 1613 2290 1642 Li-

1231 1640 1297 1683 teris
1309 1638 1492 1684 'Capite-meis,
1511 1640 1685 1679 Maioribu5‚
1710 1641 1840 1681 Ballivis,
1856 1653 1904 1675 aut
1926 1643 2101 1677 Custodibus
2121 1651 2291 1682 eorumdem

1232 1678 1359 1716 primitiis
1373 1678 1496 1711 ostensis.

1268 1716 1302 1747 In
1318 1717 1412 1755 cujus,
1442 1718 1554 1755 &cper
1568 1726 1659 1747 unum
1674 1717 1792 1749 Annum
1802 1728 1849 1757 ,ut
1864 1721 2034 1761 praedietum
2047 1722 2106 1762 est,
2122 1724 2275 1759 duraturas.

1286 1754 1377 1786 Teste
1389 1756 1471 1796 Rege
1486 1755 1559 1797 apud
1573 1755 1845 1797 Wstmonasterium,
1863 1761 1928 1798 xxiij
1942 1760 1987 1791 die
2003 1761 2116 1799 Aprilis.

1445 1837 1499 1865 Per
1517 1834 1599 1874 ipsr'cm
1617 1839 1730 1875 Regem,
1748 1835 1787 1872 ὠ·
1805 1837 1838 1866 de
1852 1837 1921 1868 data
1936 1840 2090 1880 praediHa,
2113 1844 2295 1876 Auiloritate

1493 1873 1683 1905 Parliamenti.

1271 2028 1442 2073 Prorogatio
1466 2028 1658 2073 Treugarum
1684 2031 1764 2063 inter
1787 2031 1888 2075 Regna
1910 2032 2029 2078 Angliae
2049 2037 2087 2072 &-
2112 2039 2252 2072 Francia

1235 2110 1396 2165 CHarles,
1412 2121 1461 2155 par
1476 2111 1500 2143 la
1510 2121 1598 2182 l{tace
1613 2112 1649 2143 de
1663 2111 1760 2152 Dieu,
1777 2116 1829 2144 Roi
1845 2115 1876 2144 de
1891 2117 2012 2156 France,
2027 2129 2043 2150 a
2065 2128 2128 2152 tous
2148 2124 2230 2154 ceulx
2246 2126 2295 2164 qui
2313 2133 2381 2164 Am,
2403 2134 2437 2164 D

1295 2160 1342 2181 ces
1356 2155 1494 2188 pre-lentes
1537 2159 1619 2182 ettres
1635 2161 1768 2190 verrom,
1784 2152 1870 2184 Salut.
2336 2182 2349 2202 Ι
2385 2156 2412 2200 '3
2437 2158 2449 2168 “

1271 2188 1401 2233 Comme
1422 2190 1482 2227 puis
1507 2199 1600 2220 aucun
1624 2198 1733 2234 temps,
1753 2201 1827 2229 pour
1850 2191 1993 2225 Honneur
2017 2196 2051 2227 &
2072 2197 2241 2232 Reverence
2258 2202 2294 2233 de
2313 2181 2423 2239 24724426'

1234 2225 1313 2259 Dieu
1327 2227 1422 2258 nostre
1439 2227 1571 2259 Crmteur
1584 2238 1815 2268 premierement‚
1831 2231 1863 2261 ὃς
1878 2242 1952 2270 pour
1965 2234 2098 2266 l’Amour
2113 2238 2147 2268 &
2167 2239 2296 2279 smgulie-
2320 2232 2389 2277 11⁸6
2424 2233 2433 2240 ⁹

1235 2275 1266 2295 re
1278 2265 1432 2297 Dileetion
1449 2276 1504 2306 que
1524 2277 1596 2297 nous
1615 2277 1704 2298 avons
1726 2278 1741 2298 a
1757 2268 1781 2298 la
1798 2270 1935 2307 personne
1956 2272 1992 2303 de
2011 2273 2160 2307 Treshault
2176 2279 2210 2309 &
2224 2279 2296 2318 puis-
2315 2272 2356 2316 Ex·
2371 2290 2399 2315 A
2417 2303 2431 2309 -

1236 2304 1293 2335 sant
1308 2304 1412 2336 Prince
1426 2304 1522 2335 nostre
1539 2305 1704 2337 Trescheire
1719 2308 1830 2345 Nepueu
1848 2308 2054 2350 dEngkterre,
2073 2314 2106 2343 ὃς
2118 2324 2191 2351 pour
2206 2317 2231 2347 la
2253 2318 2296 2357 pi-
2399 2298 2415 2316 u

1235 2344 1273 2374 tie
1287 2343 1320 2374 &
1336 2344 1514 2382 compaffion
1528 2343 1566 2373 du
1582 2354 1670 2382 poure
1683 2344 1804 2384 Peuple,
1823 2346 1857 2376 &
1871 2348 1973 2378 obvier
1984 2359 1999 2379 a
2012 2349 2151 2383 l'estulion
2166 2354 2204 2385 du
2220 2355 2296 2387 Sana

1237 2381 1389 2420 Humain,
1404 2384 1438 2414 ὃς
1453 2383 1496 2412 sur
1507 2382 1667 2421 esperance,
1686 2392 1860 2422 moyennant
1881 2385 1961 2416 l'aide
1981 2389 2075 2419 nostre
2090 2390 2227 2431 Seigneur
2261 2381 2298 2426 d}

1237 2422 1365 2460 parvenit
1388 2430 1423 2451 au
1442 2420 1511 2451 Bien
1533 2421 1568 2451 de
1588 2422 1649 2458 paix
1664 2420 1747 2460 final,
1766 2422 1842 2453 aient
1863 2423 1921 2454 este
1939 2425 2057 2466 prinses,
2074 2429 2180 2470 faittes,
2195 2418 2299 2464 &⁷fer-

1236 2469 1328 2528 Ψὲξξε
1344 2458 1452 2491 Treues
1483 2458 1646 2491 Generalles
1669 2468 1728 2491 tant
1742 2470 1793 2498 par
1814 2460 1901 2500 Mer,
1926 2462 2004 2495 Eaue
2027 2466 2150 2507 doulce,
2173 2480 2229 2510 que
2249 2482 2298 2510 par

1333 2521 1344 2537 ²

1274 2536 1314 2567 Et
1327 2537 1442 2581 depuis,
1457 2545 1506 2574 par
1520 2536 1651 2576 plusieurs
1666 2536 1736 2575 fois,
1748 2544 1895 2581 profoguez
1906 2541 1941 2571 &
1956 2541 2179 2578 derenierement
2190 2548 2303 2588 jusques

1239 2585 1274 2606 au
1308 2585 1410 2606 remrer
1421 2585 1486 2614 Jour
1499 2575 1534 2606 de
1548 2576 1654 2614 Januer
1665 2576 1920 2615 prouchainement
1933 2589 2051 2619 venant,

1300 2624 1354 2644 our
1369 2613 1474 2651 Nous,
1492 2623 1551 2644 noz
1560 2613 1729 2653 Royaume,
1747 2614 2172 2657 PaiiS,Terres&Seigneuries
2201 2625 2300 2657 Hom-

1242 2662 1318 2691 mes,
1337 2652 1465 2683 Vassaulx
1475 2675 1485 2691 ,
1504 2653 1645 2691 Subgiez,
1663 2653 1760 2692 AmiS,
1778 2653 1878 2694 Aliez,
1897 2656 1931 2686 &
1945 2656 2129 2691 Bienveillans
2160 2648 2228 2694 airec
2235 2665 2301 2695 nos-

1241 2699 1282 2722 tre
1296 2693 1338 2721 dit
1352 2693 1463 2735 Nepueu
1476 2691 1549 2722 d’En
1571 2693 1683 2729 leterre,
1700 2700 1773 2730 pour
1790 2692 1848 2723 Lui
1858 2716 1867 2731 ,
1886 2694 1924 2724 ses
1937 2693 2089 2736 Royaume
2098 2722 2108 2737 ,
2124 2684 2195 2732 lgaiis
2226 2703 2302 2734 Ter-

1244 2740 1286 2760 res
1300 2731 1333 2761 &
1348 2730 1537 2769 Seigneuries,
1583 2740 1709 2768 ommeS,
1727 2729 1856 2762 Vaffiulx
1871 2732 1904 2763 &
1927 2732 2069 2775 Subgiez,
2085 2739 2183 2779 Amis,
2200 2724 2285 2773 ²Aliez

1244 2769 1278 2799 &
1294 2768 1477 2800 Bienveillans
1639 2768 1821 2807 Pretenduz,
2290 2765 2302 2781 ²

1284 2807 1320 2838 Et
1335 2807 1354 2837 il
1367 2808 1420 2838 soit
1434 2807 1500 2838 ainsi
1517 2816 1589 2845 que,
1605 2817 1676 2845 pour
1691 2806 1850 2846 Besongner
1863 2819 1892 2840 es
1908 2812 2037 2842 matieres
2054 2815 2191 2847 touchans
2210 2816 2236 2847 1e
2255 2819 2305 2850 fait

1246 2846 1321 2876 dela
1334 2846 1391 2876 dite
1404 2846 1488 2883 Paix,
1506 2846 1595 2876 soient
1608 2847 1668 2883 puis
1683 2847 1837 2884 n'aguerres
1863 2858 1958 2879 venuz
1978 2851 2125 2888 pardevers
2145 2855 2234 2886 Nous
2267 2858 2305 2888 de

1246 2894 1294 2922 par
1313 2884 1408 2914 nostre
1419 2884 1463 2914 dit
1476 2885 1587 2921 Nepueu
1602 2883 1808 2923 d'Engleterre,
1826 2885 1972 2927 I'Evrsque
1985 2890 2017 2918 de
2034 2891 2145 2930 Cicestre
2158 2879 2255 2925 Garde'e
2269 2895 2306 2926 de

1247 2923 1297 2954 son
1314 2922 1400 2954 Prive
1413 2923 1493 2960 Seel,
1512 2923 1545 2954 &
1563 2922 1662 2952 Robert
1675 2926 1748 2952 Rooz
1762 2922 1924 2963 Cfflvalier,
1943 2926 1981 2956 ses
1997 2927 2172 2961 Oonseilliers
2186 2933 2219 2962 &
2232 2934 2307 2964 Am-

1249 2961 1400 2992 baxadeurs
1410 2984 1420 3000 ,
1437 2971 1510 2999 pour
1524 2961 1682 2999 Besongner
1697 2972 1815 3000 avecque
1832 2962 1912 3001 quelz
1928 2964 2025 3004 Ayons
2038 2966 2173 2999 Commis
2190 2974 2223 3001 &
2246 2971 2305 3001 Or-

1247 3000 1379 3038 donnez,
1406 3009 1465 3030 noz
1488 2999 1581 3030 Arnez
1605 3001 1638 3030 &
1656 2999 1758 3029 Feaulx
1780 2999 1966 3040 Conleillers,
1983 3002 2176 3047 l'Arcevesque
2196 3012 2257 3039 Duc
2274 3010 2308 3040 de

1248 3042 1338 3068 Reims
1352 3039 1472 3076 premier
1487 3037 1539 3068 Per
1553 3038 1588 3068 de
1607 3038 1729 3075 France,
1747 3037 1772 3067 le
1794 3042 1877 3068 Conte
1890 3040 1923 3069 de
1936 3044 2048 3072 Dunoiz
2067 3045 2162 3076 nostre
2182 3047 2288 3078 Coulin

1250 3078 1275 3107 le
1291 3080 1349 3106 Sire
1363 3077 1395 3106 de
1408 3079 1578 3107 Lavarenne
1591 3076 1734 3106 Senelchal
1743 3075 1778 3106 de
1792 3075 1915 3108 Poidiou
1924 3101 1934 3116 ,
1952 3079 1976 3108 le
1988 3084 2048 3111 Sire
2055 3083 2087 3111 de
2095 3085 2220 3124 Precigny
2236 3073 2307 3116 Bailz

1252 3115 1278 3146 le
1293 3115 1328 3145 de
1341 3116 1506 3153 Touraine,
1522 3115 1555 3146 &
1570 3113 1596 3143 le
1611 3117 1668 3143 Sire
1683 3114 1716 3143 de
1737 3117 1856 3153 Maupas
1877 3116 2025 3149 Seneschal
2046 3120 2082 3151 de
2105 3123 2250 3161 Limolin,
2268 3124 2307 3154 les

1253 3154 1336 3192 quelx
1587 3152 1653 3182 d’un
1667 3152 1759 3191 coste,
1777 3163 1833 3192 que
1844 3153 1964 3194 d'autre,
1983 3157 2032 3188 des
2051 3162 2182 3191 manieres
2205 3171 2250 3198 par
2267 3161 2307 3193 les

1252 3192 1357 3230 quelles
1373 3191 1434 3229 plus
1449 3191 1706 3222 convenablement
1722 3201 1760 3221 on
1776 3194 1904 3229 pourroit
1916 3198 2045 3230 parvenir
2059 3207 2092 3227 au
2108 3198 2173 3228 Paix
2188 3198 2267 3237 final,

1290 3231 1347 3269 Et,
1365 3240 1435 3268 pour
1453 3240 1487 3260 ce
1501 3239 1572 3268 que,
1590 3238 1667 3260 entre
1681 3238 1768 3260 autres
1786 3231 1899 3269 choses,
1917 3232 1990 3264 leurs
2003 3245 2018 3264 a
2033 3235 2134 3265 semble
2148 3247 2216 3273 que,
2231 3246 2304 3275 pour

1253 3269 1377 3299 Traitter
1390 3269 1449 3306 plus
1464 3277 1548 3299 avant
1561 3268 1610 3298 des
1634 3267 1767 3298 Matieres
1787 3269 1821 3300 &
1847 3269 1972 3310 Moyens
1995 3275 2179 3304 convenables
2201 3285 2240 3305 ou
2261 3276 2305 3307 dit

1254 3307 1322 3338 Bien
1346 3307 1382 3337 de
1403 3307 1486 3345 Paix,
1509 3306 1592 3337 estoit
1610 3307 1758 3346 expedient
1782 3308 1815 3338 &
1834 3308 1918 3339 chole
1929 3309 2074 3351 profitable
2087 3319 2247 3351 proroguer,
2265 3323 2308 3345 ou

1254 3347 1346 3377 icelles
1359 3346 1478 3383 prendre
1494 3345 1529 3375 de
1545 3345 1665 3375 Nouvel
1677 3345 1783 3384 jusques
1796 3356 1812 3376 a
1825 3356 1918 3377 aucun
1932 3349 1989 3385 plus
2004 3349 2071 3387 long
2089 3358 2197 3388 temps,

1292 3384 1406 3422 Iceulx,
1421 3393 1480 3415 noz
1494 3383 1663 3414 Conseillers
1677 3385 1709 3414 &
1724 3384 1954 3423 Commiffiires,
1969 3396 2018 3423 par
2031 3395 2127 3417 vertue
2147 3388 2185 3419 du
2206 3391 2311 3428 povoir

1254 3433 1304 3463 par
1318 3423 1407 3453 Nous
1419 3433 1434 3452 a
1451 3422 1513 3453 eulx
1526 3422 1568 3452 sur
1582 3432 1615 3452 ce
1629 3421 1742 3461 donne,
1760 3431 1840 3461 ayent
1855 3424 1972 3461 prinses,
1989 3434 2060 3462 pour
2077 3425 2184 3465 Nous,

1291 3462 1373 3492 Avec
1387 3462 1423 3491 les
1434 3461 1505 3491 dites
1517 3460 1642 3501 Eves‘que
1658 3461 1690 3490 de
1701 3461 1810 3501 Ciccstre
1824 3463 1856 3492 &
1872 3462 1970 3490 Robert
1989 3465 2079 3500 Rooz,
2099 3464 2310 3498 Ambaxadeurs

1257 3501 1290 3531 &
1305 3500 1516 3531 Commiffaires
1529 3500 1684 3538 Depputez
1700 3501 1731 3529 de
1744 3499 1829 3540 nostre
1845 3499 1885 3529 dit
1899 3502 2009 3536 Nepueu
2023 3504 2116 3531 aiant:
2134 3502 2177 3534 sur
2198 3515 2234 3536 ce
2250 3506 2310 3536 Po-

1256 3540 1320 3570 uoir
1336 3537 1476 3569 souffifanr
1492 3538 1576 3574 depar
1590 3538 1646 3575 lui,

1296 3578 1350 3607 Les
1363 3576 1426 3606 ditz
1440 3576 1547 3606 Treues
1555 3575 1715 3606 Generalles
1725 3599 1734 3612 ,
1754 3575 1883 3613 Fames,
1898 3575 1931 3605 &
1944 3575 2060 3608 estables
2067 3588 2115 3615 par
2123 3579 2223 3619 Terre,
2231 3581 2313 3620 Mer;

1258 3616 1291 3646 &
1306 3615 1393 3644 Erine<
1412 3614 1526 3645 doulces
1560 3624 1575 3643 a
1595 3615 1678 3644 durer
1697 3614 1734 3645 du
1753 3615 1871 3650 premier
1886 3612 1959 3651 Jour
1973 3615 2083 3647 d'Auril
2106 3617 2311 3651 derreinement

1257 3653 1349 3693 passe,
1364 3651 1462 3683 He'ire
1476 3653 1511 3682 de
1525 3637 1607 3695 {oleil
1627 3652 1736 3694 Levant
1752 3661 1787 3681 en
1803 3651 1875 3694 deux
1898 3651 1972 3690 Ans,
1992 3663 2047 3692 que
2069 3655 2121 3687 l’en
2146 3667 2213 3687 com
2236 3667 2311 3696 tera,

1257 3693 1336 3723 selon
1349 3692 1372 3722 la
1387 3699 1585 3727 compitatron
1600 3689 1636 3719 de
1652 3689 1743 3728 Eglrse
1755 3688 1920 3727 Gallicane,
1935 3691 2002 3721 l'An
2017 3691 2101 3724 Mille
2114 3668 2240 3725 CCC&

1258 3741 1275 3761 u
1289 3742 1342 3762 une
1357 3739 1413 3769 part
1427 3738 1483 3768 que
1498 3728 1622 3764 d’aurre,
1639 3728 1671 3757 &
1687 3727 1873 3758 mesmement
1886 3738 1934 3766 par
1945 3738 2005 3760 noz
2018 3730 2077 3762 djtz
2091 3733 2257 3763 Qnsejllers
2271 3733 2307 3764 &

1260 3768 1486 3804 Commissanes,
1505 3776 1540 3796 en
1555 3766 1579 3795 la
1594 3765 1687 3795 forme
1699 3774 1754 3803 que
1767 3765 1886 3796 s'ensuit.

2316 2334 2385 2364 togr,

1297 3844 1421 3884 Jaques,
1439 3853 1488 3881 par
1511 3842 1533 3871 la
1551 3840 1713 3880 permiffion
1730 3840 1842 3881 divine,
1860 3846 2053 3887 Arcevesque,
2067 3847 2126 3881 ὠς,
2138 3854 2221 3886 prout
2229 3884 2231 3886 Ι
2234 3848 2318 3887 [apra

1260 3888 1289 3914 in
1305 3885 1484 3924 Instrumenta
1494 3884 1659 3924 „Treugarum
1671 3883 1817 3925 Captqrum
1833 3884 1909 3922 apud
1920 3884 2068 3923 Lavardyn
2090 3889 2121 3915 xi
2134 3886 2177 3916 die
2193 3889 2316 3926 Martii,

1254 3921 1345 3963 postea
1355 3921 1476 3961 [equitur
1488 3930 1516 3948 in
1533 3917 1589 3947 haec
1601 3917 1702 3956 verba,
1722 3929 1780 3950 νη.

1295 4001 1338 4029 Et
1354 3995 1440 4027 icelle:
1453 4002 1551 4037 ayent,
1570 4003 1618 4032 par
1633 4003 1712 4026 vertu
1726 3995 1765 4027 du
1780 3997 1821 4027 dit
1836 3998 1955 4035 pouoir,
1972 3999 2106 4035 promises
2120 4000 2188 4034 faire
2199 4001 2314 4033 ratiffier

1261 4047 1309 4078 par
1325 4036 1428 4071 Nous,
1444 4031 1509 4064 ainsi
1521 4042 1575 4072 que
1590 4043 1626 4064 en
1639 4033 1710 4065 leurs
1722 4037 1776 4066 dits
1789 4035 1896 4067 Lettres
1908 4035 1950 4067 est
1963 4046 2104 4077 contenu,

1737 4110 1799 4143 A2

2220 4118 2318 4153 Savoir,
