2555 4266
242 166 315 194 102
703 140 1920 196 CONVENTIONES,LITERAE,

89 239 166 271 Ann.
179 238 220 269 D.
239 238 300 276 riae)
318 238 345 268 in
361 238 407 270 tali
422 238 557 269 Numeso
573 244 660 274 quem
675 235 744 266 Nos
757 234 917 265 videremus
930 233 1110 271 faciendum,
1130 242 1183 271 pro
1197 230 1306 262 Viden-
1344 227 1491 272 Dominus
1515 227 1554 259 du
1578 227 1700 266 Vergier
1727 228 1761 259 &
1781 227 1919 267 Magister
1936 227 2083 267 Johannes
2103 228 2209 261 Caillat
2231 230 2260 261 in
2284 230 2412 271 Legibus
2428 225 2505 258 Afln-
2517 228 2555 260 D-

112 279 198 317 1496.
237 279 277 308 do
291 279 325 310 ὅ(
340 278 484 309 Visitando
502 275 646 305 Articulos
661 274 814 314 pi·aedi<‘,tos
826 274 934 313 praefati
950 271 1215 312 Appuntffmamenti
1227 269 1307 299 Pacis
1342 267 1524 297 Licentiatus.
1626 307 1629 311 Ι
1848 305 1852 310 ⁴
1917 305 1922 310 ¹
1973 306 1978 311 .
2445 268 2532 305 1496,

89 321 153 346 Her..
171 328 197 353 7.
238 319 272 349 δε
289 317 464 347 Concordiae
482 337 491 352 ‚
516 315 550 345 &
573 314 634 344 illos
648 312 811 344 confirmari
821 335 831 351 ‚
851 310 1024 350 Ratifficari‚
1043 310 1206 349 Approbari
1220 317 1304 347 atque
1378 305 1450 335 ITE
1463 313 1490 336 M
1500 328 1509 343 ‚
1526 315 1579 349 pro
1594 305 1667 337 Villa
1680 304 1716 335 de
1732 303 1831 335 Castra
1847 315 1875 334 in
1892 303 1997 336 Bituria
2011 305 2130 337 Nobilis
2145 308 2199 339 Vir
2213 307 2360 347 Johannes
2374 309 2407 339 de
2428 309 2491 334 Hen.
2511 316 2538 342 7.

238 356 389 387 Observari
404 354 512 391 facere,
1339 343 1479 382 Vernuffi’,
1497 343 1619 375 Scutifer
1634 345 1667 376 δε
1683 346 1780 373 Petrus
1795 343 1948 373 Bourdeau.

276 396 341 425 Nos
351 417 359 431 ,
377 391 552 430 insequendo
569 389 756 421 Voluntatem
770 389 803 420 &
818 388 1033 426 Beneplacitum
1045 387 1114 418 dicti
1128 390 1240 417 Domim'
1255 396 1303 416 no·
1374 382 1466 426 ITEM
1475 406 1485 421 ‚
1503 393 1556 421 pro
1573 382 1648 413 Villa
1661 383 1697 413 de
1713 382 1864 421 Aguranda
1878 381 1998 412 Nobilis
2012 382 2063 414 Vir
2076 383 2239 416 Guillermus
2254 385 2405 426 Courault,

232 434 284 474 stri
298 437 375 470 Regis
388 454 397 468 ,
422 432 455 462 ὅ(
474 429 508 460 ad
526 429 735 460 Executionem
749 427 890 457 dictarum
905 427 1016 458 suarum
1032 427 1190 458 Literarum
1204 434 1304 463 proce·
1338 420 1487 451 Dominus
1502 422 1539 452 de
1555 421 1654 466 Pla'net·
1668 421 1702 452 ὃ(
1718 424 1816 465 Petrus
1831 420 1941 450 Andre.

235 473 332 503 dentes
345 494 354 509 ‚
382 470 470 500 Diem
494 468 596 499 Martis
613 467 746 497 vicesima
770 466 842 496 sexra
868 464 975 496 Mensis
1001 465 1104 504 Aprilis
1118 465 1304 498 hodiernam,
1372 458 1482 498 ITEM,
1501 470 1553 498 pro
1571 460 1644 492 Villa
1658 459 1849 497 Burdigalensi
1863 458 1996 503 nycolaus.
2009 460 2099 488 Berri.

236 511 326 542 Anno
341 508 515 545 infrascripto
525 531 534 544 ,
553 507 706 545 praedietos
715 506 790 536 Tres
801 504 893 535 Status
902 503 1154 543 congregavimus
1168 503 1201 532 &
1215 502 1300 532 Con·
1372 496 1466 528 ITEM
1476 521 1486 536 ‚
1504 508 1559 535 pro
1574 499 1649 530 Villa
1664 498 1762 529 Sancti
1777 497 1898 529 Carterii
1914 496 2054 536 Magister
2069 498 2165 528 Helias
2180 500 2312 538 Agobert.

70 1624 88 1643 ⁹
106 1626 175 1654 3111.

68 1665 136 1692 626.

267 549 340 587 egari
360 548 480 579 fecimus
496 555 597 576 coram
614 545 711 575 Nobis
731 545 762 574 in
780 544 885 574 Domo
903 543 948 574 seu
962 543 1098 579 Hospitio
1120 541 1201 584 hujus
1216 539 1300 583 Villae

231 558 346 624 ffiruris,
362 588 390 617 in
407 586 549 623 praesentia
566 583 686 614 Nobilis
700 583 762 613 Viri
775 581 914 612 Artauldi
930 584 963 612 de
982 581 1103 618 Villejau
1115 578 1249 610 Scutiferi
1262 579 1297 608 &

231 626 365 663 Magistri
378 625 503 662 Hospitii
516 623 587 653 dic‘ti
602 622 728 653 Domini
741 620 831 651 nostri
854 620 941 659 Regis
957 621 990 650 δε
1007 617 1144 649 Custodis
1159 616 1298 654 Praeposi-

230 673 302 695 rur-ae
320 664 421 694 Bituris
437 686 446 701 ,
473 661 757 696 Honorabiliumque
774 659 912 690 Virorum
930 656 1148 696 Magst’crorum,
1170 657 1248 684 Petri
1263 654 1296 683 de

230 703 324 734 Brolio
339 705 368 733 in
387 702 512 740 Legibus
528 700 679 740 Licentiati
696 698 854 729 Consiliarii
876 698 910 727 &
935 696 1098 732 Advocati,
1115 694 1208 731 Egidii
1222 695 1294 736 hain

228 741 425 772 Procuratoris
442 740 592 770 Generalis
605 738 673 768 dicsli
690 738 811 767 Domini
827 734 915 765 nostri
929 734 1016 773 Regis
1030 735 1059 764 in
1073 733 1154 763 disto
1169 731 1297 775 Bathmss

229 788 260 811 tu
288 779 402 811 Bituriae
419 803 429 818 ‚
456 778 495 814 ἐν
513 780 637 808 Martini
660 775 837 805 chambellan
850 774 935 804 etiarn
948 774 976 803 in
995 773 1123 810 Legibus
1141 770 1295 800 Licentiati

228 819 298 849 dieti
313 818 461 857 Praepositi
477 815 728 851 Locumtenentis,
946 850 951 855 ι

267 857 305 888 Et
318 859 367 895 qui
381 857 498 895 quidem
512 855 586 886 Tres
598 853 691 884 Status
705 858 926 888 comparuerunt
944 860 974 880 in
987 849 1126 880 Numero
1146 856 1179 877 ac
1194 845 1294 876 Modo

226 896 255 928 se
277 897 421 965 uterl’trliigso7
433 942 483 971 pro
498 931 604 967 Clei·o‚
624 928 753 960 Personae
768 928 929 965 sequentes3
948 926 1096 963 videlicet,

265 973 440 1004 Venerabilis
464 971 514 1000 Vir
531 968 670 1006 Magister
689 967 843 996 Ravandus
864 969 940 1004 Regis
955 964 1121 995 Canonicus
1137 961 1170 992 &
1186 960 1292 992 Archi-

225 1011 362 1043 diaconus
385 1011 422 1040 de
445 1008 610 1040 Bourbonio
629 1008 658 1036 in
684 1005 810 1036 Ecclesia
830 1003 993 1035 Bituricensi
1010 1026 1020 1041 ,
1046 1011 1077 1032 ut
1093 1002 1126 1032 &
1141 1009 1290 1045 tamquam

225 1050 354 1081 Vicarius
369 1047 518 1079 Generalis
534 1048 562 1075 iii
572 1044 765 1083 Spiritualibus
777 1045 810 1075 δε
820 1042 1044 1080 Temporalibus
1052 1038 1292 1071 Reverendissimi

224 1090 254 1119 in
273 1087 392 1119 Christo
409 1087 496 1117 Patris
514 1087 547 1116 δε
570 1083 693 1114 Domini
709 1082 833 1113 Domini
849 1080 1022 1121 Bituricensis
1041 1078 1257 1118 Archieptfiopi,
1274 1089 1290 1110 a

223 1127 348 1157 Civitate
371 1128 404 1157 ὃς
430 1124 561 1155 Dioeceii
577 1122 738 1153 Bituricenli
753 1121 866 1151 notorie
883 1121 1017 1157 absentis,
1037 1129 1091 1156 pro
1105 1118 1210 1149 eodem
1227 1118 1289 1149 Re-

220 1164 424 1197 verendiffimo
438 1162 573 1193 Domino
585 1160 747 1191 Bituricensi
762 1159 998 1197 Archiepiscopo.

260 1204 296 1234 Et
314 1214 366 1242 pro
391 1202 465 1232 dista
484 1200 607 1231 Ecclesia
631 1199 794 1230 Bituricetisi
809 1198 992 1228 Venerabiles
1006 1196 1069 1227 Viri
1085 1194 1214 1235 Magistri
1231 1194 1290 1234 Jo-

219 1242 323 1273 hannes
338 1243 371 1272 de
383 1240 482 1271 Villers
505 1239 639 1270 Decanus
655 1260 665 1277 ,
681 1238 714 1268 &
726 1236 848 1276 Jacobus
860 1238 974 1267 Girara'i
985 1235 1150 1267 Canonicus
1164 1234 1288 1273 ejusdem

219 1281 357 1314 Ecclesiae
372 1278 556 1310 Bituricensis.

261 1321 350 1350 ITEM
358 1344 367 1356 ‚
384 1316 545 1349 Reverendi
559 1315 652 1346 Patres
660 1314 790 1345 Abbates
800 1314 1029 1353 Monasteriorum
1045 1314 1205 1344 San-{sorum
1213 1314 1288 1342 Am-

222 1359 300 1399 brofii
318 1359 413 1389 Bituris
430 1358 463 1388 &
478 1359 596 1393 Sigirani
609 1356 638 1384 in
655 1353 763 1392 Brena,
780 1364 813 1384 ac
830 1355 914 1384 etiam
932 1351 1129 1391 Plenipedensi
1144 1353 1180 1383 de
1198 1352 1288 1383 Casali

222 1397 379 1429 Benediclo
397 1396 430 1426 &
447 1395 483 1426 de
499 1394 594 1424 Podio
609 1392 750 1423 Ferraridi.

259 1435 349 1466 ITEM
360 1457 370 1472 ,
389 1444 441 1473 pro
460 1433 574 1471 Capella
589 1432 686 1462 Palatii
697 1431 782 1469 Regii
798 1430 897 1461 Bituris
914 1429 1098 1460 Venerabiles
1114 1428 1175 1460 Viri
1191 1429 1288 1467 Magi-

221 1474 268 1505 stri
281 1474 396 1512 Jacobus
418 1473 450 1502 de
470 1471 500 1502 la
517 1474 576 1502 Loe
592 1471 626 1502 ὃς
641 1472 774 1500 Hem-icus
788 1468 914 1509 Balestat
931 1468 1077 1500 Canonici
1090 1468 1214 1507 ejusdem
1227 1468 1287 1499 Ca·

240 1514 310 1544 ellae.

218 1524 238 1552 p
257 1552 367 1589 ITEM,
386 1561 438 1589 pro
452 1548 578 1580 Ecclesia
591 1547 717 1578 Seculari
729 1548 763 1578 ὅ(
782 1544 941 1583 Collegiatfi
949 1545 1046 1577 Sancti
1060 1544 1241 1582 Austrigisilii
1252 1546 1288 1578 de

220 1591 326 1622 Castro
340 1599 416 1620 extra
433 1588 536 1618 Muros
554 1586 734 1617 Bituricenses
746 1584 927 1615 Venerabiles
944 1585 977 1615 &
1000 1584 1124 1615 Discreti
1141 1584 1203 1614 Viri
1219 1584 1287 1614 Ma-

222 1630 300 1667 gistri
313 1628 460 1668 Johannes
473 1624 618 1655 Bertauldi
637 1626 654 1643 ³*
674 1624 767 1655 Sacrae
781 1623 955 1662 Theologiae
973 1622 1117 1653 Profeffor
1132 1622 1234 1660 Prior,
1252 1624 1286 1654 &

221 1669 368 1708 Johannes
387 1665 498 1696 Huault
518 1675 546 1695 in
570 1664 696 1702 Legibus
712 1663 884 1693 Licentiatus
903 1661 1071 1693 Canonicus
1085 1661 1210 1701 ejusdem
1228 1661 1287 1693 Ec-

221 1708 321 1739 cleiiae.

256 1745 347 1776 ITEM
359 1768 369 1783 ,
387 1754 440 1782 pro
456 1741 582 1774 Ecclesia
599 1741 721 1773 Seculari
737 1741 770 1772 &
791 1739 947 1779 collegiata
962 1738 1115 1771 Beatiffimi
1130 1738 1233 1770 Ursini
1241 1738 1287 1769 Bi-

217 1786 282 1815 turis
300 1783 431 1823 Magistri
445 1782 591 1821 Johannes
607 1779 777 1810 Camhellani
788 1779 951 1819 &Jacobus
969 1777 1103 1809 deBrolio
1117 1778 1148 1808 in
1159 1778 1286 1818 Legibus

217 1824 368 1855 Licentiati
385 1822 508 1861 ejusdem
524 1820 658 1850 Eccleliae
673 1818 828 1849 Canonici.

253 1862 343 1892 ITEM
358 1884 368 1899 ‚
394 1870 448 1899 pro
471 1860 628 1890 Conventu
648 1856 819 1888 Monasterii
845 1856 941 1887 Sanffi
956 1855 1069 1894 Sulpitii
1084 1864 1160 1888 extra
1177 1856 1283 1888 Muros

217 1900 318 1931 Bituris
338 1901 444 1931 Fratres
466 1898 598 1928 Andreas
619 1897 651 1926 de
674 1899 783 1935 Sauzay
806 1894 964 1927 Celerarius
988 1897 1022 1928 &
1045 1894 1185 1934 Philippus
1205 1895 1282 1926 dela

215 1939 359 1970 Troulliere
376 1937 513 1976 Religiosi
528 1937 651 1975 ejusdem
670 1934 852 1965 Monasterii.

253 1979 362 2014 ITEM,
379 1986 430 2014 pro
447 1976 603 2006 Conventu
620 1972 787 2003 Monasterii
803 1972 932 2011 predit‘li
947 1972 1044 2004 Sanffi
1061 1971 1207 2004 Ambrosii
1216 1973 1282 2004 Fra·

216 2026 271 2049 tres
286 2015 441 2084 Francsslus
462 2015 494 2044 de
514 2018 598 2056 Turro
615 2012 795 2042 Camerarius
811 2014 844 2044 δε
866 2010 1013 2051 Johannes
1034 2011 1161 2043 Chauvet
1177 2013 1242 2043 alias
1253 2013 1280 2044 le

217 2056 355 2088 Foudeux
401 2053 507 2089 elizios]
523 2053 590 2082 dieti
607 2050 780 2081 Monasterii.

251 2094 356 2130 ITEM,
376 2103 426 2131 pro
443 2092 565 2123 Eccletia
581 2090 740 2126 Collegiata
753 2090 789 2120 de
799 2088 890 2120 Duno
907 2088 996 2130 Regis
1005 2089 1152 2121 Dominus
1165 2089 1280 2129 Johan-

214 2145 259 2165 nes
275 2132 475 2169 Challemasgne
486 2130 650 2161 Canonicus
666 2128 789 2166 ejusdem
806 2127 952 2158 Ecclesiae.

250 2171 339 2202 ITEM
349 2194 358 2209 ‚
375 2181 428 2209 pro
443 2170 566 2201 Ecclesia
581 2168 703 2198 Seculari
717 2168 749 2197 ὅ(
758 2167 917 2202 Collegiata
928 2166 1019 2197 Beatae
1031 2166 1132 2198 Mariae
1144 2167 1181 2198 de
1192 2166 1278 2203 Mag-

209 2211 290 2241 duno
304 2211 383 2248 super
398 2209 502 2239 Euram
518 2207 648 2250 Migil-’tri
662 2205 830 2236 Guillielmus
843 2208 938 2244 Rogier
954 2207 987 2237 &
1001 2205 1158 2246 Francifius
1171 2206 1278 2238 Busille

210 2249 353 2281 Canonici
368 2248 492 2288 ejusdem
505 2247 650 2278 Eccleliae.

247 2289 354 2326 ITEM,
369 2297 423 2326 pro
439 2287 562 2318 Ecclesia
577 2284 700 2316 Seculari
719 2284 752 2314 &
770 2282 927 2322 Collegi-ata
943 2283 1036 2314 Beatae
1055 2283 1158 2314 Mariae
1177 2283 1214 2314 de
1226 2283 1277 2314 Sa-

209 2328 339 2358 lisbituris
363 2326 493 2365 Magistri
515 2326 671 2356 Ludovicus
694 2324 727 2353 de
748 2322 837 2353 Volva
862 2325 894 2354 &
910 2322 1043 2352 Andreas
1056 2322 1088 2353 de
1103 2325 1132 2353 V
1132 2321 1276 2362 illeneufue

212 2366 353 2398 Canonici
368 2366 453 2396 dieta:
467 2364 611 2395 Ecclesiae.

247 2405 354 2443 frmi,
374 2415 425 2442 pro
440 2403 564 2434 Ecclesia
579 2401 700 2432 Seculari
719 2402 751 2432 ὅ(
775 2399 937 2436 Collegiata
959 2399 1058 2431 saneti
1071 2399 1147 2431 Petri
1165 2399 1276 2431 Puella-

208 2455 273 2475 rum
291 2444 391 2474 Bituris
413 2442 547 2479 Magister
562 2444 658 2471 Petrus
673 2443 767 2482 Rogier
784 2440 817 2470 &
835 2438 980 2470 Dominus
994 2438 1142 2479 Johannes
1157 2439 1190 2469 de
1213 2439 1276 2469 Vil-

207 2484 286 2520 lagra
301 2482 443 2512 Canonici
456 2481 579 2519 ejusdem
595 2478 739 2510 Eccleiiae.

250 2521 355 2558 Imu,
373 2530 427 2559 pro
447 2519 571 2550 Ecclesia
589 2517 743 2555 Collegiata
765 2516 857 2547 Beatae
875 2516 978 2547 Mariae
995 2515 1088 2548 Medii
1104 2515 1274 2547 Monasterii

210 2559 311 2590 Bituris
330 2558 459 2598 Magistri
478 2556 646 2588 Guillielmus
663 2556 745 2596 VouJ)
764 2556 796 2586 δε
811 2554 943 2586 Nicolaus
965 2559 1054 2596 Barcy
1068 2555 1151 2594 ipsius
1170 2555 1274 2586 Eccle·

208 2598 254 2628 siae
271 2596 424 2628 Canonici.

245 2636 335 2667 ITEM
352 2658 362 2674 ‚
388 2645 440 2674 pro
462 2633 584 2664 Ecclesia
604 2632 763 2669 Collegiata
778 2631 815 2661 de
832 2631 937 2662 Casti-0
954 2632 1051 2663 Novo
1066 2632 1147 2671 super
1162 2632 1272 2664 Carum

208 2675 345 2713 Magister
361 2673 497 2713 Ysbmbert
516 2673 548 2701 de
566 2670 694 2711 cla-ambly
713 2669 878 2700 Canonicus
896 2671 1018 2708 ejusdem
1037 2670 1182 2701 Ecclesiae,

248 2713 355 2750 Iri-m,
377 2723 428 2750 pro
446 2710 570 2741 Ecclesia
589 2708 745 2748 Collegiata
767 2707 804 2738 de
823 2708 989 2746 Saincergio
1009 2707 1147 2748 Magister
1165 2709 1274 2740 Gallor-

207 2763 264 2782 mus
283 2752 389 2782 Bordin
404 2750 485 2780 Prior
504 2749 589 2779 dieite
609 2747 752 2778 Eccleliae.

243 2790 333 2821 ITEM
349 2814 358 2827 ,
380 2790 474 2820 Frater
494 2787 629 2825 Philippus
648 2786 795 2822 Badium,
813 2784 896 2814 Prior
913 2784 1006 2815 Sancti
1029 2784 1177 2816 Michaelis
1197 2785 1274 2817 Bitu-

206 2830 318 2860 ricenlis
332 2829 429 2859 Frater
438 2826 598 2858 Anthemius
616 2825 648 2854 de
662 2828 798 2862 Fagieres,
815 2822 975 2862 Religiosus
990 2823 1160 2855 Monasterii
1173 2824 1270 2856 saneti

207 2868 350 2938 Glfl‘igtsiies
372 2908 467 2935 Petrus
482 2903 574 2934 Loube
590 2901 824 2932 Eleemolinarius
845 2899 881 2930 de
897 2899 993 2930 Brives
1009 2900 1043 2931 δε
1062 2901 1220 2932 Ludovicus
1234 2902 1270 2931 du

193 2933 292 2986 'Bam
311 2945 393 2975 Prior
406 2944 442 2974 de
452 2942 626 2974 Vaiidelione
641 2939 778 2981 Religiosi
794 2938 965 2970 Monasterii
980 2938 1072 2971 Beatae
1087 2939 1190 2971 Mariae
1204 2940 1271 2972 Do-

203 2984 353 3053 lenhziatres
369 3020 489 3060 Jacohus
503 3018 585 3049 Cobet
599 3018 632 3048 &
646 3016 809 3048 Guillermut
820 3015 1006 3047 Charbonnier
1016 3039 1026 3055 ‚
1041 3015 1181 3054 Religiosi
1197 3017 1270 3048 Mo-

206 3061 315 3091 nal'terii
330 3061 366 3090 de
379 3060 471 3090 Fonte
488 3057 683 3095 Morigniaco.

246 3099 282 3130 Et
310 3099 480 3129 Bertrana'us
495 3098 605 3125 Gaudin
624 3094 781 3133 Religiosus
800 3093 833 3124 &
852 3093 1026 3126 Procurator
1044 3093 1214 3125 Monasterii
1232 3095 1268 3127 de

207 3137 331 3168 Calonio
351 3148 404 3175 pro
423 3136 505 3167 dietis
521 3143 623 3165 eorum
642 3132 825 3164 Monasteriis
839 3132 886 3163 res
899 3132 1006 3163 eetive.

244 3177 280 3206 Et
297 3187 348 3215 pro
377 3175 450 3206 Villa
471 3173 570 3205 Bituris
589 3171 781 3202 Honorabiles
802 3170 863 3202 Viri
924 3171 1017 3210 agistri
1036 3171 1193 3210 Francifius
1210 3175 1266 3202 Bo-

207 3214 308 3252 chetel,
326 3214 424 3253 Major
444 3212 590 3252 Johannes
607 3211 639 3240 de
656 3208 786 3249 lOintaI
807 3210 835 3238 in
863 3209 986 3249 Legibus
1006 3209 1195 3247 Licentiatus,
1214 3215 1268 3242 Ur-

199 3252 274 3292 finus
289 3254 319 3281 de
333 3256 458 3292 Sauzay,
476 3250 589 3280 Thomas
605 3249 738 3288 Roufhrt,
756 3247 908 3286 Burgenses
925 3248 958 3278 &
977 3248 1090 3277 Scabini
1106 3248 1191 3278 dietae
1206 3249 1268 3280 Vil—

207 3291 242 3321 le
261 3290 357 3322 Bituris
370 3315 378 3329 ‚
402 3301 435 3321 ac
455 3291 539 3331 etiam
558 3287 750 3318 Honorabiles
768 3286 800 3316 &
819 3286 928 3316 discreti
945 3285 1006 3330 Viri
1027 3285 1159 3330 Magistri
1177 3287 1267 3325 Jaco-

205 3328 253 3358 bus
271 3330 302 3358 de
312 3333 438 3366 Treignac
451 3326 631 3359 Coniiliarius
647 3328 679 3356 &
697 3325 862 3369 Advocatus
879 3324 1019 3368 Raohrius
1034 3324 1178 3368 krilques,
1194 3326 1267 3356 Pro-

206 3376 317 3398 curator
336 3367 516 3398 Manentium
536 3368 568 3396 &
588 3364 788 3394 Habitantium
808 3363 931 3400 ejusdem
951 3362 1035 3392 Villae
1053 3363 1171 3401 Bituris,
1187 3365 1267 3394 Guil-

205 3404 303 3434 lermus
323 3407 405 3435 Sarde
419 3429 429 3444 ‚
458 3408 554 3435 Petrus
569 3402 720 3433 Maublane
734 3425 744 3440 ‚
762 3404 908 3430 Savaricus
921 3400 956 3429 du
973 3403 1030 3441 Puy
1040 3423 1049 3437 ,
1066 3400 1212 3438 Johannes
1227 3403 1259 3432 de

205 3446 277 3482 Boys
292 3446 420 3481 Ronvre,
437 3444 598 3473 Guillermus
622 3445 732 3481 Duquct
747 3441 779 3470 &
793 3439 944 3477 Stephanus
960 3439 1005 3468 des
1019 3442 1140 3477 Barm,
1159 3440 1264 3472 Advo-

205 3483 262 3551 ἕξεί
270 3504 280 3521 ,
300 3481 445 3525 Stephanus
458 3479 649 3550 {irspnvlillffi
662 3482 765 3548 ll'elgrus
780 3481 910 3523 Artenay
925 3477 960 3508 &
969 3477 1118 3507 Nicholaus
1134 3481 1264 3519 Garnier‚

233 3530 342 3550 rocurat
380 3530 407 3549 es
425 3530 452 3549 iri
520 3530 556 3549 ria
620 3529 679 3548 icai
722 3527 807 3547 ituris

245 3559 281 3590 Et
304 3531 452 3596 proorSede
470 3531 660 3589 &uReffiirto
677 3557 711 3586 de
730 3556 901 3591 Exolduno:‚
919 3555 953 3587 &
969 3555 1067 3592 primo
1081 3577 1091 3591 ,
1116 3554 1261 3595 videlicet,

202 3606 257 3637 pro
282 3598 348 3628 villa
366 3596 485 3665 ejgsdem
503 3597 577 3627 Loci
597 3595 721 3625 Nobiles
738 3594 799 3663 &gri
817 3592 1114 3661 JohandnesRCkffiurier
1122 3594 1262 3663 MDomi-

202 3634 903 3717 giltasraeglieiaespgibhigtiJihwlfilesgibiilstrylni’cengfflisuge
921 3640 1085 3700 (guillgrnigs
1091 3654 1129 3699 'd'
1129 3674 1171 3702 Or
1181 3633 1261 3711 ὶιιιίνῖξξ

198 3712 300 3749 Junior
319 3712 504 3743 Gubernator
521 3711 605 3740 dietae
625 3711 707 3740 Villae
726 3710 762 3741 de
781 3709 943 3739 Exolduno.

238 3750 344 3789 ITEM,
363 3761 415 3788 pro
433 3749 507 3780 Villa
525 3748 561 3779 de
581 3747 684 3778 Castro
699 3748 854 3786 Radulpho
874 3746 1000 3777 Nobiles
1016 3745 1078 3776 Viri
1093 3745 1216 3783 Jacobus
1227 3747 1261 3776 de

203 3791 337 3818 Varennes
356 3791 452 3819 Petrus
469 3786 613 3824 cheurier,
628 3786 760 3817 Scutiferi
774 3810 784 3824 ‚
803 3787 837 3818 &
856 3784 996 3825 Magister
1014 3783 1176 3814 Anthonius
1192 3788 1262 3815 Tur·

200 3829 276 3863 quie,
292 3828 322 3855 in
340 3827 464 3866 Legibus
482 3825 664 3856 Licentiatus.

242 3863 346 3901 ITEM,
363 3875 416 3902 pro
437 3865 508 3896 Villa
527 3863 562 3894 de
582 3863 701 3894 Liveriis
719 3861 837 3892 Nobilis
852 3861 905 3892 Vir
926 3861 1072 3900 Johannes
1091 3859 1124 3890 de
1140 3859 1170 3890 la
1189 3859 1262 3891 Cha-

194 3899 272 3943 stre,
290 3901 434 3934 Dominus
449 3903 488 3933 du
507 3901 576 3934 Plex
591 3902 624 3934 ὅ(
643 3900 782 3940 Magister
801 3903 898 3930 Petrus
913 3900 996 3930 Cobin
1011 3901 1042 3929 in
1063 3899 1186 3937 Legibus
1207 3900 1261 3930 Li-

198 3946 342 3968 centiatus.

224 3974 310 4020 ¹[Te.
321 3984 367 4014 M,
384 3987 435 4013 pro
451 3978 524 4009 Villa
542 3978 578 4008 de
593 3977 695 4008 Saneta
711 3976 815 4007 Severa
833 3976 954 4007 Nobilis
973 3975 1025 4007 Vir
1045 3973 1188 4015 Johannes
1204 3979 1259 4007 Ro-

200 4011 294 4050 bmn,
313 4013 433 4045 Scutifer
452 4018 485 4047 ὃ(
506 4015 646 4055 Magister
664 4014 819 4054 Franciscus
836 4017 896 4044 Bon
913 4026 961 4052 ac,

235 4050 326 4082 ITEM
340 4073 351 4091 ‚
376 4062 429 4091 pro
446 4054 519 4087 Villa
535 4054 571 4086 de
588 4054 731 4088 Graciaco
749 4053 868 4085 Nobilis
889 4026 940 4086 Vir
954 4051 1102 4092 Johannes
1114 4051 1254 4094 Rahotin,

1373 535 1463 566 ITEM
1473 560 1482 574 ,
1523 546 1556 566 ro
1570 537 1646 568 Villa
1660 537 1696 568 de
1709 537 1801 568 Clofis
1816 537 2005 576 superioribus
2025 535 2144 567 Nobilis
2161 538 2212 570 Vir
2231 541 2356 578 Georgius
2370 542 2404 572 de

1333 575 1478 611 Magnas,
1532 576 1646 605 ominus
1660 575 1698 605 du
1714 576 1838 614 Repaire
1854 576 1886 606 ὃ(
1930 574 2049 604 ohannes
2062 575 2186 605 Betolat.

1368 610 1383 640 I
1392 619 1414 641 Τ
1424 622 1443 642 E
1453 620 1481 643 Μ
1491 635 1500 650 ‚
1519 623 1573 652 pro
1588 613 1663 646 Villa
1681 613 1718 645 de
1739 614 1860 646 Bouffac
1887 627 1890 628 ⁷
1903 613 1997 643 acobus
2012 612 2136 644 Berthon
2152 614 2185 645 &
2200 616 2298 646 Petrus
2313 619 2402 648 Bour-

1341 648 1412 679 ault.

1366 687 1413 718 ΙΤ
1424 697 1442 719 Ε
1454 697 1481 719 Μ
1491 711 1502 727 ,
1527 698 1581 734 pro
1597 689 1673 721 Villa
1695 690 1729 721 δε
1752 688 1890 721 Refforto
1905 690 1986 721 dic‘to
2006 689 2084 721 Loci
2096 690 2132 721 de
2150 687 2304 729 Magduno
2319 693 2399 732 super

1330 724 1436 768 Euram
1453 727 1579 759 Nobiles
1594 737 1679 767 atque
1693 728 1886 759 Honorabiles
1901 730 1962 760 Viri
1979 728 2126 761 Dominus
2141 730 2298 761 Ludovicus
2311 732 2398 763 Blain

1332 763 1421 795 Miles
1437 764 1584 797 Dominus
1598 767 1636 798 du
1653 767 1735 805 Poil,
1753 766 1902 805 Johannet
1915 768 1947 796 de
1964 768 2049 804 Brio,
2067 768 2199 798 Robertus
2212 769 2348 800 Sathenat
2362 772 2398 803 δε

1330 802 1451 848 Karalus
1471 805 1504 833 de
1525 807 1624 845 Peigny
1645 805 1778 836 Scuriferi
1791 829 1801 843 ,
1821 804 1961 844 Magister
1975 808 2079 836 Hellor
2093 811 2212 838 conners
2224 809 2253 838 in
2270 808 2398 846 Legibus

1331 840 1505 873 Licentiatus
1521 842 1670 882 Receptor
1685 844 1853 874 Ordinarius
1873 844 1943 874 dieii
1959 843 2085 875 Domini
2099 846 2187 876 nostri
2205 847 2293 886 Regis
2306 849 2335 877 in
2351 849 2396 879 di-

1327 879 1379 946 ῗο
1393 879 1540 949 Βώἓνίεω
1557 882 1689 921 Bituriae,
1707 882 1839 913 Robertus
1853 881 1964 922 Asselin
1974 905 1984 921 ‚
2004 884 2101 913 Petrus
2117 886 2249 915 Bernard
2261 909 2271 924 ‚
2289 887 2322 918 &
2336 885 2396 926 Jo-

1346 929 1431 948 annel'
1467 930 1574 950 07lner5-

1368 956 1387 974 ³*
1409 957 1480 988 [TE
1491 967 1519 990 M
1535 983 1544 997 ,
1563 968 1617 996 pro
1635 957 1712 990 Villa
1726 960 1760 991 ὃς
1777 957 1913 989 Ressorto
1929 957 1964 989 de
1979 956 2072 990 Duno
2086 959 2175 1000 Regis
2190 962 2317 996 Nobiles
2331 965 2394 997 Viri
2415 956 2435 977 ’ζ
2454 960 2525 992 ΧΠ·

1326 994 1475 1033 Johannes
1497 998 1530 1027 de
1552 997 1703 1026 Gamaches
1727 997 1849 1028 Scutifer
1873 997 1928 1028 Ma
1949 997 2012 1028 ister
2034 998 2160 1037 Hospitii
2180 1001 2250 1032 diffl
2266 1002 2393 1036 Domini
2416 998 2482 1035 ⁶²7·

1326 1033 1417 1064 nostri
1439 1035 1530 1074 Regis
1545 1059 1555 1073 ‚
1579 1035 1736 1076 Francfius
1761 1035 1891 1066 Pelourde
1945 1038 2059 1066 ominus
2081 1037 2118 1068 de
2140 1038 2239 1071 Ozoer
2254 1064 2264 1079 ‚
2289 1045 2347 1073 Leo
2360 1044 2394 1075 de

1325 1073 1449 1111 Raynet,
1465 1076 1563 1104 Petrus
1578 1076 1678 1113 Pepin,
1693 1074 1843 1112 Scutiferi,
1861 1085 1895 1105 ac
1910 1071 2061 1114 Magistri,
2085 1075 2232 1114 Johannes
2246 1080 2278 1109 de
2292 1081 2394 1122 l'Ospi.

1324 1110 1550 1192 tlta1l,hJolh}nnse}s
1563 1116 1678 1151 Regnier
1690 1136 1701 1152 ,
1726 1115 1755 1143 in
1771 1113 1898 1153 Legibus
1914 1113 2082 1153 Licentiati,
2100 1118 2191 1146 Simon
2206 1118 2344 1159 Coulaffim
2359 1123 2395 1154 &

1362 1162 1386 1180 lc
1406 1164 1439 1180 a?
1487 1163 1515 1181 ΟΡ
1537 1163 1559 1181 e·

1362 1188 1473 1227 ITEM,
1492 1201 1545 1228 pro
1560 1189 1633 1221 Villa
1649 1191 1683 1222 &
1699 1188 1838 1222 Refforto
1850 1190 1887 1221 de
1902 1189 2104 1222 Concressault
2119 1191 2244 1224 Nobiles
2259 1193 2321 1226 Viri
2335 1196 2394 1235 Jo-

1324 1226 1428 1258 hannes
1446 1229 1612 1269 Trouffiboys
1635 1229 1782 1260 Dominus
1802 1229 1838 1260 de
1855 1229 2024 1267 Villegenon
2039 1253 2049 1268 ‚
2075 1227 2222 1269 Johannes
2244 1234 2276 1263 de
2299 1238 2391 1267 Vinon

1325 1265 1472 1298 Dominus
1493 1272 1529 1298 de
1552 1267 1686 1298 Burelure
1701 1290 1710 1306 ,
1736 1267 1884 1306 Johannes
1904 1267 1997 1298 Micho
2011 1267 2157 1301 Dominus
2171 1270 2207 1302 de
2220 1272 2245 1302 la
2264 1271 2372 1306 Mothe

1323 1304 1452 1336 Claudius
1472 1305 1614 1345 chappelle
1633 1305 1781 1337 Dominus
1802 1308 1838 1337 de
1862 1307 1982 1345 Beaujeu
2001 1306 2102 1338 Senior
2115 1331 2125 1346 ,
2152 1309 2301 1347 Scutiferi,
2319 1299 2391 1342 Ber:

1322 1345 1438 1413 {gandia
1458 1348 1548 1375 Farou
1563 1369 1572 1383 ,
1600 1344 1715 1376 Miletus
1736 1345 1783 1375 des
1796 1345 1913 1384 Roches,
1931 1345 2081 1385 Stephanus
2095 1347 2196 1378 Cadoet
2212 1349 2245 1379 &
2262 1350 2394 1383 Nicolaus

1348 1395 1365 1411 a
1382 1394 1452 1413 mon-

1379 1430 1402 1451 T
1414 1430 1432 1451 ss
1443 1430 1488 1459 M,
1505 1432 1558 1459 pro
1580 1422 1653 1454 Villa
1676 1423 1711 1454 &
1734 1421 1874 1454 Refforto
1890 1423 1927 1453 de
1943 1422 2066 1455 Saucero
2080 1423 2228 1463 Johanner
2241 1430 2343 1468 Turpia
2357 1430 2393 1462 ὃς

1322 1458 1468 1498 Johannes
1485 1459 1628 1491 Millecent
1643 1460 1857 1493 Gubernatores
1871 1462 1958 1492 distae
1974 1463 2067 1494 Villae.

1362 1498 1409 1529 I·r
1420 1508 1437 1529 E
1450 1508 1495 1537 M,
1513 1510 1566 1537 pro
1581 1498 1697 1530 Baronia
1710 1500 1747 1531 de
1762 1500 1993 1532 Montefalconis
2010 1504 2107 1532 Petrus
2122 1503 2188 1533 Bod
2216 1503 2392 1538 Procurator

1323 1537 1358 1568 δε
1372 1536 1518 1575 Johannes
1530 1541 1667 1580 Craquin,
1686 1538 1902 1570 Locumtenens
1918 1539 2022 1571 Baillivi
2036 1541 2158 1572 e‘usdem
2175 1515 2260 1574 Loci.

1358 1574 1469 1613 ITEM,
1489 1587 1543 1615 pro
1558 1577 1633 1608 Villa
1648 1578 1682 1609 ὅ(
1697 1577 1836 1608 Refforto
1851 1579 1888 1610 de
1904 1578 2035 1610 Virsione
2081 1580 2169 1611 obiles
2184 1581 2245 1612 Viri
2261 1582 2394 1613 Nicolaus

1324 1614 1490 1658 Paron-flata,
1507 1615 1654 1654 Johannes
1670 1616 1861 1656 Bourdesolle,
1879 1617 2028 1656 Scutiferi,
2048 1617 2186 1658 Magister
2201 1623 2301 1651 Petrus
2313 1625 2393 1652 Tier-

1323 1652 1389 1682 celin
1403 1663 1433 1683 in
1449 1654 1574 1693 Legibus
1589 1654 1780 1693 Lice-mimus,
1797 1656 1830 1686 &
1844 1655 1991 1694 Johannes
2005 1657 2139 1696 Robinet,

1360 1690 1467 1728 ITEM,
1486 1703 1541 1730 pro
1556 1691 1725 1724 Castellania
1741 1694 1777 1723 de
1794 1694 1850 1734 Ays
1866 1694 2020 1734 Dangillon
2036 1695 2161 1726 Nobiles
2181 1696 2260 1735 Viri,
2275 1698 2393 1729 Antho-

1322 1732 1382 1759 nius
1394 1730 1427 1760 de
1445 1728 1619 1770 Neufmolins
1631 1754 1641 1769 ,
1669 1731 1820 1769 Stephanus
1831 1732 1876 1762 des
1891 1732 2017 1771 Ruaulx,
2036 1734 2168 1765 Scutiferi
2179 1759 2189 1774 ,
2207 1738 2319 1776 Luquin
2334 1740 2393 1768 Le-

1322 1768 1382 1802 hle,
1398 1768 1546 1807 Johannes
1560 1770 1658 1808 Niſjon
1666 1793 1676 1809 ,
1696 1770 1729 1801 δί
1745 1771 1878 1800 Mai-heus
1893 1774 2050 1802 Barratier.

1358 1806 1398 1850 Et
1419 1817 1473 1845 pro
1499 1807 1667 1839 Castellania
1687 1808 1723 1839 de
1743 1808 1877 1840 Breciaco
1895 1809 2015 1840 Nobilis
2031 1809 2086 1841 Vir
2099 1810 2246 1850 Johannes
2263 1813 2391 1845 Vaultier

1321 1845 1460 1884 Semifer,
1478 1844 1624 1886 Johannes
1638 1846 1753 1878 Michau
1767 1848 1800 1880 &
1818 1850 1960 1878 Antonius
1977 1851 2067 1888 Mery.

1359 1925 1531 1965 Quintis
1558 1924 1596 1957 fic
1619 1934 1720 1958 coram
1741 1925 1842 1958 Nobis
1866 1924 2109 1966 Comparentibus
2138 1927 2172 1960 ὃ(
2204 1926 2393 1967 Congregati's

1318 1962 1365 1995 seu
1393 1963 1659 2005 Congregationem
1679 1966 1781 1997 Trium
1808 1966 1940 1997 Statuum
1969 1966 2168 2004 Tenentibus‚
2192 1966 2391 2008 Facientibus,

1317 2003 1352 2034 &
1376 2002 1672 2045 Repraesentantibus‚
1691 2005 1838 2043 praedietas
1861 2005 1982 2036 Litteras
2001 2005 2071 2035 dieti
2095 2007 2208 2034 Domini
2228 2005 2311 2045 nostri
2334 2010 2389 2037 Re-

1314 2044 1356 2079 gis
1370 2063 1380 2081 ,
1396 2044 1452 2074 una
1468 2053 1536 2074 cum
1559 2042 1697 2074 Articulis
1717 2044 1884 2081 praeinsertis
1911 2043 2015 2075 eisdem
2039 2042 2141 2073 Literis
2162 2044 2276 2083 alligatis
2290 2068 2300 2083 ‚
2331 2046 2388 2078 alti

1315 2082 1349 2124 ὃς
1375 2082 1543 2113 intellioibili
1567 2081 1651 2112 Voce
1673 2092 1771 2113 coram
1792 2082 1891 2112 Nobis
1908 2105 1917 2121 ,
1939 2091 1990 2121 per
2004 2081 2166 2121 Johannem
2181 2083 2299 2114 Gaudon
2315 2083 2387 2115 Cle-

1314 2130 1408 2150 ricum
1432 2108 1590 2151 txsstarffum
1609 2120 1735 2167 Regium
1756 2121 1790 2152 δε
1813 2120 2010 2152 Commiffum
2031 2121 2065 2151 ad
2085 2122 2272 2152 excercitium
2295 2122 2388 2154 Gref-

1314 2158 1427 2202 fariatiis
1441 2160 1510 2191 dieti
1524 2159 1685 2191 Balliviatus
1699 2159 1815 2192 Bituriae
1829 2183 1838 2199 ,
1865 2160 1900 2191 de
1916 2161 2007 2192 verbo
2021 2159 2055 2190 ad
2072 2160 2194 2192 verbum
2214 2160 2325 2201 Legere
2342 2162 2388 2193 fe-

1314 2206 1406 2229 cunus
1416 2219 1426 2235 2

1343 2236 1472 2305 'Qgibus
1493 2235 1530 2280 sic
1553 2236 1670 2274 publice
1687 2234 1801 2275 Leuis,
1824 2237 1889 2276 quia
1914 2236 2006 2276 plures
2023 2245 2056 2267 ex
2074 2236 2157 2268 dietis
2173 2236 2334 2269 Nobilibus
2347 2240 2384 2272 ὃς

1313 2273 1371 2318 aliis
1413 2275 1516 2306 erfonis
1532 2275 1679 2306 Contenta
1694 2278 1721 2306 in
1735 2277 1818 2307 distis
1834 2277 1987 2314 Articulis,
2007 2285 2123 2313 propter
2143 2286 2244 2306 eorum
2261 2276 2383 2316 Imperi-

1313 2321 1380 2344 tiam
1394 2323 1441 2345 aut
1454 2314 1536 2352 alias,
1555 2325 1588 2345 ex
1604 2325 1640 2344 eo
1655 2314 1736 2353 quod
1754 2316 1847 2347 verbis
1865 2315 1969 2345 Latinis
1985 2322 2063 2346 erant
2075 2314 2214 2353 descripra
2229 2336 2241 2354 2
2258 2317 2381 2348 minime

1311 2351 1406 2383 saltem
1430 2353 1494 2384 sane
1516 2352 1714 2392 intelligebant
1738 2354 1781 2385 seu
1806 2353 1963 2393 Intelligere
1983 2362 2031 2384 aut
2051 2354 2296 2392 comprehendere
2311 2363 2378 2392 pos·

1311 2390 1371 2422 sent
1407 2391 1500 2422 didlos
1517 2391 1663 2422 Articulos
1677 2403 1709 2423 ac
1723 2394 1822 2423 omnia
1839 2394 1873 2424 δε
1889 2392 1993 2432 lingula
2007 2393 2035 2421 in
2049 2392 2155 2423 eisdem
2165 2400 2302 2425 contenta
2314 2402 2381 2425 ver-

1312 2430 1354 2459 bis
1371 2415 1488 2473 Gallicis
1501 2431 1617 2473 publice
1632 2431 1835 2462 declaravimus
1850 2432 1884 2463 &
1901 2431 2098 2470 exposuimus,

1347 2467 1468 2508 Iplisque
1494 2472 1533 2499 iic
1560 2469 1716 2501 Declaratis
1739 2472 1773 2502 &
1793 2469 1935 2507 Expositis
1949 2492 1958 2508 ,
1981 2479 2066 2507 atque
2088 2479 2138 2508 per
2154 2468 2280 2507 singulos
2291 2469 2380 2502 dietae

1312 2505 1550 2548 congregationis
1598 2517 1733 2546 tanquam
1755 2518 1804 2547 per
1818 2509 1894 2539 Tres
1909 2509 2001 2539 Status
2016 2508 2085 2538 diCti
2101 2507 2260 2539 Balliviatsis
2272 2508 2377 2540 Bituri-

1310 2547 1399 2577 cenlis
1413 2547 1537 2578 invicem
1553 2531 1752 2586 Congregatos
1770 2547 1817 2578 seu
1836 2546 2103 2585 Congregationem
2124 2545 2230 2577 Trium
2245 2546 2378 2579 Statuum

1310 2585 1458 2616 Tenentes
1471 2608 1481 2623 ,
1506 2584 1649 2616 Facientes
1671 2587 1704 2616 &
1725 2584 1969 2623 Repraesentantes
1983 2609 1992 2622 ,
2018 2593 2049 2615 ut
2063 2584 2176 2615 dictum
2194 2584 2252 2622 est,
2269 2586 2303 2615 ad
2316 2586 2378 2624 ple-

1310 2633 1382 2654 num
1400 2623 1532 2662 Auditis,
1550 2623 1766 2655 Deliberatione
1781 2625 1855 2661 prius
1868 2633 1918 2661 per
1933 2625 1965 2653 δε
1981 2626 2053 2654 inter
2070 2632 2119 2653 eos
2136 2622 2293 2661 respeetive
2301 2634 2376 2662 prae-

1308 2662 1424 2700 habiti,
1441 2663 1603 2700 Amicitias,
1622 2662 1721 2701 Ligas‚
1736 2662 1974 2700 Conventiones‚
1995 2660 2375 2701 Promiffiones‚Juramen-

1309 2708 1336 2732 ta
1351 2702 1383 2732 &
1399 2700 1686 2738 Confoederationes,
1704 2710 1737 2730 ac
1752 2702 1850 2731 omnia
1869 2701 1902 2732 δε
1920 2700 2025 2740 singula
2038 2700 2089 2731 alia
2102 2700 2131 2729 iri
2143 2701 2203 2738 jam
2216 2701 2301 2730 dietis
2314 2700 2375 2732 Ar-

1309 2739 1420 2781 ticulis,
1439 2739 1517 2776 super
1530 2739 1590 2770 hoc
1605 2739 1747 2770 confectis
1757 2762 1766 2777 ,
1786 2740 1818 2769 ὅ(
1834 2739 1869 2769 de
1887 2739 1989 2770 Verbo
2004 2738 2038 2768 ad
2053 2739 2175 2769 verbum
2190 2738 2314 2777 superius
2328 2741 2376 2770 in-

1309 2777 1400 2815 sertis,
1419 2785 1555 2808 contenta
1571 2787 1655 2815 prout
1673 2778 1702 2807 in
1716 2778 1820 2809 eisdem
1837 2778 2018 2815 continetur,
2036 2776 2136 2814 sponte
2151 2779 2185 2809 ὅ(
2199 2778 2288 2808 libere
2305 2788 2374 2809 una-

1307 2817 1424 2847 nimiter
1446 2817 1561 2847 nemine
1577 2816 1750 2854 discrepante
1765 2841 1775 2854 ‚
1801 2817 1830 2846 in
1851 2816 2000 2847 Praesentia
2016 2815 2085 2846 dic'ti
2099 2815 2243 2854 Johannis
2254 2817 2373 2848 Gaudon

1307 2853 1343 2884 N
1346 2855 1426 2885 orarii
1446 2855 1538 2893 Regis
1557 2855 1590 2886 &
1607 2853 1762 2886 Commissi
1779 2855 1884 2893 praefati
1900 2853 2091 2923 aclfohannis
2103 2854 2246 2895 Broffardi
2258 2855 2370 2887 Publici

1307 2893 1488 2925 Auctoritate
1512 2892 1680 2931 Apostolici
1695 2894 1728 2924 &
1746 2892 1922 2924 Venerabilis
1965 2892 2123 2923 raematialis
2140 2895 2174 2924 ὅ(
2191 2893 2370 2931 Metropoli-

1305 2940 1377 2963 tanae
1392 2931 1490 2963 Curiae
1498 2931 1673 2963 Bituricensis
1687 2932 1805 2963 Notarii
1816 2933 1906 2971 jurati
1920 2955 1930 2971 ‚
1949 2932 1982 2963 ad
1998 2932 2055 2962 hoc
2090 2941 2120 2962 er
2135 2932 2205 2962 Nos
2217 2932 2369 2969 specialiter

1305 2981 1477 3002 vocatorum
1492 2994 1502 3009 ‚
1528 2971 1687 3003 Voluerunt
1702 2994 1712 3010 ,
1738 2971 1955 3008 Laudaverunt‚
1975 2970 2043 3001 Rati
2078 2977 2229 3007 caverunt,
2247 2969 2369 3001 Confir-

1304 3018 1455 3041 maverunt
1476 3009 1510 3041 &
1533 3010 1791 3048 Approbaverunt‚
1813 3009 1998 3047 voluntque,
2017 3007 2163 3045 Laudant,
2182 3007 2370 3047 Ratifficant‚

1305 3048 1490 3079 Confirmant
1510 3049 1542 3080 &
1564 3049 1736 3087 Appi-ebant
1751 3073 1760 3086 ‚
1786 3058 1900 3079 necnon
1922 3048 1968 3079 illa
1981 3047 2096 3078 Tenere
2113 3046 2147 3076 &
2163 3045 2322 3078 Observare
2337 3049 2369 3079 in

1302 3088 1431 3119 futurum
1451 3087 1642 3118 Promiserunt
1657 3111 1666 3125 ,
1688 3087 1792 3126 absque
1817 3096 1919 3117 eorum
1935 3086 2024 3124 aliqua
2039 3082 2250 3124 Restritstione‚
2268 3085 2370 3117 secun-

1302 3127 1374 3160 dum
1392 3127 1516 3156 formam
1531 3128 1564 3156 &
1579 3134 1708 3157 tenorem
1724 3127 1752 3156 in
1767 3126 1829 3163 iplis
1845 3125 1977 3156 Articulis
1990 3123 2200 3161 contentos,&
2215 3134 2301 3161 prout
2314 3134 2366 3163 per

1297 3169 1358 3207 jam
1373 3165 1460 3195 didlas
1477 3165 1583 3195 Literas
1598 3165 1666 3194 dieti
1682 3164 1807 3195 Domini
1824 3164 1910 3193 nostri
1925 3161 2017 3199 Regis
2031 3161 2090 3191 fieri
2105 3162 2308 3201 mandabatur,

1338 3204 1434 3242 Atque
1456 3203 1602 3234 Praemissa
1624 3202 1693 3233 Nos
1713 3202 1859 3242 Johannes
1879 3199 1958 3231 Salut
1982 3200 2196 3231 Locumtenens
2217 3200 2368 3233 Generalis

1301 3244 1473 3283 praedictus,
1493 3242 1523 3270 in
1539 3250 1676 3280 quantum
1694 3242 1722 3271 iri
1739 3241 1837 3271 Nobis
1852 3239 1894 3270 est
1909 3262 1919 3277 ,
1938 3238 2098 3276 Volumus,
2113 3238 2315 3270 Ratifficamus
2329 3241 2364 3271 &

1301 3282 1504 3320 Approbarnus
1517 3303 1526 3318 ,
1549 3289 1632 3316 atque
1654 3279 1702 3311 Illa
1717 3279 1876 3312 Observare
1891 3279 1923 3309 &
1940 3277 2113 3309 Iiitertenere
2126 3277 2315 3310 Promisitnus
2328 3279 2364 3311 &-

1299 3321 1498 3352 Promittimus
1513 3329 1561 3357 per
1576 3318 1736 3348 Praesentes.

1337 3359 1369 3389 In
1394 3359 1531 3396 Qiorum
1555 3356 1699 3387 Omnium
1720 3358 1754 3388 ὅ(
1775 3355 1963 3393 Singulorum
1978 3353 2081 3385 Fidem
2095 3354 2128 3385 &
2143 3354 2364 3387 Testimonium

1299 3397 1513 3428 Praemiss'orum
1531 3395 1580 3426 has
1602 3395 1709 3424 nostras
1732 3394 1887 3426 Praesentes
1909 3392 2147 3424 Confirmationis
2170 3394 2204 3424 &
2226 3393 2362 3425 Ratis-ica-

1297 3437 1382 3468 tionis
1398 3435 1502 3465 Literas
1518 3443 1567 3471 per
1579 3432 1671 3462 diftos
1687 3432 1813 3463 Gaudon
1837 3434 1870 3463 δε
1891 3431 2030 3462 Broffardi
2053 3430 2195 3462 Notarios
2210 3432 2364 3470 praediCros

1297 3475 1400 3521 lingnari
1418 3471 1596 3503 &subscribi
1616 3471 1735 3501 fecimus
1753 3479 1838 3509 atque
1852 3470 1950 3509 Sigillo
1965 3470 2116 3501 communi
2132 3470 2203 3502 dieti
2223 3469 2361 3504 Baillivia-

1295 3522 1344 3545 tus
1355 3520 1469 3543 muniri.

1332 3589 1446 3620 Datum
1467 3587 1500 3618 &
1524 3585 1634 3617 Adrum
1656 3584 1813 3623 supradit‘hi
1835 3584 1894 3615 Die
1918 3584 2022 3617 Martis
2043 3584 2179 3617 vicesima
2200 3585 2273 3617 seittfi
2286 3586 2357 3617 dieti

1297 3627 1407 3661 Menfis
1429 3625 1530 3663 Aprilis
1544 3648 1555 3664 ‚
1581 3625 1669 3655 Anno
1692 3623 1815 3655 Domini
1839 3622 2017 3664 Millelimo,
2044 3623 2356 3665 Qadringentefim0‚

1295 3664 1493 3705 Nonagesimo
1507 3663 1603 3694 Sexto.

1989 3738 2180 3770 Gaunon
2205 3736 2253 3768 N.

1331 3821 1374 3848 Et
1389 3819 1447 3854 Ego
1460 3817 1606 3856 Johannes
1618 3816 1757 3847 Broflardi
1773 3816 1805 3846 de
1820 3815 1939 3846 Rulliaco
1955 3838 1965 3854 ,
1982 3818 2088 3846 Biturix
2102 3822 2276 3851 commorans,
2295 3815 2353 3845 Pu-

1293 3857 1375 3889 blicus
1394 3857 1557 3885 austeritate
1578 3855 1733 3894 Apostolica‘
1754 3854 1793 3890 ῤ’
1800 3853 1967 3894 βιρναάὶέῖι
1981 3857 2070 3883 curiae
2084 3851 2271 3891 Bituricenfis‚
2289 3853 2353 3882 No-

1293 3900 1382 3926 tarius
1394 3894 1534 3932 Juratus,
1548 3898 1612 3934 quia
1627 3892 1824 3932 Rattfficationi
1839 3892 1878 3928 ῤ’
1890 3891 2091 3931 Approbationi
2106 3901 2139 3919 ac
2151 3889 2213 3920 aliis
2226 3891 2354 3921 Praemis-

1285 3934 1326 3976 fis
1339 3933 1459 3965 omnibus
1471 3932 1510 3968 ό·
1541 3932 1653 3970 ingulis,
1678 3933 1741 3962 dum
1753 3931 1795 3972 fic
1807 3938 1838 3960 ut
1844 3929 2083 3970 siprastribuntur
2098 3927 2268 3966 dicerentur,
2286 3939 2350 3966 age-

1292 3980 1437 4012 renturque
1459 3970 1498 4005 όν
1540 3977 1633 4007 erent,
1651 3970 1707 4000 und
1722 3981 1779 4000 cum
1793 3970 1914 3998 Notario
1926 3970 2005 4004 Regio
2009 3965 2214 4006 fiaeprafignato‚
2226 3966 2346 4006 praefins

1290 4008 1422 4050 interfui,
1436 4020 1519 4057 eaeque
1545 4019 1567 4037 tc
1578 4008 1647 4049 fieri
1667 4008 1729 4038 vidi
1749 4006 1788 4043 ῤ’
1801 4007 1917 4042 audivi,
1933 4005 2028 4035 idcirco
2035 4003 2213 4045 praefi‘ntibus
2225 4006 2243 4024 Ἰ
2259 4007 2343 4034 Lite-
2360 4014 2380 4035 ιι
2400 4018 2471 4051 KH·-

1547 4057 1583 4078 nu
1590 4045 1718 4093 fideliter
1723 4045 1848 4086 firmis,
1864 4047 1973 4083 Signum
1984 4052 2069 4075 meum
2075 4042 2211 4083 publicum
2223 4042 2284 4082 hic,
2301 4051 2343 4071 me
2362 4055 2427 4086 ⁶²8·

1290 4054 1329 4082 rit
1341 4073 1353 4089 ‚
1377 4047 1470 4090 alienq
2281 4080 2350 4111 Ma·
