2555 4266
678 189 789 230 ET
871 187 1134 231 ACTA
1216 184 1694 234 PUBLICA.

0 276 127 311 Ann.D.

20 318 107 356 1483.

0 361 52 385 ιω·
70 365 96 393 3·
149 364 392 411 Reverendzffimo
407 370 438 398 in
460 364 572 410 Christo
591 370 677 400 Patri
695 370 732 405 ά·
754 370 885 400 Domino
902 369 1031 399 Domino
1052 368 1147 398 Petro
1171 363 1211 397 de

194 414 357 462 Mendoga
378 414 538 448 Cardinali
556 415 674 449 Sanetae
692 416 809 449 Crucis
825 415 856 448 in
875 413 1071 447 Hierusalem
1092 425 1129 445 ac
1149 416 1210 445 Ar-

195 463 401 510 cbiepiscopo
427 463 588 498 Toletano
617 464 837 510 Consanguineo
863 460 958 505 nostro
977 459 1120 504 cariffuno
1137 463 1211 494 His-

189 517 357 561 paniarum
371 515 516 546 Primati.

446 600 541 646 Super
555 595 742 640 Ambaffiata
758 595 919 644 Hispania.

1 691 71 724 Ann
93 689 136 720 D.
153 684 439 743 REverendiffime
460 686 490 715 in
509 681 626 713 Christo
639 681 725 712 Pater
745 680 963 721 Consanguinee
978 681 1132 721 carissime,
1150 683 1215 721 post

23 713 109 768 148'3,
225 726 350 757 debitam
366 722 674 758 Commendationem,
693 722 727 752 ὃς
741 730 867 759 optatam
884 720 1010 752 Salutem
1027 722 1160 752 vestram.

1 773 44 800 An
75 777 99 796 1.
192 764 269 795 Miri
287 774 339 794 nos
354 763 498 799 voluptate
512 759 609 789 affecit
622 759 793 790 Venerabilis
810 759 917 791 Orator
937 759 1124 791 Serenii'fimae
1138 764 1218 799 Regi-

47 791 52 796 ·
80 828 87 834 .
157 815 200 832 nae
216 802 353 842 Castellae,
372 803 551 836 Aragonum,
568 799 710 836 Legionis,
729 799 762 828 &
779 797 876 828 Siciliae
911 797 972 834 ὠι-
990 798 1216 839 consanguineae

155 842 261 873 nostrae
277 838 422 871 cariffimae
436 837 584 867 Dominus
597 835 747 873 Gaufridus
761 837 794 866 de
807 822 927 877 Safiola,

194 881 253 919 Qii
263 902 272 917 ‚
287 879 356 908 cum
371 876 454 905 nobis
471 875 623 913 prudenter
633 877 808 914 graviterque
822 876 988 914 Legationis
998 876 1054 907 suae
1072 877 1213 907 simmam

123 941 129 947 .
157 915 381 957 exposuisset,de
394 913 486 944 vestra
502 923 618 951 quoque
633 915 828 945 incolumitate
842 924 874 944 ac
890 915 1018 951 singulari
1034 917 1063 945 in
1076 916 1142 946 Nos
1157 917 1218 946 ani-

134 981 140 986 .
158 967 210 987 mo
221 966 254 985 ac
271 953 465 984 benivolentia
481 953 614 983 certiores
628 952 696 983 Nos
713 953 808 983 vestris
824 953 926 984 Verbis
936 953 1048 992 effecit,

192 993 261 1032 Qia
280 991 397 1031 quidem
413 991 450 1021 de
466 1001 497 1020 re
519 990 675 1027 plurimum
690 991 772 1030 gavisi
793 992 886 1023 sumus
903 1015 912 1030 ,
929 992 1145 1031 curabimusque
1162 1003 1216 1029 pro

155 1032 270 1064 Viribus
290 1040 322 1061 ut
342 1031 412 1060 illius
433 1031 462 1059 in
476 1029 545 1060 Nos
563 1031 682 1068 optim-ae
703 1030 856 1061 voluntatis
871 1030 994 1062 vestram
1007 1030 1218 1063 Reverendiffi-

154 1080 231 1102 mam
245 1069 444 1100 Paternitatem
457 1078 518 1098 non
532 1069 685 1107 pceniteat,
707 1069 806 1107 Qam
821 1070 902 1100 enixe
915 1079 1029 1100 oramus
1045 1071 1118 1100 utin
1132 1079 1218 1108 cepto

174 1109 309 1140 erseveret

153 1120 172 1148 p
189 1148 242 1178 Ob
259 1131 357 1177 eadgar
374 1156 489 1184 quoque
501 1145 611 1184 negotia
622 1170 632 1182 ,
648 1155 770 1184 quorum
784 1147 870 1184 gratia
886 1146 945 1176 huc
958 1146 1036 1177 idem
1050 1146 1158 1192 Orator
1171 1157 1220 1178 ac-

153 1187 233 1217 ceffit
248 1209 257 1222 ,
277 1195 399 1224 quaeque
423 1195 475 1215 vos
499 1194 559 1215 non
580 1185 665 1215 latent
680 1207 690 1223 ,
711 1193 745 1214 ex
766 1186 918 1214 communi
937 1185 1083 1216 Sententia
1108 1187 1219 1216 mature

153 1224 333 1255 conficienda
348 1248 357 1262 ,
391 1223 518 1253 mifimus
539 1222 685 1253 Nobilem
706 1222 808 1252 Virum
830 1224 1003 1252 Rern-ardum
1023 1224 1055 1253 de
1076 1224 1105 1253 la
1127 1223 1220 1262 Forffiz

155 1262 357 1296 Consiliariutn
371 1263 405 1293 ὃς
420 1261 576 1293 Oratorem
592 1260 724 1292 nostrum
740 1260 774 1291 ad
792 1260 986 1292 serenissimos
1002 1262 1150 1301 Principes
1166 1267 1220 1293 Re-

151 1314 213 1341 gem
230 1300 268 1336 ῤ’
282 1304 411 1339 Reginam
426 1299 639 1339 Hispaniarum,

193 1340 346 1377 Rogamus
367 1339 486 1370 eandem
502 1338 704 1369 Paternitatem
725 1337 849 1368 vestram
864 1338 1143 1370 Reverendissimam
1166 1349 1196 1370 ut
1211 1363 1221 1378 ,

156 1380 187 1409 in
206 1379 268 1416 ipsis
287 1379 370 1408 rebus
389 1376 592 1415 conficiendis,
611 1376 744 1407 industria
760 1386 793 1407 ac
810 1377 890 1407 favor
906 1378 1030 1416 ejusdem
1050 1388 1110 1408 non
1130 1377 1220 1409 desint

156 1418 238 1448 disto
264 1417 409 1446 Bernardo
424 1438 434 1454 ,
460 1416 506 1445 cui
533 1415 728 1446 mandavimus
746 1425 776 1446 ut
793 1417 892 1446 omnia
905 1441 915 1454 ,
940 1426 1004 1455 quae
1024 1416 1072 1446 ista
1090 1417 1219 1456 Negotia

156 1465 277 1495 tangunt
292 1478 301 1492 ,
327 1465 396 1485 curn
422 1453 521 1484 eadem
545 1452 634 1483 vestra
654 1454 822 1484 Paternitate
837 1455 939 1485 traetet
957 1455 1069 1493 ejusque
1089 1454 1220 1486 Coniilio

158 1504 268 1531 utatur,
287 1495 333 1524 cui
351 1495 420 1524 item
439 1492 526 1522 fidem
541 1491 601 1522 dari
620 1493 648 1522 in
663 1492 813 1522 Praemisfis
827 1494 974 1531 cupimus,
993 1504 1026 1524 ac
1041 1493 1140 1524 eadem
1159 1494 1220 1524 Re-

158 1532 358 1563 verendisfima
388 1530 543 1560 Paternitas
567 1530 678 1561 did‘tum
705 1531 878 1560 Bernardum
904 1533 937 1563 ὃς
959 1532 1004 1562 sua
1019 1557 1028 1570 ‚
1054 1543 1119 1570 quae
1135 1533 1220 1563 isthic

159 1571 274 1602 aeturus
293 1569 351 1607 est,
370 1568 502 1605 Negotia
519 1568 620 1600 habeat
634 1579 688 1607 pro
707 1569 1007 1610 commendatissimis3
1024 1571 1158 1610 Qaeque
1175 1572 1223 1603 diu

157 1618 192 1640 ac
207 1609 324 1639 feliciter
339 1608 417 1638 vivat
437 1608 470 1639 δε
489 1606 589 1638 valeat.

196 1683 243 1716 Ex
258 1688 384 1717 Civitate
399 1682 491 1723 nostra
506 1683 642 1723 Eboraci,
659 1685 688 1715 ix
704 1684 881 1723 Septembris
902 1685 989 1726 1483.

541 1760 692 1802 Confimiles
706 1763 812 1792 Literae
826 1762 952 1803 Epifiopo
964 1762 1118 1795 Palentino.

486 1905 580 1950 Super
599 1902 681 1937 dista
701 1900 903 1949 Ambaffiata.

11 2003 140 2037 Anno.
201 2001 319 2033 [flustris
337 2009 371 2031 ac
397 1998 554 2038 Magnifice
571 1999 701 2030 Domine
722 1999 940 2037 consanguinee
957 2001 1053 2033 noster
1066 2003 1222 2045 cariffime,

32 2044 120 2083 1483,
211 2038 507 2071 commendationem
528 2038 562 2069 &
579 2037 725 2069 Votorum
741 2037 920 2078 compotem
936 2040 1009 2080 esse,
1027 2043 1088 2073 ὅτε.

9 2086 63 2111 An.
83 2093 107 2111 r.
203 2079 337 2110 Misimus
359 2077 598 2114 inpraesentiarum
623 2076 657 2106 ad
686 2076 882 2108 Sereniffimos
905 2078 1049 2117 Principes
1066 2083 1163 2119 Regem
1186 2081 1225 2118 ὠ·

11 2125 33 2149 R
65 2130 78 2158 3
163 2121 293 2157 Reginam
311 2116 509 2156 Hispaniarum
531 2114 764 2154 consanguineos
785 2116 898 2147 nostros
911 2117 1066 2149 carissimos
1081 2120 1225 2152 Nobilem

163 2156 271 2187 Virum
295 2155 468 2185 Bernardum
490 2154 522 2183 de
545 2152 575 2183 la
599 2153 692 2193 Forffiz
716 2152 916 2186 Confiliarium
940 2158 974 2187 ὃς
997 2157 1152 2190 Oratorem
1171 2170 1227 2191 no-

162 2195 254 2226 strum
269 2217 278 2234 ,
299 2194 335 2224 ad
353 2203 386 2224 ea
402 2192 534 2230 Negotia
551 2192 695 2223 traetanda
710 2216 720 2230 ,
749 2193 784 2224 &
799 2218 808 2230 ,
835 2193 906 2224 Deo
921 2194 996 2225 bene
1006 2198 1122 2234 juvante
1137 2221 1146 2236 ,
1170 2198 1227 2230 fine

161 2234 259 2265 debito
275 2230 450 2264 terminanda
476 2240 541 2269 quae
559 2230 716 2268 speetabilis
739 2230 829 2262 Miles
852 2232 1000 2264 Dominus
1027 2234 1178 2275 Gatffridus
1195 2237 1228 2267 de

160 2271 286 2311 Safiola,
313 2269 500 2302 Sereniffimae
528 2268 668 2299 Dominae
691 2268 891 2312 Hispaniarum
916 2272 1040 2310 Reginae
1066 2275 1228 2314 nostraeque

163 2310 394 2349 Consanguineae
411 2307 558 2338 cariffimae
577 2306 684 2338 Orator
699 2307 907 2348 diiertiffimus,
931 2313 1014 2343 nobis
1033 2313 1090 2351 ejus
1107 2316 1228 2345 nomine

162 2348 304 2387 exposuit,
321 2357 386 2387 quae
404 2346 504 2378 Nobis
518 2356 551 2377 ac
567 2346 677 2386 Regnis
692 2345 796 2377 nostris
813 2348 955 2387 utrimque
972 2351 1122 2388 profutura
1138 2353 1228 2391 spera-

164 2398 246 2425 mus,
553 2424 559 2429 ‚

201 2426 281 2464 Qae
308 2425 423 2464 quidem
447 2421 483 2454 N
519 2430 576 2454 otia
591 2447 600 2461 ,
623 2424 662 2454 ne
679 2433 732 2454 vos
748 2424 868 2456 laterent
882 2448 892 2463 ‚
917 2427 1114 2460 mandavimus
1132 2428 1227 2461 'eidem

164 2464 308 2495 Bernardo
324 2464 357 2494 de
379 2462 409 2493 Ia
429 2431 522 2502 Forffiz
543 2463 643 2500 (quern
658 2472 711 2493 vos
725 2462 820 2501 probe
839 2463 940 2502 nostis)
961 2474 992 2497 ut
1006 2476 1038 2497 ea
1055 2469 1155 2498 omnia
1174 2479 1228 2499 vo-

162 2503 274 2535 biscum
291 2502 538 2539 communicaret,

201 2541 353 2581 Rogamus
371 2541 466 2578 itaque
482 2550 535 2571 vos
550 2563 559 2577 ,
580 2539 801 2579 Qnsanguinee
819 2541 976 2580 cariffime,
993 2552 1025 2575 ut
1043 2554 1103 2575 non
1122 2546 1230 2576 minori

163 2580 248 2611 vobis
263 2589 341 2610 curae
361 2579 414 2610 smt
429 2580 492 2609 haec
511 2577 608 2609 nostra
620 2578 709 2616 quam
724 2578 797 2609 olim
814 2580 972 2612 clariffimae
992 2584 1142 2614 memoriae
1161 2585 1185 2614 F
1186 2595 1231 2616 ra-

163 2620 214 2649 tris
231 2618 318 2648 nostn‘
335 2618 449 2657 negotia
465 2617 597 2656 fuerunt,

202 2655 376 2688 Verecunde
405 2656 484 2687 enim
515 2655 574 2685 hoc
597 2656 692 2685 oneris
716 2655 817 2687 vestrae
839 2657 1041 2695 Spelitabilitati
1067 2660 1230 2700 imponere-

165 2705 248 2734 muS,
265 2695 347 2725 nullis
362 2695 515 2732 praesertim
533 2694 640 2724 meritis
656 2693 756 2724 nostris
773 2694 802 2725 id
819 2696 1000 2733 poscentibus
1016 2722 1026 2735 ,
1053 2699 1102 2729 nisi
1120 2700 1229 2737 praefati

167 2734 303 2764 Oratores
320 2733 354 2764 ad
371 2734 429 2763 hoc
447 2742 499 2763 nos
516 2731 671 2762 incitaffent
685 2755 696 2771 ,
717 2734 746 2763 in
769 2733 852 2772 seque
869 2736 1036 2773 recepissent
1054 2739 1153 2769 omnia
1172 2749 1228 2769 vo—

167 2772 211 2802 bis
227 2781 305 2810 grata
321 2772 382 2803 fore
399 2781 464 2808 quae
481 2770 674 2801 scriberemus.

204 2810 302 2841 Porro
324 2810 344 2840 fi
371 2809 440 2848 quid
465 2819 481 2838 a
498 2809 582 2839 nobis
597 2808 656 2840 fieri
671 2810 774 2846 poterit
791 2811 823 2840 in
840 2811 965 2843 vestrum
983 2812 1070 2845 decus
1092 2814 1125 2846 &
1144 2825 1230 2845 orna-

165 2857 316 2885 mentum,
335 2848 371 2878 ad
389 2847 418 2877 id
434 2857 486 2877 nos
541 2856 616 2877 ratos
633 2848 789 2886 promptos
803 2859 839 2879 ue
854 2851 916 2881 fore
933 2852 1114 2889 pollicemur.
1152 2854 1227 2884 Feli-

164 2889 236 2917 citer
260 2886 363 2925 diuque
389 2885 480 2916 valete
516 2885 615 2916 flustris
632 2895 665 2915 ac
682 2859 991 2925 MagnfficeDomine
1006 2890 1229 2929 Consanguinee

163 2924 304 2956 carissime
320 2937 330 2963 'a
355 2923 415 2954 Cui
429 2934 481 2954 nos
499 2923 666 2962 dictumque
683 2926 857 2955 Bernardum
869 2950 879 2964 ,
897 2930 944 2958 cui
962 2929 1047 2959 etiarn
1064 2930 1152 2961 fidem
1167 2931 1227 2962 dari

164 2964 297 3002 cupimus
315 2964 345 2993 in
360 2961 526 3000 Praemiffis,
544 2962 628 2992 etiam
645 2971 729 3000 atque
748 2964 835 2994 etiam
853 2967 1101 2998 commendamus.

198 3039 246 3070 Ex
260 3043 386 3071 Civitate
400 3038 491 3080 nostra
503 3038 642 3079 Eborum,
662 3039 708 3071 die
720 3039 832 3071 decima
845 3040 1020 3080 Septembris
1042 3045 1127 3084 1483.

555 3115 725 3148 consimiles
737 3116 842 3148 Literae
857 3122 953 3151 comiti
966 3120 998 3150 de
1013 3123 1115 3160 Leryn.

0 3274 2 3283 ι
16 3270 35 3289 ο
50 3269 120 3297 xri.
452 3257 480 3283 ἓξ
506 3259 564 3294 Ad
576 3263 686 3308 Regem
705 3262 940 3309 Hispaniarum.

18 3318 97 3376 ,ἱζέ-
111 3343 154 3374 D·
221 3350 389 3384 Eteniffimo
406 3361 439 3383 ac
459 3350 662 3384 Potentiffimo
679 3352 808 3393 Principi
829 3355 999 3386 Ferdinando
1014 3379 1024 3394 ,
1047 3355 1107 3387 Dei
1120 3358 1227 3397 gratia,

35 3385 125 3424 1483-
227 3391 346 3430 Castellae
356 3416 366 3429 ,
384 3394 527 3430 Legionis,
541 3395 720 3430 Aragonum,
738 3402 771 3423 ac
787 3393 902 3431 Siciliae,
920 3394 980 3429 &a
998 3398 1081 3434 Regi,
1098 3395 1227 3427 Consan-

0 3427 70 3490 Ιέη-
91 3432 116 3450 ¹-
166 3429 272 3473 guineo
282 3429 388 3498 (11].οῇῐο
404 3429 563 3469 cariffimo,
580 3430 732 3470 Ricardus,
747 3431 808 3462 Dei
821 3433 923 3472 gratia,
942 3434 1004 3465 &c.
1022 3434 1148 3466 Salutem
1162 3437 1226 3474 plu-

15 3482 92 3540 lssfja’
164 3477 599 3546 riuffirgibssfflicint.pmdememque
617 3506 722 3539 Virum
742 3509 917 3539 Bernardum
936 3511 967 3540 de
991 3510 1019 3540 la
1041 3510 1152 3551 Forffiz,
1168 3523 1224 3544 no-

0 3541 82 3575 lB¹bL
166 3543 256 3575 strum
280 3543 478 3575 Confiliarium
502 3544 666 3577 fidisfimurn
679 3568 690 3585 ‚
720 3547 824 3579 vestrae
849 3549 880 3579 in
905 3548 1055 3581 Praesentia
1079 3552 1225 3583 Serenitati

0 3582 139 3614 *Barian-
169 3581 343 3613 mittendum
354 3582 502 3620 duximus,
706 3592 708 3594 ’

15 3623 148 3657 39.b.18·
202 3621 228 3651 Is
252 3619 382 3650 nostram
399 3628 534 3663 ‘mentem
556 3620 742 3661 nostramque
765 3623 954 3656 Voluntatem
980 3627 1008 3656 in
1032 3626 1085 3657 hiis
1103 3627 1222 3666 Rebus,

0 3671 2 3673 >
9 3661 62 3699 fil.
80 3671 145 3699 245-
162 3659 204 3690 ob
232 3668 299 3697 quas
323 3656 514 3702 confierendas
538 3658 728 3692 Serenisfimae
746 3660 887 3692 Dominae
903 3664 1098 3703 Hispaniarum
1115 3669 1223 3704 Reginae

161 3696 263 3729 vestrae
282 3695 430 3726 Consortis
448 3697 636 3733 pudicissimae
652 3721 663 3737 ,
688 3699 850 3737 nostraeque
871 3701 1100 3740 consanguineae
1118 3706 1222 3735 carissi—

162 3745 221 3767 mae
237 3757 247 3774 ,
270 3735 417 3766 Dominus
437 3736 500 3763 Gau
535 3735 588 3764 ‘dus
605 3736 771 3768 fortissimus
797 3738 885 3768 Miles
906 3741 1083 3780 ejusdemque
1101 3743 1223 3782 Reginae

161 3775 271 3805 Orator
286 3772 474 3804 disertisfimus
497 3811 502 3816 ⁸
528 3774 592 3803 obis
611 3775 667 3812 ejus
684 3777 804 3807 nomine
822 3777 941 3815 copiose
955 3780 1164 3820 prudenterque
1179 3791 1223 3812 re—

161 3813 275 3852 tulerit,
287 3811 387 3843 vestrae
407 3810 554 3842 Seremtati
569 3820 713 3849 aperturus
729 3814 788 3852 est,

200 3850 281 3882 Eum
295 3851 450 3881 clementer
463 3850 649 3893 ‚benigneque
664 3851 759 3881 audiat
774 3874 784 3890 ‚
803 3853 885 3890 eique
904 3853 1006 3885 Fidem
1023 3855 1071 3888 det
1085 3881 1096 3897 ,
1121 3859 1151 3888 in
1169 3858 1220 3888 hiis

161 3897 228 3926 quae
252 3889 353 3919 nostro
371 3887 508 3918 Nomine
524 3888 618 3918 eidem
634 3888 780 3920 Serenitati
797 3892 897 3921 vestrae
915 3892 990 3924 dicet
1005 3918 1015 3931 ,
1043 3905 1076 3925 ac
1105 3897 1221 3926 brevem

161 3927 197 3957 &
220 3927 343 3957 celerem
366 3926 586 3970 Expeditionem
610 3927 640 3957 in
665 3926 717 3957 hiis
745 3932 946 3961 communibus
972 3931 1112 3971 Negotiis
1129 3934 1219 3966 vestra

162 3963 300 3996 Serenitas
314 3965 397 3996 faciat
415 3966 522 3996 mirum
539 3974 569 3994 m
587 3963 725 4002 modum,

198 4001 351 4039 Rogamus
373 4007 463 4041 porro
488 4003 509 4033 si
535 4002 626 4034 vestra
652 4014 668 4033 a
692 4003 775 4034 nobis
792 4004 927 4037 Serenitas
945 4009 1099 4047 quicquam
1118 4020 1196 4049 petet
1211 4034 1220 4048 ,

158 4039 240 4080 quod
258 4050 312 4078 pro
329 4051 361 4071 m
377 4043 424 4072 hic
442 4043 537 4073 facere
557 4042 689 4079 possimus
704 4066 714 4085 ,
739 4041 768 4072 id
785 4043 884 4076 libenti
902 4047 999 4078 animo
1017 4048 1170 4089 faciemus,
1187 4051 1220 4081 ὃ(

159 4079 254 4148 nultra
271 4078 477 4148 Sl‘e‘ressitiildiu
491 4081 664 4119 feliciterque
682 4089 765 4112 vivat.

216 4128 266 4150 om.
307 4141 314 4149 .
357 4140 363 4147 .
430 4141 436 4148 .

2238 215 2317 256 137

1288 270 1406 302 Eboraci
1425 273 1615 319 Duodecim
1632 277 1692 309 Die
1719 279 1914 319 septembris,
1939 281 2027 314 Anno
2046 282 2169 315 Domini
2189 285 2308 318 Miner„
2327 281 2404 313 Anu·
2421 281 2464 314 D,

1251 318 1321 346 ¹1¹0,
1342 311 1646 354 Quadringentenmo‚
1662 317 1852 357 Oe'togesimo
1871 321 1962 351 tertio.
2328 323 2444 397 &1:439

1667 441 1724 474 Ad
1739 445 1892 490 Reginam.

1252 521 1478 583 SErenisfimae
1499 521 1637 553 Dominae
1655 525 1829 557 Elizabethae
1844 552 1854 567 ,
1881 530 1938 561 Dei
1958 532 2043 569 grati&
2061 555 2070 570 2
2095 534 2236 574 Casfffllae2
2252 538 2311 566 Le-
2336 534 2411 565 Ann.
2421 533 2464 566 D.

1307 564 1392 599 giom's
1406 583 1416 598 ,
1441 564 1618 598 Arrago÷.¹um
1631 585 1640 599 ,
1669 564 1813 604 Siciliaeque
1827 590 1835 604 7
1860 568 1919 602 (ic.
1939 571 2045 607 Reginae
2057 594 2066 606 ,
2085 574 2310 613 Consanguineae
2351 574 2439 613 1483.

1251 599 1356 668 ἓφίζτκ
1367 601 1530 636 carislimae,
1544 601 1693 638 Ricardus,
1708 603 1807 632 eadem
1822 607 1925 645 gratia,
1945 607 2006 638 &c.
2023 609 2144 640 Salutem
2159 606 2310 649 pltirimam
2330 615 2383 639 An.
2402 622 2426 641 ¹-

1274 647 1330 668 icit.
2330 654 2360 677 R.
2381 660 2408 679 ··.

1294 675 1402 707 Vestrae
1421 676 1581 707 Serenitatis
1601 676 1729 715 Literas,
1748 687 1812 714 quae
1834 680 1936 712 Nobis
1955 683 2100 720 perdulces
2119 689 2312 724 perjucundae-
2330 671 2396 716 ibid'.

1255 725 1310 751 que
1325 714 1454 751 fuerunt,
1472 714 1619 746 Dominus
1637 713 1786 755 Gaufridus
1801 717 1832 747 de
1845 719 1953 757 Saffiola
1974 721 2060 752 Miles
2075 724 2194 762 ejusdem
2212 727 2312 758 vestrae

1255 754 1416 784 Serenitatis
1435 753 1542 784 Orator
1560 755 1641 784 nobis
1656 756 1823 793 jamdudum
1843 759 1978 796 reddidit,

1293 792 1372 831 Quae
1390 793 1426 822 ab
1443 802 1479 822 eo
1499 794 1619 831 graviter
1638 794 1846 832 prudenterque
1864 797 1947 826 nobis
1962 797 2055 828 vestro
2073 798 2208 831 Nomine
2227 812 2314 841 expo-

1255 829 1303 861 sita
1321 832 1399 868 sunt,
1414 840 1445 860 ea
1465 832 1562 860 omnia
1579 831 1646 862 laeto
1664 832 1850 870 jocundoque
1866 836 1964 865 animo
1982 837 2158 876 audivimus,

1293 869 1326 899 In
1343 870 1478 899 omnibus
1497 870 1572 899 enirn
1589 871 1644 900 suae
1665 871 1825 909 legationis
1843 874 1965 909 partibus
1983 874 2130 905 mirificam
2149 887 2247 908 veram
2266 890 2316 910 ve-

1256 907 1319 938 strae
1338 907 1496 939 Serenitatis
1514 909 1543 938 in
1564 908 1634 939 Nos
1652 908 1873 941 Benivolentiam
1891 913 2002 952 egregie
2020 914 2185 946 ostendebat
2196 939 2205 954 ,
2232 927 2318 955 quan-

1257 947 1334 984 tique
1350 957 1402 977 nos
1420 945 1520 977 fecerit
1538 948 1586 976 vix
1602 948 1712 986 verbis,
1728 957 1759 978 ut
1777 948 1862 988 dixit,
1881 953 1979 989 erequi
1999 953 2111 989 potuit,

1296 984 1417 1024 Agimus
1434 995 1585 1024 propterea
1601 986 1703 1017 vestrae
1723 986 1869 1019 Serenitati
1887 988 2000 1021 Gratias
2017 992 2146 1030 ingentes
2158 1016 2168 1031 ,
2183 1002 2216 1023 ac
2234 995 2322 1025 maxi-

1259 1032 1317 1052 mas
1336 1033 1403 1061 quas
1419 1033 1504 1061 agere
1523 1023 1670 1062 possumus
1689 1025 1853 1065 referimus,

1294 1061 1368 1093 Sane
1391 1061 1481 1100 siquid
1507 1063 1535 1092 in
1562 1062 1656 1094 nostra
1682 1063 1824 1095 potestate
1845 1066 1899 1096 erit
1912 1089 1922 1104 ,
1947 1066 2025 1104 quod
2045 1077 2094 1104 per
2115 1068 2261 1108 Negotia,
2279 1070 2320 1100 ob

1258 1108 1323 1137 quae
1341 1100 1519 1131 conficienda
1533 1101 1626 1132 didius
1644 1101 1744 1132 vestrae
1759 1102 1920 1134 Serenitatis
1935 1105 2041 1135 Orator
2056 1106 2113 1136 huc
2131 1109 2258 1145 accessit,
2277 1108 2322 1139 fe-

1257 1138 1340 1169 licem
1354 1137 1535 1176 faustumque
1553 1141 1658 1170 exitum
1674 1142 1807 1180 consequi
1822 1143 1948 1181 valeant,
1963 1146 2137 1174 Bernara'um
2151 1147 2182 1174 de
2195 1145 2224 1175 la
2237 1149 2319 1176 Fors-

1249 1175 1287 1215 Jiz
1307 1177 1437 1207 nostrum
1457 1177 1658 1209 Consiliarium
1676 1179 1884 1220 Oratoremque
1901 1181 1936 1212 ad
1952 1183 2074 1213 vestram
2090 1185 2273 1215 serenitatem
2290 1187 2321 1216 in

1259 1214 1411 1246 Praesentiff
1427 1218 1576 1254 mittimus,

1299 1252 1331 1283 In
1350 1254 1404 1283 hiis
1416 1276 1426 1291 ,
1454 1264 1518 1292 quae
1536 1257 1562 1285 ei
1581 1257 1609 1285 in
1628 1254 1771 1287 Mandatis
1788 1255 1917 1288 dedimus
1934 1267 1965 1289 ut
1983 1258 2084 1290 vestrae
2104 1259 2250 1291 Serenitati
2267 1272 2322 1292 no-

1258 1290 1315 1321 stro
1335 1291 1466 1322 Nomine
1485 1292 1599 1330 reserat,
1618 1294 1700 1325 facile
1720 1305 1787 1325 eum
1804 1296 1912 1334 audiat,
1930 1297 2089 1336 Fidemque
2105 1300 2129 1328 ei
2148 1301 2263 1337 perinde
2278 1310 2321 1332 at-

1259 1339 1315 1368 que
1332 1331 1416 1361 etiam
1435 1330 1604 1369 Rogamus,

1296 1367 1334 1399 Et
1347 1391 1357 1406 ,
1383 1369 1402 1398 si
1426 1371 1493 1408 quid
1517 1370 1564 1400 hic
1592 1371 1622 1400 iit
1649 1371 1726 1409 quod
1745 1371 1834 1402 vestra
1854 1373 1993 1404 Serenitas
2009 1374 2078 1405 Nos
2093 1386 2146 1413 pro
2161 1386 2194 1407 ea
2211 1375 2319 1407 facium

1259 1407 1338 1444 cupit
1355 1429 1364 1442 ,
1384 1407 1412 1439 id
1430 1410 1544 1445 optimo
1563 1410 1660 1439 animo
1680 1420 1733 1439 nos
1751 1411 1922 1442 effee‘turum
1942 1413 2132 1452 pollicemur,
2151 1415 2324 1452 persuadeat-

1259 1455 1314 1483 que
1332 1445 1382 1474 fibi
1401 1445 1492 1476 vestra
1512 1447 1647 1478 Serenitas
1667 1449 1788 1478 maxime
1807 1450 1927 1480 velimus
1944 1461 1996 1481 nos
2016 1451 2122 1489 semper
2140 1455 2198 1491 ejus
2213 1453 2323 1484 Hono-

1257 1485 1295 1552 Es
1311 1492 1397 1552 atSque
1416 1483 1521 1528 Laudis
1537 1485 1751 1517 studioiisfimos
1767 1487 1847 1526 fore,
1865 1490 1898 1520 &
1916 1492 2056 1521 aetermim
2074 1492 2148 1522 bene
2164 1491 2254 1523 valeat
2272 1503 2323 1523 ve-

1287 1531 1316 1551 ra
1355 1531 1479 1553 erenitas.

1299 1598 1415 1628 Eboraci
1430 1598 1618 1630 Duodecimo
1635 1601 1681 1631 die
1695 1600 1883 1640 Septembris,
1905 1603 1994 1635 Anno
2012 1604 2136 1636 Domini
2153 1606 2323 1648 Millefimo,

1262 1635 1568 1678 Quadringentesimo,
1585 1638 1774 1679 Oetogesimo
1789 1643 1883 1672 tertio.

1503 1770 1552 1801 De
1570 1769 1706 1800 Licentia
1720 1779 1775 1815 pro
1794 1771 1881 1802 Duce
1897 1771 2079 1815 Norffiilciae.

1260 1851 1388 1910 REX
1410 1853 1559 1891 omnibus,
1577 1853 1612 1884 ad
1628 1863 1714 1892 quos,
1729 1853 1789 1884 δῖε.
1804 1854 1938 1885 Salutem.
2347 1860 2474 1893 AnnD,

1352 1891 1449 1923 Sciatis
1464 1893 1543 1931 quod
1561 1892 1647 1930 Nos,
1666 1892 1701 1922 de
1714 1892 1814 1923 Gratia
1829 1894 1925 1924 nostra
1940 1893 2065 1932 speciali,
2085 1896 2118 1926 &
2135 1896 2169 1926 ad
2184 1897 2321 1928 humilem
2365 1901 2450 1941 1483.

1261 1927 1503 1968 Supplicationem
1518 1930 1647 1962 Carisimi
1661 1930 1871 1969 consanguinei
1886 1932 2028 1971 Johannis
2048 1938 2131 1964 Ducis
2147 1936 2320 1975 Norffilciae,
2344 1945 2394 1967 Aa.
2414 1950 2438 1967 1.

1261 1965 1461 2000 Concessimus
1477 1970 1511 1999 &
1532 1970 1689 2000 Licentiam
1706 1970 1847 2001 Dedimus
1863 1972 1955 2001 etiem
1975 1971 2194 2010 consanguineo
2211 1975 2321 2013 nostro,
2341 1983 2369 2006 R.
2400 1988 2425 2014 3.

1257 2007 1342 2043 quod
1364 2009 1373 2037 i
1396 2010 1421 2038 se
1435 2031 1444 2045 ,
1468 2018 1517 2045 per
1542 2008 1580 2038 Se
1596 2032 1606 2048 ,
1630 2019 1676 2039 aut
1704 2008 1840 2039 Faeores
1855 2033 1865 2047 ,
1893 2011 2076 2048 Armrnaros,
2092 2012 2136 2042 seu
2157 2013 2317 2050 Deputatos
2339 2021 2424 2045 Fran.
2446 2025 2471 2046 1.

1259 2044 1322 2075 suos
1335 2068 1344 2083 ,
1395 2056 1496 2077 'enmm
1514 2046 1603 2078 Dolia
1621 2046 1691 2077 Vini
1705 2069 1716 2084 ,
1743 2047 1779 2077 de
1797 2046 1957 2079 Crescentia
1976 2048 2073 2086 Regni
2089 2050 2175 2080 nostri
2194 2052 2322 2082 Francize
2341 2060 2369 2082 R.
2396 2065 2420 2092 3.
2435 2064 2475 2084 m.

1263 2084 1297 2114 &
1326 2083 1496 2116 Ducatuum
1521 2086 1685 2116 nostrorum
1712 2085 1907 2117 Normanniae
1931 2089 1965 2118 ὃς
1991 2089 2191 2125 Aequi220niae
2208 2112 2218 2128 ,
2236 2092 2323 2130 quim
2346 2103 2389 2129 25.

1262 2123 1377 2153 aliarum
1394 2124 1520 2155 Partium
1539 2134 1785 2163 quarumcumque
1803 2149 1812 2162 ‚
1841 2127 1870 2155 in
1898 2125 2026 2157 Partibus
2053 2127 2163 2158 Exteris
2180 2139 2273 2159 emere
2292 2131 2325 2160 &

1263 2162 1437 2201 providere,
1465 2164 1499 2193 &
1523 2173 1555 2193 m
1575 2164 1613 2193 fic
1633 2173 1726 2201 empta
1745 2165 1779 2195 &
1800 2163 1908 2201 provisa
1923 2166 1952 2194 in
1973 2175 2154 2203 quacumque
2169 2166 2249 2198 Navi
2268 2168 2326 2199 five

1264 2201 1491 2239 quibuscumque
1506 2201 1641 2233 Navibus
1658 2202 1716 2232 libe
1732 2202 1868 2239 placuerit
1884 2203 1921 2232 de
1938 2202 2068 2234 Partibus
2088 2204 2214 2235 Franciae
2225 2229 2235 2245 ,
2255 2206 2327 2236 His-

1266 2240 1359 2276 paniae
1371 2263 1380 2278 ,
1396 2239 1547 2270 Britanniae
1559 2265 1569 2278 ,
1595 2243 1614 2261 ³*
1641 2240 1698 2271 five
1718 2242 1833 2271 aliarum
1853 2241 1981 2272 Partium
2001 2241 2169 2273 Exterarum
2188 2253 2324 2281 quarum-

1266 2287 1393 2315 cumque
1407 2302 1418 2318 ,
1443 2279 1515 2309 infra
1537 2290 1628 2309 unum
1650 2280 1769 2310 Annum
1797 2281 1933 2317 proximo
1955 2281 2118 2319 sequentem
2137 2282 2203 2319 post
2219 2282 2329 2315 Datam

1265 2314 1450 2348 Praesentium
1467 2340 1476 2356 ,
1504 2317 1649 2355 eskippare
1661 2342 1670 2354 ,
1688 2328 1722 2348 ac
1741 2328 1772 2348 ea
1790 2319 1818 2347 in
1838 2317 1974 2357 Regnum
1993 2319 2128 2350 nostrum
2147 2321 2259 2359 Angliae
2278 2322 2330 2353 ad-

1266 2354 1372 2385 ducere
1388 2378 1397 2392 ,
1419 2365 1507 2393 eaque
1526 2357 1635 2387 ibidem
1652 2357 1794 2393 vendere,
1812 2357 1859 2386 vel
1877 2358 1954 2387 aliter
1972 2357 2085 2388 libitum
2104 2358 2186 2389 suum
2204 2360 2272 2390 inde
2286 2361 2329 2392 fa·—

1267 2403 1333 2424 cere
1358 2394 1446 2425 valeat
1464 2395 1540 2425 licite
1558 2397 1591 2426 &
1610 2396 1730 2432 impune
1746 2418 1756 2432 ,
1778 2395 1812 2425 &
1829 2395 1933 2433 absque
1950 2397 2128 2434 impetitione
2145 2398 2191 2429 seu
2206 2400 2328 2437 impedi-

1268 2442 1369 2463 mento
1403 2432 1507 2463 Nostri
1540 2442 1585 2464 aut
1616 2433 1833 2465 Officiariorum
1861 2434 1906 2464 seu
1933 2433 2137 2465 Ministrorum
2164 2437 2330 2469 nostrorum

1267 2481 1542 2510 quorumcumque,
1557 2473 1653 2510 aliquo
1669 2472 1798 2509 Statuto,
1815 2472 1891 2502 Aen
1909 2495 1918 2510 ,
1935 2472 2142 2512 Ordinadone,
2158 2474 2206 2505 seu
2221 2475 2333 2507 Restri-

1269 2511 1385 2548 ffione,
1404 2513 1432 2540 in
1454 2512 1632 2541 contrarium
1653 2511 1754 2549 saetis,
1777 2509 1914 2541 ordinatis
1928 2535 1939 2549 ,
1961 2512 2007 2542 seu
2027 2512 2146 2550 provlfis
2162 2537 2172 2551 ‚
2190 2515 2220 2544 in
2235 2515 2330 2554 aliquo

1266 2558 1327 2579 non
1341 2548 1531 2588 obstant-ibus,

1306 2585 1426 2618 Proviso
1447 2587 1558 2625 semper
1580 2587 1660 2626 quod
1682 2587 1782 2618 Nobis
1802 2585 1838 2617 de
1858 2586 2005 2618 Custumis
2020 2613 2030 2626 ,
2056 2588 2211 2627 Subfidiis‚
2226 2591 2261 2622 &
2274 2591 2333 2622 aliis

1268 2624 1416 2664 Deveriis,
1434 2626 1534 2656 Nobis
1554 2636 1607 2664 pro
1627 2626 1708 2658 Vinis
1732 2626 1874 2665 praedic'iis
1894 2627 2014 2666 debitis,
2030 2625 2150 2660 fideliter
2163 2630 2331 2668 respondea-

1267 2673 1327 2702 tur,
1345 2673 1376 2695 ut
1389 2663 1430 2694 est
1444 2664 1560 2702 justum.

1302 2702 1337 2734 ln
1355 2703 1450 2742 cujus,
1468 2704 1530 2734 &c.

2347 2247 2366 2267 *¹
2384 2248 2456 2277 xri.

2349 2295 2415 2324 203.

1303 2779 1394 2812 Teste
1408 2779 1492 2819 Rege
1505 2779 1580 2818 apud
1597 2778 1870 2821 Westmonasterium,
1887 2779 2011 2813 secundo
2025 2782 2072 2813 die
2091 2782 2239 2815 Oc'iobris.

1771 2859 1826 2888 Per
1838 2860 1930 2888 Breve
1944 2857 1976 2888 de
1989 2860 2108 2888 Privato
2123 2858 2225 2896 Sigillo.

1509 3002 1606 3047 Super
1622 3003 1742 3047 Magno
1758 3000 1861 3047 sigillo
1878 2998 2089 3034 Deliberando.

1264 3088 1467 3151 MEMOR
1478 3096 1498 3116 Α
1507 3095 1528 3116 N
1540 3094 1590 3116 Du
1600 3094 1626 3116 Μ
1640 3108 1650 3123 ,
1673 3085 1767 3125 quod,
1792 3085 1953 3116 Duodecimn
1975 3089 2029 3116 Die
2054 3086 2154 3128 Mensis
2180 3087 2319 3125 OHobris,
2341 3079 2417 3110 Anti.
2436 3082 2478 3114 D.

1361 3131 1448 3157 Anno
1459 3129 1543 3162 Regni
1557 3128 1668 3154 Domini
1680 3125 1796 3156 Ricardi
1816 3124 1904 3163 Regis
1922 3125 2012 3155 Tertii
2019 3129 2123 3163 primo,
2140 3126 2208 3155 idem
2224 3129 2320 3155 Danit-
2363 3121 2447 3159 1483.

1266 3177 1316 3196 nus
1328 3170 1387 3196 Rex
1402 3164 1551 3194 mandavit
1563 3165 1676 3192 Literas
1689 3164 1756 3202 sitas
1776 3162 1895 3200 mrffivar
1907 3165 2025 3192 Privato
2038 3167 2144 3200 Signeto
2156 3163 2207 3201 sico
2213 3164 2318 3203 figilla-
2338 3163 2390 3186 Aa.
2412 3169 2437 3187 ¹·

1265 3212 1310 3234 tas
1342 3201 1493 3234 Venerabili
1519 3204 1598 3231 Patri
1619 3202 1747 3240 johanni
1771 3201 1913 3240 Episcopo
1940 3201 2130 3232 Lincolnienii
2153 3203 2320 3233 Canceilarro
2339 3201 2367 3223 R.
2392 3207 2420 3233 3-

1267 3243 1396 3280 Angliae,
1412 3245 1442 3271 in
1454 3240 1547 3281 quibus
1565 3243 1638 3270 inter
1652 3241 1710 3268 alia
1725 3240 1912 3270 continebatur
1928 3240 2003 3281 quod
2016 3240 2086 3268 idem
2100 3243 2231 3269 Domtmes
2247 3246 2317 3271 Can-
2336 3235 2424 3270 olaus,
2447 3244 2474 3265 Ι·

1263 3281 1404 3318 cellarius,
1421 3280 1453 3310 ob
1471 3277 1596 3316 d1versa5
1617 3278 1710 3318 causas
1727 3278 1811 3317 ipsam
1824 3281 1971 3308 Dominum
1985 3281 2081 3315 Regem
2093 3288 2247 3317 moventes,
2260 3281 2317 3322 post
2336 3277 2355 3299 R
2387 3283 2412 3310 3-

1263 3319 1352 3358 vistim
1370 3323 1530 3349 Literarum
1553 3317 1677 3348 Domini
1697 3318 1786 3355 Regis
1802 3317 1995 3355 praedzciarum
2010 3339 2019 3353 ,
2042 3319 2176 3359 Magnum
2199 3322 2321 3356 Sigillum

1257 3359 1339 3398 sirum
1352 3362 1381 3387 in
1396 3354 1641 3397 Custodiapraefati
1655 3359 1766 3386 Domini
1780 3355 1942 3385 Camellani
1951 3355 2078 3392 existens,
2089 3356 2177 3393 salvi]
2198 3356 2236 3391 ὠ·
2247 3357 2322 3397 [ἕω-

1264 3398 1294 3426 νέ
1308 3407 1337 3426 eo
1351 3398 1428 3426 citiin·
1442 3406 1491 3435 quo
1504 3395 1633 3424 commode*
1641 3399 1742 3431 poterit
1755 3395 1838 3423 eidem
1855 3393 1989 3423 Domino
2004 3392 2079 3431 Regi
2090 3398 2226 3432 mitteret,

1300 3439 1382 3473 Super
1399 3446 1449 3476 quo
1467 3434 1536 3463 idem
1554 3432 1697 3463 Dominus
1718 3432 1905 3463 Cancellarius
1918 3438 2006 3469 Juxta
2020 3434 2162 3462 Alandata
2173 3433 2240 3463 dich
2256 3437 2317 3464 Do-

1264 3477 1330 3503 mini
1355 3477 1433 3511 Regis
1454 3475 1508 3502 Die
1524 3470 1612 3509 Jovr's
1627 3494 1636 3509 ,
1659 3470 1786 3500 videlicet
1798 3493 1807 3508 ,
1834 3473 1942 3499 Decimo
1953 3471 2035 3507 sexto
2056 3473 2110 3500 Die
2133 3472 2201 3501 diiii
2215 3474 2318 3512 Menſss

1263 3512 1386 3542 Oblobris
1395 3535 1404 3550 ,
1421 3516 1490 3541 cirta
1503 3512 1610 3539 Horam
1621 3511 1784 3539 undecimam
1796 3516 1862 3537 ante
1874 3509 2002 3543 Nonam,
2015 3511 2045 3537 in
2059 3509 2226 3550 Praesentia,
2239 3511 2269 3539 Vl
2283 3514 2318 3541 11-

1262 3552 1349 3582 lielmi
1363 3550 1459 3581 Kellet
1473 3548 1567 3578 Clerici
1580 3552 1657 3577 unius
1672 3548 1831 3577 clericorum
1844 3544 1959 3584 ejusdem
1979 3547 2155 3577 Cancellariae
2164 3572 2174 3587 ,
2192 3549 2316 3580 &alfridi

1260 3590 1380 3620 Simeon
1397 3587 1507 3621 clerici,
1524 3586 1638 3617 Ricardi
1653 3585 1725 3615 Esoe
1741 3585 1835 3614 clerici
1853 3588 1962 3614 Coronae
1977 3585 2314 3626 Canc221ariaepraedic‘zae,

1258 3627 1298 3663 ὠ·
1315 3627 1466 3657 Willielmi
1483 3625 1517 3654 N
1519 3625 1604 3655 anson
1613 3648 1622 3662 ,
1640 3623 1678 3658 ὠ·
1692 3623 1805 3653 aliorum
1814 3621 1990 3660 plurimorum
2006 3626 2078 3662 apud
2086 3627 2168 3654 Vetus
2180 3624 2315 3662 Tmolum

1258 3666 1376 3696 London
1389 3687 1398 3702 ‚
1420 3670 1449 3694 in
1467 3663 1585 3702 quadam
1609 3672 1707 3697 magna
1727 3661 1788 3690 alta
1813 3664 1927 3690 camera
1945 3662 2042 3691 ibidem
2057 3663 2146 3700 juxta
2163 3666 2314 3694 Gardinum

1258 3705 1380 3742 Sigillum
1387 3703 1546 3741 praedii-Yam
1558 3704 1587 3729 in
1599 3699 1718 3740 quadam
1732 3698 1813 3735 Baga¹
1833 3700 1864 3728 de
1879 3699 1941 3728 albo
1953 3704 2028 3730 Corio
2041 3701 2167 3738 inclusum*
2175 3724 2184 3738 ,
2200 3700 2238 3735 ὠ·
2253 3705 2312 3740 8ῑὲ-

1257 3752 1320 3773 neto
1338 3741 1413 3781 ipsius
1429 3743 1541 3770 Domini
1562 3737 1722 3767 Cancellarii
1737 3759 1746 3774 ,
1764 3740 1892 3774 Figuram
1903 3738 2017 3778 Aquilae
2029 3739 2310 3778 cm11571.’7;2e,fig¹'l·¹a-

1257 3782 1290 3811 τά
1324 3781 1457 3810 Roberto
1472 3776 1620 3808 Blackwall
1635 3775 1735 3804 clerico
1746 3779 1794 3805 uni
1805 3775 1963 3806 clericorum
1978 3777 2153 3806 Cancelc'ariae
2161 3779 2314 3819 primii-0¹32,

1257 3804 1329 3849 dil't‘o
1345 3818 1480 3848 Domino
1498 3815 1588 3853 Regi,
1606 3821 1637 3843 ut
1646 3817 1844 3852 praemittitur,
1857 3815 2026 3854 deferendum)
2041 3816 2234 3854 Derbcravit,

1295 3858 1383 3897 Quod
1393 3856 1496 3896 quidem
1510 3851 1631 3890 Sigillum
1645 3874 1654 3889 ,
1673 3860 1704 3881 ut
1713 3856 1909 3891 praemittitur,
1920 3854 2058 3892 fignatum
2072 3861 2134 3882 tunc
2149 3854 2261 3892 ibidem,
2277 3858 2309 3886 in

1257 3895 1408 3935 Praefi’ntia
1435 3892 1574 3922 anteduila
1588 3913 1598 3928 ,
1618 3891 1687 3919 idem
1709 3890 1851 3922 Robertus
1866 3892 2014 3922 Blackwall
2027 3891 2064 3921 ab
2076 3894 2130 3930 ipso
2143 3893 2277 3923 Camella,
2283 3899 2310 3924 io

1256 3938 1365 3972 recepit,
1384 3930 1421 3966 &¹
1435 3931 1506 3960 illud
1516 3933 1544 3958 in
1558 3932 1638 3966 Baga
1647 3929 1780 3966 praediaa
1789 3929 1830 3970 fic
1837 3930 1948 3969 fignata
1960 3952 1969 3966 ,
1988 3933 2018 3959 in
2033 3929 2111 3958 Villa
2123 3931 2155 3959 de
2167 3933 2308 3972 Graustun

1256 3973 1352 4002 decimo
1365 3980 1432 4000 nono
1445 3972 1497 3998 Die
1511 3966 1626 4006 eusdem
1640 3967 1742 4007 issensis
1754 3969 1893 4004 Offlobris,
1911 3972 1980 3997 circa
1996 3970 2103 3996 Horam
2117 3970 2308 4001 Duodecimum

1255 4009 1369 4049 ejusdem
1392 4011 1456 4037 Diei
1470 4030 1479 4043 ‚
1504 3978 1542 4041 g«
1554 4010 1582 4035 in
1595 4006 1714 4044 quadam
1727 4009 1841 4035 camera
1857 4013 1958 4035 vocata
1971 4006 1995 4035 la
2012 4005 2126 4045 Kynges
2139 4007 2289 4040 Chamber
2298 4033 2309 4048 ,

1255 4051 1332 4087 infra
1352 4045 1504 4084 Hospitium
1525 4044 1557 4072 de
1579 4043 1604 4073 le
1627 4044 1736 4081 Angel,
1757 4047 1787 4073 in
1801 4043 1966 4083 Praesentia,
1983 4044 2179 4075 Venerabilium
2192 4049 2310 4077 Patram

1252 4087 1280 4125 J,
1301 4082 1534 4125 WygornieniiS,
1550 4081 1604 4113 W.
1622 4081 1838 4153 Dunelmegsis,
1857 4083 1917 4114 Th.
1937 4081 2138 4123 Menevenlis,
2152 4083 2192 4120 ό·
2208 4085 2248 4153 l}
2258 4087 2312 4116 As-

2251 4133 2320 4154 ven-
