2555 4266
2 317 44 338 in.
57 306 100 337 D.

0 714 103 749 mn.
123 707 180 762 R

0 879 61 898 vanc.
80 877 104 897 1.

23 917 47 944 3.
66 917 102 936 m.

0 955 22 974 ι.

17 1136 87 1165 ΧΠ.

0 1183 42 1210 ²7·

738 219 847 260 ET
932 215 1188 259 ACTA
1271 182 1740 259 PtissLICA.

115 315 162 339 aut
180 307 275 345 aliquo
295 303 420 341 statuto,
444 303 541 342 Aecu,
566 303 770 343 Ordinarione,
796 303 979 342 Provffione,
996 303 1041 336 vel
1060 302 1172 334 Restri-

119 347 233 383 (stione,
245 346 279 388 'in
291 343 466 374 contrarium
480 344 577 382 fastis,
592 354 650 374 non
665 344 850 375 obstantibus.

155 383 250 453 'IInegg
252 382 429 458 1lsfegsseccapud
445 419 716 460 Wstmonasterium‚
734 419 909 451 duodecimo
924 416 970 447 die
985 416 1067 447 Maii.

587 500 640 527 Per
654 501 746 528 Breve
761 497 793 525 de
807 497 925 525 Privato
941 491 1040 530 Slgillo.

136 622 186 654 De
208 618 395 663 Abstinentia
417 622 535 653 Guerrae
554 621 630 652 inter
650 620 758 665 Regem
781 618 818 654 (3-
845 617 962 649 Ducem
982 617 1150 648 Britannice.

182 705 298 744 Ichard,
316 715 364 744 par
377 705 401 735 13
415 714 497 745 grace
509 704 545 735 de
559 703 636 734 Dieu
646 725 656 740 ,
673 705 728 742 Roy
741 701 936 740 d'Angleterre
958 699 996 735 ό·
1015 700 1047 730 de
1066 702 1174 729 Fruun-

200 757 244 782 ce,
258 747 291 776 &
303 747 426 782 Seigneur
442 741 588 780 d'Irland,
605 751 621 772 a
637 750 700 772 tous
716 750 805 779 ceux,
821 742 870 779 qui
887 750 933 771 ces
950 740 1088 778 presentes
1102 738 1174 769 Let-

60 813 68 821 ,
123 789 178 812 tr&
195 791 310 814 verront
325 792 365 812 ou
378 789 496 818 orront,
511 780 597 811 Salut.

159 824 259 852 Savoir
265 819 370 860 fatfims
386 828 441 857 que
450 842 459 855 ‚
727 857 732 862 ¹

159 860 219 890 Pur
233 860 259 890 le
271 859 392 890 Honeur
405 857 438 887 &
456 855 625 887 Reverence
638 855 674 886 de
692 855 770 887 Dieu
785 856 879 887 nostre
893 855 1044 893 Createur,
1061 855 1094 886 &
1109 864 1125 884 a
1136 853 1176 884 fin

124 896 160 926 de
175 898 262 929 evitet
275 895 412 928 l'effufion
424 894 463 925 du
475 894 548 933 Sang
564 895 680 926 Human
690 917 700 932 ‚
718 897 751 926 &
764 904 853 926 autres
868 904 947 933 grans
959 894 1057 924 Maulx
1073 894 1106 925 &
1122 891 1178 922 Pe-

126 936 204 967 chies
219 936 266 972 qui
281 944 329 973 par
345 932 476 970 l’Exploit
489 932 525 962 de
539 932 651 964 Guerre
666 933 693 963 se
710 943 812 970 peuent
828 941 997 964 commetter
1023 933 1056 964 &
1074 940 1179 961 execu-

126 982 189 1012 ter,
207 971 399 1010 Cognoiffans
415 971 441 1001 le
454 971 521 1002 Bien
535 972 568 1002 ὃ(
582 971 687 1002 Utilite
703 973 749 1009 qui
761 982 809 1009 par
829 972 854 1002 le
871 971 985 1010 Moyen
999 969 1034 1001 de
1048 970 1122 1000 Peax
1145 969 1178 999 &

128 1011 303 1044 Abstinence
317 1009 353 1041 de
368 1009 479 1040 Guerre
497 1010 604 1041 s'ensuit
617 1021 632 1041 a
648 1010 672 1041 la
685 1009 780 1041 Chose
795 1009 950 1049 Publique,
965 1019 1017 1047 pur
1035 1017 1080 1039 ces
1101 1006 1179 1037 Cau-

126 1051 166 1081 ses
178 1050 211 1081 &
225 1057 314 1080 autres
328 1048 362 1079 ad
376 1058 430 1079 ceo
442 1048 529 1078 Nous
544 1057 698 1086 mouvans,

163 1088 263 1118 Avons
285 1086 438 1125 aujourduy
459 1087 535 1123 Fait,
553 1086 696 1124 Treiffie,
711 1085 807 1125 Ptins,
834 1087 867 1118 &
889 1085 1180 1127 Accorde-avecques

128 1125 279 1157 Treshault
293 1127 326 1157 &
343 1128 358 1142 *
377 1123 502 1155 Puissant
515 1124 616 1156 Prince
630 1125 724 1155 nostre
736 1126 887 1157 Treschier
902 1126 934 1156 &
959 1124 1095 1153 Trelame
1117 1121 1180 1150 Co-

127 1164 144 1195 s
158 1175 176 1194 n
194 1168 320 1194 Francois
341 1167 397 1193 Duc
414 1164 447 1193 de
463 1167 610 1200 Bretaigne
623 1187 632 1200 ‚
656 1174 729 1201 pour
748 1163 804 1194 Lui
819 1186 830 1202 ,
853 1173 899 1194 ces
916 1162 1061 1192 Hommes
1076 1183 1086 1197 ‚
1109 1159 1180 1189 Vas-

137 1203 216 1240 aulis,
242 1202 359 1239 Feaulx,
376 1201 524 1241 Subgettes
539 1224 549 1239 ,
572 1203 606 1231 δε
625 1202 778 1232 Serviteuts
790 1202 857 1232 d’un
871 1201 954 1231 Part-e
970 1222 979 1237 ,
1003 1201 1036 1230 ὃς
1052 1199 1128 1228 Nous
1146 1198 1179 1228 ὃς

125 1241 164 1272 les
179 1240 302 1271 Nostres
317 1240 438 1275 d'autre,
460 1241 529 1271 Seur
542 1239 620 1270 Estat
630 1263 640 1278 ,
658 1241 784 1274 Treues,
797 1241 829 1270 ὃς
846 1239 1020 1270 Abstinence
1034 1237 1070 1266 de
1084 1236 1181 1266 Guer-

124 1278 452 1349 ἓῖίἑῖἓῗέΞῗῇΠῗκῗ-ἱζῖ
466 1277 700 1357 &ime-3⁰35?
713 1278 1181 1355 {ssisssszplssssss‘ssfflssjni'efflss

136 1364 255 1386 tvement

118 1356 148 1397 s
166 1394 205 1426 Et
221 1381 404 1425 Promettons
420 1403 490 1432 que,
506 1393 606 1424 durant
619 1392 646 1424 le
666 1402 756 1432 temps
771 1393 808 1424 de
825 1393 850 1424 la
868 1391 909 1423 dit
927 1392 1023 1423 Treue
1041 1390 1073 1420 δε
1088 1388 1184 1419 Absti-

128 1443 219 1464 nence
236 1432 272 1462 de
291 1432 417 1468 Guerre,
437 1432 524 1462 Nous
540 1441 578 1462 ne
596 1432 690 1462 ferons
707 1432 756 1463 fair
775 1443 823 1470 par
843 1431 946 1470 Nous,
964 1439 1022 1460 noz
1040 1428 1184 1465 Subgetz,

128 1482 164 1502 ne
181 1480 271 1516 autres
288 1480 397 1501 aucune
413 1469 564 1507 Hostium,
581 1468 782 1514 Moles’fation,
801 1469 1012 1505 Perturbation,
1028 1476 1067 1496 ou
1084 1465 1184 1496 Dom-

128 1520 239 1617 {2552
250 1508 602 1586 sffffiss’dlss‘pfffsz
617 1507 749 1585 ’ἓὲΐξὲῗέ
765 1519 808 1577 ἐξ
819 1507 1065 1584 ᾇὶῗὲἱέἒέξὲἕ
1079 1514 1186 1581 «ζυῖἑὲ

139 1594 181 1616 oit

165 1608 255 1662 A'uffy
267 1631 323 1658 que
335 1621 373 1653 lec
388 1622 515 1661 Subgetz
527 1622 611 1653 d’une
623 1622 705 1653 Parte
716 1624 749 1654 &
762 1621 866 1652 d'autre
879 1628 1014 1660 pourront
1030 1618 1186 1656 Aller,Ve-

127 1662 189 1697 nir,
209 1663 242 1694 ὃς
262 1661 440 1699 Frequenter
463 1660 741 1692 Merchaundement
760 1670 788 1690 es
814 1659 959 1698 Roymes,
977 1659 1064 1697 Pais,
1087 1658 1120 1689 &
1140 1657 1186 1688 O·

127 1700 282 1731 beiffances
295 1699 381 1729 d'une
397 1699 477 1729 Parte
493 1709 510 1729 a
524 1699 618 1729 l’autre
635 1700 668 1731 &
684 1701 810 1737 ailleurs,

165 1738 203 1768 Et
222 1748 285 1768 tous
304 1737 534 1774 Ambaffadeurs‚
552 1736 737 1777 Messaigers,
755 1738 789 1768 &
806 1736 950 1767 Transmis
965 1736 1001 1767 de
1019 1736 1077 1766 l'un
1096 1734 1186 1765 Partie

126 1787 163 1807 en
181 1777 275 1807 l'autre
291 1799 300 1811 ,
327 1775 429 1807 Armes
447 1787 486 1806 ou
503 1776 652 1806 Desarrnes
671 1777 726 1807 aufi
746 1786 801 1813 que
820 1775 878 1805 leur
897 1775 966 1804 serra
983 1773 1130 1805 neceffaire
1147 1783 1186 1803 ou

127 1813 308 1853 prouffitable
337 1824 407 1851 pour
425 1815 449 1844 la
469 1814 567 1845 Seurte
585 1814 676 1845 d’eulx
694 1825 732 1845 ou
750 1815 786 1844 de
803 1813 874 1843 leur,-
892 1813 972 1844 Biens
990 1815 1023 1844 ὃς
1042 1812 1186 1849 Navitas,

127 1859 266 1890 pourtont
283 1875 292 1889 ,
316 1852 416 1883 durant
437 1853 476 1884 les
501 1852 543 1883 dit
560 1853 670 1883 Treues
687 1853 720 1884 &
738 1852 910 1882 Abstincnce
927 1852 962 1882 de
981 1850 1092 1881 Guerre
1103 1874 1112 1888 ‚
1136 1860 1185 1894 par

130 1891 230 1927 Meer,
250 1900 296 1928 par
314 1890 422 1929 Terre,
440 1900 490 1928 par
509 1890 643 1928 Riviere,
660 1893 693 1922 &
712 1891 801 1921 Eaues
819 1891 951 1928 doulces,
972 1890 1066 1928 Aller,
1083 1889 1186 1926 Venit,

128 1930 279 1967 Sejourner
295 1950 305 1964 ,
327 1929 360 1959 &
386 1928 569 1965 Demourer,
594 1939 621 1959 es
645 1928 716 1960 Paiis
739 1931 771 1959 ὅ(
789 1928 973 1959 Obeissances
995 1928 1032 1957 de
1049 1927 1185 1958 chascune

128 1969 176 1998 des
193 1967 262 1998 dites
280 1966 400 2003 Partim,
426 1977 496 2004 pour
510 1967 668 2006 Besongner
688 1978 715 1998 es
733 1966 935 2005 Ambaffades,
959 1965 1125 2005 Messaiges‚
1152 1967 1186 1997 &

130 2005 337 2037 Commiffions
350 2007 399 2043 qui
416 2004 474 2036 leur
488 2006 581 2036 seront
599 2007 748 2036 commises
761 2007 794 2037 &
809 2005 972 2044 ordeignees
985 2004 1020 2036 de
1034 2005 1089 2034 l’un
1117 2003 1186 2034 Par-

129 2046 168 2075 tie
185 2046 216 2075 &
231 2044 266 2074 de
279 2044 389 2082 l'autre,
403 2044 437 2074 &
451 2044 514 2074 eulx
527 2054 562 2074 en
578 2043 741 2074 Retourner
753 2054 788 2074 en
804 2044 862 2074 leur
875 2044 982 2079 Partie,
997 2052 1082 2081 quant
1093 2042 1114 2072 il
1128 2042 1187 2073 leur

130 2084 231 2121 plaira,
250 2082 416 2112 Seurement
433 2083 466 2113 &
481 2082 665 2120 Sauvement,
684 2083 740 2113 sans
751 2083 816 2120 qu'il
832 2083 890 2113 leur
905 2082 957 2112 soit
970 2081 1115 2120 Besoigner
1129 2081 1186 2111 d'a-

132 2122 195 2151 voir
220 2129 295 2150 autre
318 2120 389 2150 Sauf
408 2119 538 2151 Conduit
560 2131 596 2151 ne
623 2121 730 2151 Suettie
742 2122 806 2151 d’un
823 2120 914 2151 Partie
927 2131 962 2150 ne
975 2121 1095 2156 d’autre,
1115 2121 1184 2149 mais

131 2161 284 2229 {ementem
311 2159 396 2196 qu'ilz
417 2158 576 2190 monstrent
595 2168 691 2197 porter
710 2160 819 2190 Lettres
837 2170 876 2190 ou
895 2158 1050 2196 Meffiiges
1074 2158 1109 2188 de
1130 2158 1187 2189 l’un

157 2199 239 2229 attia
264 2198 365 2227 'autre-

170 2235 303 2266 Pourveu
322 2221 409 2270 qu³ilz
426 2245 464 2266 ne
480 2236 588 2274 feront,
604 2236 817 2273 machineront‚
834 2235 1070 2274 pourchaseront,
1094 2245 1132 2266 ne
1148 2243 1190 2266 at-

133 2281 306 2312 tempteront
324 2272 419 2304 Chose
437 2274 638 2313 Prejudieiable
656 2285 673 2306 a
691 2275 794 2313 Nous,
809 2285 881 2305 nous
896 2275 938 2305 dit
953 2273 1039 2313 Paiis,
1065 2275 1098 2306 ὃ(
1116 2274 1191 2305 Sub-

154 2322 200 2343 etz

133 2323 153 2352 g
171 2335 283 2382 Tc'mtes
305 2350 339 2381 &
361 2350 499 2381 chescune
524 2351 563 2382 les
592 2352 696 2390 quelles
714 2352 820 2382 Choses
836 2361 923 2382 avons
939 2350 1052 2381 Promis
1067 2351 1100 2381 &
1119 2350 1192 2381 Pro-

137 2398 261 2420 mettons
274 2411 283 2425 ,
311 2398 348 2418 en
375 2389 471 2419 bonne
489 2390 550 2429 Foy
567 2391 601 2422 &
620 2389 703 2420 Parol
720 2390 756 2420 de
771 2390 839 2430 Roy
854 2412 864 2426 ,
888 2391 922 2420 &
945 2389 989 2420 sur
1007 2389 1102 2420 nostre
1124 2389 1192 2419 Ho-

137 2438 207 2458 neur
219 2452 228 2465 ‚
254 2426 396 2457 Observer
408 2451 417 2464 ,
443 2427 570 2466 Garder,
594 2429 627 2459 δε
644 2428 802 2459 Entretenir
819 2428 1048 2458 inviolablement
1064 2439 1079 2459 a
1097 2428 1192 2458 nostre

136 2467 178 2496 dit
194 2466 286 2505 Coufin
295 2487 304 2502 ,
323 2466 359 2496 de
376 2467 456 2502 point
471 2476 507 2496 en
521 2468 617 2504 point,
634 2465 766 2505 selonque
780 2467 804 2498 13
818 2467 940 2498 Fourme
953 2468 986 2498 ὃς
1000 2466 1119 2497 Teneur
1130 2467 1194 2496 des-

135 2504 177 2535 sus
196 2504 351 2541 continue,
368 2504 469 2534 durant
491 2505 517 2535 le
535 2505 577 2535 dit
598 2513 706 2543 temps,
726 2505 785 2536 sans
800 2505 867 2535 faire
888 2515 927 2535 ou
945 2507 1025 2536 venir
1044 2515 1080 2535 ne
1102 2505 1194 2535 suffrir

137 2542 214 2587 estre.
231 2542 280 2572 fait
300 2551 348 2579 par
370 2552 444 2573 nous
462 2542 503 2574 dit
523 2543 648 2582 Subgetz
669 2554 707 2574 ne
720 2553 809 2582 autres
823 2554 858 2574 au
873 2543 1024 2575 Contraire
1036 2553 1072 2574 en
1091 2544 1194 2574 ascune

139 2590 280 2617 mamere,

175 2618 212 2648 Et
231 2628 284 2655 que
302 2617 388 2649 Nous
404 2618 500 2649 ferons
517 2619 543 2649 le
559 2619 601 2650 dit
619 2619 691 2651 Sure
706 2619 817 2658 Estate,
839 2620 966 2658 TreueS,
988 2620 1021 2651 δε
1042 2619 1195 2651 Abstinen-

79 2665 85 2671 ·
140 2667 175 2688 ce
193 2656 229 2687 de
246 2655 358 2687 Guerre
375 2657 512 2689 duement
527 2657 640 2689 Publier
659 2668 695 2689 en
714 2658 818 2690 dedens
833 2658 859 2689 le
870 2659 980 2689 Primer
991 2659 1064 2697 Jour
1077 2659 1113 2690 de
1123 2659 1195 2696 Juil-

0 3158 128 3191 Ann.D.

23 3199 110 3238 1484.

0 3242 48 3266 An.
72 3247 95 3264 ι.

0 3281 28 3304 R.
50 3286 75 3313 3.

0 3318 58 3342 Par.
88 3322 111 3340 ι.

0 3357 27 3381 R.
39 3358 127 3389 3.p.4.

0 3400 33 3418 m.
55 3400 96 3418 12.

0 3428 57 3466 tors-

140 2695 188 2726 let.

179 2733 222 2764 En
235 2733 373 2772 tesmoign
388 2733 423 2764 de
436 2743 470 2764 ce
485 2733 573 2765 Nous
585 2745 674 2766 avons
686 2746 732 2766 ces
746 2735 804 2766 dite
815 2734 955 2767 presentes
967 2735 1068 2773 Signes
1079 2735 1115 2766 de
1131 2745 1197 2766 nos-

141 2779 184 2802 tre
199 2771 335 2810 Maigne,
350 2772 384 2803 &
398 2772 446 2803 fait
457 2772 533 2803 seller
548 2774 585 2805 de
600 2773 696 2804 nostre
707 2774 789 2805 Seell.

177 2846 288 2877 Donne
304 2858 339 2877 en
353 2847 438 2888 nostre
453 2848 555 2889 castell
566 2850 598 2880 de
617 2848 745 2895 Pontfrer
754 2873 764 2888 ,
779 2850 806 2880 le
820 2851 867 2887 viij
879 2850 951 2890 Jour
965 2850 1001 2881 de
1009 2850 1096 2890 Juing
1106 2874 1116 2889 ,
1130 2850 1196 2882 l'An

140 2885 176 2916 de
189 2885 285 2916 Grace
303 2886 359 2916 Mil
369 2910 378 2922 ,
394 2886 585 2927 Qatrecens,
606 2888 831 2927 Qatrevingtz,
846 2891 879 2921 &
894 2899 1007 2928 quatre,
1024 2891 1058 2922 &
1074 2889 1110 2920 de
1130 2899 1197 2920 nos-

141 2933 183 2955 tre
196 2924 298 2963 Regne
310 2924 336 2955 le
350 2924 470 2956 Primer.

536 3060 649 3092 Contra
670 3062 803 3094 Piratas.

146 3146 282 3205 REX,
301 3145 419 3178 Dileeto
441 3147 475 3178 &
495 3147 585 3178 Fideli
605 3147 655 3179 suo
675 3147 781 3179 Thomae
803 3151 861 3190 Lye
882 3151 930 3181 uni
946 3150 1125 3183 Servientum
1146 3161 1200 3183 no-

225 3186 346 3216 strorum
358 3186 392 3216 ad
407 3185 512 3224 Arma,
530 3186 663 3217 Salutem.

183 3225 260 3263 Quia
279 3224 376 3267 datum
397 3223 438 3253 est
461 3225 560 3255 Nobis
580 3226 701 3263 intelligi
723 3225 803 3264 quod
825 3226 951 3257 nonnulli
967 3227 1078 3258 Subditi
1095 3228 1199 3267 nostri,

145 3270 226 3292 more
247 3262 372 3292 Piranco
392 3261 596 3299 Frequentantes
620 3263 718 3301 Mare,
737 3265 884 3295 nonnullas
905 3265 1063 3296 Naviculas
1078 3266 1199 3297 P1scat0-

144 3299 1003 3382 &gautenias’osaissss‘nOssfflssfssafle-zsiti
1022 3304 1199 3374 9⁰¹³{ffg5³·

894 3354 903 3370 1
1058 3354 1086 3372 Vl
1135 3355 1153 3374 Π
1167 3354 1197 3374 er

145 3384 294 3415 ceperunt,
312 3376 488 3407 Intendentoe
505 3377 542 3408 de
555 3377 705 3414 Navibus,
723 3379 868 3418 Piscibus,
886 3382 919 3412 &
937 3352 1044 3411 caetgreis
1058 3380 1142 3412 Bonis
1163 3383 1197 3413 ita

145 3415 232 3451 captis
246 3414 389 3453 disponere
404 3424 457 3452 pro
469 3414 577 3446 suarum
592 3415 672 3447 libito
686 3417 890 3456 Voluntatum‚
904 3420 932 3448 in
949 3421 1106 3449 maximum
1120 3420 1197 3450 Prae-

140 3452 403 3522 ,Eicdffiurgbffberi-
418 3452 594 3484 Intercursfis
614 3454 855 3487 Mermdisarum
878 3458 1011 3495 utrinque
1032 3456 1199 3490 Continuati

215 3500 244 3520 iu
318 3499 405 3522 ervat1

180 3528 267 3572 Nos,
282 3513 551 3572 Nolentesdichm
563 3531 751 3561 Intercursum
762 3532 858 3571 aliquo
872 3532 963 3564 modo
987 3532 1076 3565 Infrin
1097 3536 1104 3564 i
1145 3535 1197 3565 As-

143 3567 311 3606 fignawmus
323 3567 490 3610 tib-tibique
502 3569 536 3599 ad
550 3569 613 3613 hoc.
621 3569 772 3607 plenariam
788 3571 994 3602 Auecoritatem
1020 3574 1053 3604 &
1094 3559 1197 3604 oiesta-

142 3615 202 3637 tem
225 3603 461 3647 Commrmmus,
476 3605 512 3636 ad
534 3606 568 3636 In
588 3607 735 3638 uirendum
754 3618 819 3646 quae
842 3610 876 3640 ὅ(
889 3619 960 3646 quot
972 3609 1072 3641 Naves
1087 3614 1197 3649 quanti-

139 3653 197 3682 que
221 3643 348 3685 Numeri
377 3642 411 3672 δε
434 3642 545 3674 Valoris
593 3645 659 3675 isces
688 3646 847 3684 hujusmodi
869 3649 942 3684 capti
965 3647 1050 3686 sunt,
1075 3651 1196 3688 ipsasque

142 3682 258 3719 Nava,
276 3680 386 3723 Pisce35,
404 3680 437 3710 &
455 3684 554 3711 caetera
572 3681 651 3712 Bona
667 3684 696 3712 in
714 3692 776 3714 tuto
794 3683 1022 3724 Reponendum,
1041 3687 1085 3718 seu
1121 3688 1140 3718 fi
1159 3691 1195 3719 ita

140 3720 242 3788 ‘melius
268 3718 410 3749 videbitur
424 3740 435 3756 ,
465 3718 586 3756 pristinis
606 3719 814 3752 Poffefforibus
839 3723 1008 3761 integraliter
1030 3711 1195 3757 Res'iituen-

162 3768 211 3789 um

176 3783 264 3827 Et'de
276 3793 456 3826 Nominibus
468 3793 628 3832 Captorum
646 3795 693 3826 seu
706 3796 861 3827 Piratarum
887 3796 1047 3837 hujusmodi
1070 3802 1139 3834 Nos
1160 3803 1194 3833 &

141 3832 308 3865 Concilium
322 3832 450 3864 nostrum
466 3834 636 3870 quamtotius
652 3832 893 3872 Cenificandum,

142 3908 149 3915 ⁶
175 3871 306 3910 Ipsosque
327 3869 519 3903 Arestandum
536 3892 546 3908 ,
565 3869 762 3915 Capiendum,
786 3872 1036 3914 1ncarcerandum,
1060 3877 1195 3909 Personas

139 3917 178 3940 ita
189 3910 375 3940 inhumaniter
389 3917 481 3945 captas
496 3907 587 3946 plenae
602 3909 738 3939 Libertau
756 3909 971 3942 Restituendum
981 3935 990 3950 ,

177 3946 344 3985 Caeteraque
365 3946 559 3983 Faciendum,
580 3945 815 3984 Exercendum,
834 3949 866 3978 &
891 3949 1106 3990 Expediendum
1129 3965 1193 3993 quae

137 3983 173 4015 ad
189 3983 446 4022 Complernentum
455 3984 575 4023 Justitiae
590 3986 618 4015 in
632 3985 684 4015 hac
700 3994 777 4023 parte
791 3987 936 4019 necessaria
952 3989 1136 4031 videbuntur;

178 4023 291 4053 Damus
300 4031 412 4062 autem,
429 4025 490 4056 &c.
860 4033 868 4040 “

177 4060 212 4091 In
226 4061 321 4099 cujm,
336 4062 397 4092 &c.

120 4109 124 4112 ⁴
174 4098 267 4131 Teste
281 4098 363 4138 Rege
376 4099 450 4136 apud
464 4099 735 4141 Wstmonasterium,
757 4099 872 4132 decimo
888 4110 969 4133 nono
981 4103 1026 4134 die
1035 4103 1124 4142 Junii.

210 4141 286 4170 Tom-
302 4140 335 4170 V.
353 4139 387 4168 Ρ.
399 4141 460 4170 ΙΙΙ.

2199 237 2279 279 147

2276 307 2355 338 Ann.
2369 307 2411 340 D.·

2308 346 2401 390 *1484

2284 389 2336 412 ch.
2356 394 2369 420 3
2376 407 2383 412 .

1394 385 1422 411 ἒξ
1445 390 1674 423 conventionum
1697 393 1870 440 Portugaliae
1891 393 2084 441 Approbatio.
2285 422 2305 440 ,ς
2326 423 2395 451 XH-

2288 460 2356 486 228.

1293 472 1351 522 R.
1413 473 1472 523 R.
2324 495 2383 537 Η

1222 585 1417 639 RIcardus,
1436 584 1497 616 Dei
1517 586 1622 631 gratia,
1647 589 1710 630 Reae
1725 588 1836 632 Angliae
1857 590 1895 625 &
1918 594 2056 632 Franciae,
2081 596 2115 626 &
2137 600 2267 629 Domina
2286 606 2338 631 Aa·
2355 608 2385 632 2:

1299 624 1455 668 Hrbermae,
1481 625 1614 656 omnibus
1640 626 1674 657 δε
1692 627 1823 665 lingulis,
1844 629 1881 658 ad
1902 639 1974 667 quos
1999 632 2142 669 praesentes
2168 636 2270 669 Literae
2286 646 2313 669 R.
2339 651 2365 679 3.

1219 668 1416 700 pervenermt,
1433 662 1566 693 Salutem.

1259 698 1456 731 Inspexmus
1471 701 1697 732 TRACTATUM
1712 701 1825 740 Pacrs,
1841 703 1911 734 inter
1944 705 2030 737 bonae
2044 712 2190 742 memoriae
2223 716 2271 743 Ri-
2291 722 2310 745 R
2377 727 2403 747 m

1221 737 1330 767 cardum
1341 739 1486 768 Secundum
1503 739 1649 778 quondam
1663 743 1758 777 Regem
1770 739 1882 778 Angliae
1910 760 1915 764 -
1947 746 2066 774 Franciae
2088 736 2276 782 Praedec'effo-
2297 740 2319 783 8'
2337 728 2361 755 3·
2408 738 2416 745 Β

1222 784 1282 806 rem
1306 776 1435 807 nostrum
1480 788 1532 815 pro
1555 778 1609 816 Se,
1632 777 1817 814 Haeredibus‚
1839 778 1963 818 RegniS,
1977 782 2074 813 Terris
2111 784 2258 819 Dominiis
2317 778 2324 784 ⁶

1222 813 1364 853 Vaffallis,
1383 816 1416 846 &
1432 800 1576 853 §ubditis,
1595 825 1629 846 ex
1644 826 1716 854 una,
1732 818 1766 848 &
1779 815 1938 855 Johannem
1951 821 2046 856 Regem
2060 809 2222 860 P⁷ortugaliae
2237 813 2276 862 &3

1225 852 1373 896 Algarbii,
1397 863 1450 892 pro
1472 854 1525 892 Se,
1552 854 1741 892 Haeredibus,
1758 855 1884 894 RegniS,
1899 857 2013 895 Terris,
2032 859 2190 901 Dominus,
2210 864 2279 895 Vas-

1225 890 1358 935 sallts2&
1373 891 1496 923 Subditis
1510 894 1561 923 suis
1576 893 1818 932 quibuscumque,
1835 903 1870 924 ex
1881 894 1963 926 altera
1977 896 2076 936 Parte,
2095 909 2181 936 prout
2201 902 2230 931 in
2241 902 2280 934 se-

1223 931 1372 967 quentibus
1388 930 1523 962 Articulis
1534 932 1710 971 continetur,

2289 684 2376 708 franc.
2395 683 2424 707 22

1261 1004 1438 1044 INPRIMIS,
1455 1005 1515 1042 &c.
1532 1008 1669 1038 verbatim
1685 1016 1767 1047 prout
1789 1012 1817 1039 in
1837 1012 1910 1040 Tom.
1931 1011 2043 1052 VILf.
2067 1021 2121 1053 515
2135 1016 2180 1053 ⁴,
2200 1016 2279 1057 usque
2296 1026 2311 1041 α
2331 1026 2427 1054 Editio-

1228 1042 1283 1073 haec
1297 1045 1399 1083 verba,-
1418 1049 1480 1076 viz.
1500 1046 1743 1086 Quibuscunque,
1760 1055 1823 1078 tunc
1832 1048 1880 1089 fic.
2296 1065 2332 1090 nis
2348 1069 2411 1091 Lon-

1264 1120 1330 1151 Nos
1347 1131 1442 1152 autem
1457 1123 1588 1153 Ricardus
1602 1146 1612 1161 ‚
1637 1124 1719 1162 hujus
1740 1125 1880 1156 Nominis
1898 1128 2003 1156 Tertius
2022 1131 2082 1158 Rex
2107 1130 2220 1168 Angliae
2238 1129 2278 1167 &a
2294 1101 2408 1139 dlmnfi‘l'

1225 1161 1348 1189 Franciae
1363 1183 1374 1199 ‚
1398 1161 1430 1191 &
1448 1164 1579 1191 Dominus
1596 1162 1754 1201 Hiberniae,
1779 1173 1950 1194 memoratus
1968 1166 2139 1204 supradic'tos
2156 1170 2282 1200 Tracta-

1225 1205 1286 1241 tus,
1304 1197 1588 1235 Confoederationes‚
1608 1199 1840 1240 Conventiones,
1857 1202 2035 1241 Alligantias,
2052 1206 2211 1245 Amicitias,
2227 1207 2281 1238 Pa-

1227 1235 1359 1280 &ionesff
1387 1236 1598 1281 Condit-iones,
1625 1239 1846 1279 Promiffiones,
1871 1241 2008 1278 Foedera,
2036 1245 2069 1274 &
2094 1254 2284 1284 quaecumque

1229 1273 1378 1312 Ligamma
1395 1275 1549 1318 supradnsta
1567 1276 1629 1307 Ore
1647 1277 1742 1317 Regio
1756 1279 1972 1318 Approbamus,
1991 1280 2167 1322 Laudamus,
2183 1284 2283 1316 Reno-

1230 1322 1347 1351 vamus,
1372 1312 1576 1358 Ratificamus,
1600 1325 1732 1359 nec-non,
1755 1317 1874 1348 Tenore
1889 1318 2070 1350 Praesentium
2085 1344 2094 1358 ,
2119 1320 2283 1354 Confirma-

1232 1360 1310 1388 mus,
1326 1360 1410 1394 atque
1427 1360 1510 1382 etiam
1527 1352 1739 1392 promittimus,
1757 1365 1810 1392 pro
1823 1355 1939 1394 Nobis,
1957 1357 2144 1398 Haeredibus,
2159 1361 2193 1391 &
2210 1361 2283 1393 Suc-

1231 1388 1384 1433 ceffonbus
1403 1389 1523 1427 nostris,
1537 1392 1571 1422 &
1589 1390 1710 1421 Causam
1722 1403 1738 1423 a
1750 1393 1848 1423 Nobis
1863 1394 2040 1435 habentibus,
2060 1397 2203 1429 Praemissa
2216 1409 2283 1430 om-

1232 1437 1278 1471 nia
1295 1428 1328 1458 &
1344 1427 1447 1466 fingula
1465 1431 1600 1466 perpetuo
1617 1429 1748 1473 Tenere,
1766 1432 1799 1463 &
1819 1442 1877 1462 non
1892 1432 2094 1466 Contrafacere
2110 1436 2214 1468 eisdem
2238 1438 2284 1470 vel

1233 1465 1313 1495 alicui
1337 1475 1438 1496 eorum
1452 1488 1462 1503 ,
1486 1467 1533 1496 vel
1558 1477 1654 1498 vemre
1670 1478 1769 1499 contra
1785 1471 1881 1500 eadem
1900 1472 1942 1501 vel
1961 1472 2083 1511 aliquam
2102 1475 2215 1507 Partem
2233 1486 2285 1507 eo-

1232 1503 1366 1534 rumdem
1381 1525 1391 1542 ,
1419 1514 1468 1541 per
1486 1504 1551 1535 Nos
1571 1515 1625 1536 nec
1643 1516 1691 1544 per
1705 1507 1826 1544 aliquem
1845 1508 2004 1540 Haeredum
2020 1512 2064 1541 seu
2083 1512 2285 1545 Succefforum

1233 1541 1413 1586 nostrorum,
1429 1542 1474 1572 vel
1491 1542 1575 1573 aliurn
1593 1543 1638 1573 seu
1656 1544 1724 1574 alios
1738 1555 1753 1574 a
1771 1545 1868 1576 Nobis
1887 1547 2007 1578 Causam
2025 1550 2172 1590 habentes,
2188 1553 2233 1583 sed
2252 1563 2285 1584 ea

1233 1590 1330 1610 omma
1351 1581 1385 1611 &
1410 1580 1514 1619 fingula
1531 1582 1684 1619 supradifta
1699 1582 1816 1613 firmiter
1831 1585 1865 1614 ὅ(
1883 1584 1962 1616 illaesa
1978 1610 1987 1624 ,
2011 1597 2146 1625 quantum
2162 1590 2196 1620 ad
2214 1591 2285 1622 Nos

1233 1620 1267 1650 &
1283 1618 1317 1648 ad
1337 1618 1474 1649 Haeredes
1490 1621 1523 1650 &
1541 1620 1720 1650 Succeffores
1738 1622 1850 1652 nostros
1864 1625 1977 1661 attinet,
1996 1625 2064 1657 sicut
2083 1628 2110 1655 in
2129 1628 2228 1659 Literis
2243 1630 2287 1660 di-

1234 1657 1344 1688 &arum
1364 1657 1559 1694 Ligamimum
1575 1659 1620 1689 seu
1634 1658 1804 1690 pastionum
1818 1662 1998 1701 continetur,
2016 1665 2049 1694 ὃς
2066 1673 2149 1701 prout
2161 1666 2285 1703 superius

1233 1705 1368 1727 contenta
1386 1696 1449 1726 sunt
1468 1697 1501 1726 ὃς
1516 1697 1650 1728 Τιέἑὶεω
1668 1698 1701 1728 &
1724 1697 1906 1730 Concordata
1924 1700 2036 1732 fuerunt
2052 1724 2062 1739 ,
2090 1702 2287 1736 promittimus

1233 1735 1380 1766 observare
1396 1735 1430 1765 &
1443 1734 1584 1765 observari
1601 1735 1710 1773 facere,
1729 1736 1762 1766 &
1779 1746 1878 1768 contra
1897 1748 1928 1768 ea
1941 1740 2095 1771 nullatenus
2116 1743 2232 1781 venire,
2251 1744 2285 1774 ὃς

1233 1783 1282 1812 per
1294 1772 1397 1817 Sanc'lsa
1410 1772 1469 1805 Dei
1481 1772 1649 1813 Evangelia,
1667 1784 1717 1812 per
1731 1774 1799 1805 Nos
1814 1776 1936 1813 inspecta
1953 1778 1987 1809 &
1998 1779 2179 1817 corporaliter
2194 1781 2286 1819 taCta,

1233 1820 1434 1850 promittimus.

1271 1849 1304 1879 In
1328 1851 1405 1887 cujus
1425 1850 1464 1879 rei
1482 1849 1694 1881 Testimonium
1715 1851 1762 1881 has
1783 1851 1930 1889 praesentes
1953 1853 2058 1884 Literas
2079 1854 2187 1886 nostras
2207 1857 2286 1889 solita

1234 1887 1441 1956 Subsgiptione
1454 1888 1548 1919 nostra
1569 1889 1792 1928 appenfioneque
1814 1890 1901 1930 Sigilli
1922 1891 2010 1922 nostri
2031 1892 2150 1932 Majoris
2169 1895 2289 1928 fecimus

1235 1936 1303 1957 corn
1337 1936 1414 1956 uniri.

1273 2005 1342 2036 Dat.
1363 2006 1396 2036 δε
1413 2006 1485 2037 Aeta
1499 2006 1560 2037 fiunt
1571 2006 1650 2047 haec,
1669 2017 1752 2046 prout
1767 2008 2002 2048 suprascribuntur
2017 2013 2050 2043 &
2064 2013 2287 2052 recitantur,sub

1235 2044 1324 2075 Anno
1338 2044 1458 2075 Domini
1473 2045 1647 2084 Millefimo,
1666 2047 1963 2086 Quadringentesimo,
1979 2049 2167 2089 Oilogefimo
2180 2061 2290 2091 quarto,

1236 2084 1270 2113 &
1293 2083 1387 2120 Regni
1407 2083 1496 2114 nostri
1520 2085 1607 2114 Anno
1627 2086 1739 2124 primo,
1760 2085 1920 2116 Indic'lione
1940 2088 2079 2126 secunda,
2105 2088 2290 2122 pontificatus

1237 2121 1405 2151 SanCtiffimi
1421 2123 1448 2151 in
1462 2121 1578 2152 Christo
1592 2123 1679 2154 Patris
1697 2125 1729 2154 δε
1746 2124 1867 2155 Domini
1884 2124 1970 2155 nostri
1987 2126 2108 2157 Domini
2124 2131 2214 2166 Sixti‚
2232 2128 2291 2160 Di-

1236 2159 1304 2190 vina
1316 2159 1516 2198 Providentia,
1544 2163 1623 2200 Papae
1637 2163 1746 2202 §Quarti
1760 2164 1847 2193 Anno
1865 2163 2101 2203 Tertiodecimo‚
2117 2165 2225 2197 Mensis
2241 2178 2291 2197 ve-

1238 2200 1274 2228 τὸ
1293 2198 1371 2236 Junii
1392 2198 1449 2228 Die
1470 2198 1617 2230 Vicefimo
1637 2202 1752 2238 quinto,
1771 2203 1799 2230 in
1813 2202 1932 2238 quadam
1945 2202 1997 2233 alta
2011 2203 2132 2236 Camera
2141 2206 2211 2236 infra
2223 2206 2291 2236 Do-

1238 2246 1320 2267 mum
1338 2236 1465 2267 Fratrum
1479 2236 1726 2277 Augustinenfium
1741 2239 1871 2270 Civitatis
1886 2238 2032 2281 Eborum3

1560 2313 1744 2346 Praesentibus
1757 2323 1827 2347 tunc
1838 2316 1963 2355 ibidem,

1280 2389 1453 2421 Reverendis
1467 2391 1496 2420 in
1514 2389 1630 2421 Christo
1648 2390 1774 2423 Patribus
1784 2415 1794 2431 ‚

1278 2429 1392 2459 Ricardo
1407 2429 1556 2469 Affavenfi
1562 2451 1571 2466 ,

1277 2468 1314 2498 Et
1329 2467 1447 2497 Andrea
1463 2467 1638 2508 illenevenfi,

1278 2505 1438 2542 Episcopis:

1282 2543 1444 2575 Clariffimis
1459 2543 1608 2581 Dominis,

1278 2582 1445 2614 Alexandro
1461 2586 1536 2612 Duce
1550 2583 1682 2612 Albaniae
1692 2606 1702 2621 ‚

1238 2647 1243 2651 .
1277 2621 1324 2652 Ac
1341 2623 1457 2651 Henrico
1471 2621 1694 2660 Northumbriae‚

1278 2662 1388 2697 Georgio
1402 2659 1527 2697 Salopiae‚

1283 2698 1321 2729 Et
1335 2698 1440 2737 Jacobo
1455 2698 1487 2728 de
1500 2697 1655 2737 Dowglaſje
1663 2719 1673 2736 ,

1279 2736 1461 2806 gemitibus:

1309 2784 1340 2813 c,

1280 2813 1441 2844 Nobilibus
1452 2811 1544 2850 Vitis,

1280 2851 1418 2890 Francifio
1435 2854 1463 2881 V
1462 2854 1590 2880 icecomite
1602 2851 1635 2880 de
1649 2850 1770 2888 Lemell,

1282 2890 1321 2921 Et
1335 2890 1435 2920 Thomu
1449 2892 1565 2918 Domino
1581 2889 1613 2918 de
1626 2889 1764 2929 Staneley‚·

1285 2928 1331 2959 Ac
1346 2929 1402 2959 aliis
1416 2927 1510 2958 multis
1524 2926 1598 2958 Viris
1608 2926 1762 2958 Illusttibus
1774 2925 1808 2958 ad
1822 2925 1967 2956 Praemissa
1980 2927 2247 2969 voeatisspeciaiiter
2260 2929 2294 2962 &

1246 2968 1356 3006 rogatis.

1285 3044 1364 3083 ¹§Quia
1375 3054 1419 3080 ego
1427 3042 1570 3081 Johannoe
1586 3041 1770 3081 Haryngton,
1788 3043 1817 3070 in
1833 3048 1942 3082 utroque
1953 3040 2028 3080 Jure
2042 3042 2216 3083 Bacalarim,
2235 3044 2295 3074 Cle-

1246 3085 1315 3112 ricur
1329 3081 1448 3111 Eborum
1459 3080 1597 3119 Dioecefis,
1613 3080 1735 3109 Publicus
1748 3079 1969 3109 Aucloritatihus
1983 3080 2137 3120 Apostolicd
2155 3081 2193 3116 ό·
2209 3086 2223 3112 1
2266 3095 2295 3112 ρ.

1246 3120 1311 3150 riali
1334 3122 1482 3154 Notarius,
1503 3118 1673 3155 Probationi,
1690 3119 1874 3155 Laudationi,
1893 3120 2087 3156 Renovationi,
2105 3119 2143 3154 ό·
2164 3091 2296 3161 Βαιὶἶα-

1245 3162 1314 3189 tioni
1348 3157 1566 3196 uprascriptorum
1586 3157 1748 3193 Τναέῖαιιὲε,
1775 3154 2049 3194 Confoederationum‚
2067 3161 2297 3198 Conventionum,

1245 3196 1483 3234 Alligantiarum,
1502 3197 1712 3232 Amicitiarum‚
1730 3195 1906 3231 Pallionum,
1922 3195 2122 3232 Conditionum,
2147 3196 2295 3236 Promilfio-

1244 3246 1308 3265 num
1344 3235 1497 3270 Foederum,
1510 3231 1547 3267 ὠ·
1561 3243 1754 3273 quorumcumq,
1768 3235 1940 3269 ligaminum
1948 3233 2152 3271 praediciorum,
2164 3233 2219 3273 ficb
2230 3238 2295 3264 Mo-

1244 3274 1278 3303 do
1291 3258 1330 3308 &
1342 3271 1440 3302 Forma*
1450 3275 1612 3309 praenotatis
1628 3272 1818 3300 Tradatorum
1827 3293 1837 3308 ‚
1855 3270 2065 3308 ordinatorum,
2080 3274 2296 3312 conventorum,

1246 3311 1284 3346 ὠ·
1298 3310 1369 3340 αΙίἂς
1380 3308 1571 3351 quomodolibet
1587 3316 1620 3338 ut
1627 3307 1774 3347 praefertur
1794 3307 1999 3376 Daspffl'orum,
2011 3316 2060 3347 per
2076 3307 2224 3348 praefatum
2245 3315 2294 3342 Se-

1245 3349 1404 3388 remffimum
1425 3351 1570 3378 Dominum
1590 3347 1705 3416 nfstrum
1729 3347 1844 3384 Regem
1898 3346 2021 3376 ‘cardum
2035 3369 2044 3383 ,
2070 3347 2147 3385 hujus
2167 3351 2294 3380 Nominis

1243 3389 1394 3425 Tertium,
1414 3386 1525 3426 Angliae
1546 3387 1579 3417 ὃ(
1627 3387 1728 3416 ranciae
1750 3384 1878 3424 Regem,
1894 3394 1927 3414 ac
1950 3383 2114 3415 Dominum
2127 3385 2294 3425 Hiberniae,

1238 3426 1342 3468 fallis,
1359 3436 1458 3455 necnon
1476 3424 1588 3462 ejusdem
1611 3427 1720 3454 Domini
1740 3423 1821 3461 nostri
1840 3426 1916 3459 Regis
1936 3422 1977 3451 ad
1993 3425 2072 3452 Sacro
2085 3424 2170 3453 anda
2182 3428 2237 3455 Dei
2249 3428 2293 3456 Ε-

1244 3464 1373 3502 vangelia
1382 3472 1432 3502 per
1446 3473 1504 3493 eum
1515 3470 1577 3492 tunc
1589 3462 1706 3499 infesta
1720 3460 1758 3496 ό·
1773 3471 1814 3490 cor
1830 3460 1941 3489 oraliter
1951 3461 2030 3490 taHa
2069 3468 2205 3493 uramenti
2221 3472 2295 3502 prae-

1235 3503 1368 3542 stationi,
1387 3500 1536 3542 caeterisque
1549 3471 1667 3530 omnibs
1679 3499 1717 3536 &-
1726 3498 1803 3539 fingu
1815 3502 1837 3527 is
1848 3497 2023 3537 fiepradiblis,
2040 3499 2148 3539 dicmsic
2182 3509 2213 3532 ut
2219 3510 2294 3540 prae-

1244 3545 1380 3579 mittitur,
1392 3548 1441 3577 per
1455 3539 1564 3569 eundem
1582 3538 1746 3568 Dominum
1760 3536 1890 3566 nostrum
1914 3535 2029 3573 Regem
2049 3524 2293 3578 Approssarentur,

1243 3579 1452 3614 nudarentur,
1473 3579 1680 3606 Renovarentur
1689 3597 1699 3612 ,
1716 3574 1929 3614 Ratificarentur
1938 3597 1948 3612 ,
1960 3574 2205 3614 affirmarentur,
2222 3580 2291 3606 Pro-

1243 3622 1433 3653 mitterentur,
1451 3618 1624 3652 Agerentur,
1640 3613 1677 3649 ὠ
1692 3616 1813 3647 Fierent,
1831 3611 1885 3641 und
1900 3623 1957 3641 cum
1969 3615 2134 3643 Reverendis
2144 3619 2173 3645 in
2189 3614 2253 3644 Chri
2277 3626 2292 3645 o

1243 3656 1372 3685 Patribus
1385 3665 1415 3682 ac
1433 3651 1587 3719 Classmis
1599 3653 1617 3670 *²
1633 3651 1671 3685 όν
1685 3649 1872 3688 speffabilibus
1888 3653 2011 3682 Dominis
2025 3651 2064 3686 ό·
2080 3655 2155 3681 Viris
2171 3652 2227 3682 Illu
2251 3657 2290 3683 ri·
2301 3643 2328 3661 ⁴
2349 3644 2420 3675 X11.

1242 3694 1289 3723 bus
1299 3693 1449 3732 praedielis,
1466 3702 1483 3718 a
1518 3688 1654 3728 Premiffa
1668 3692 1771 3718 vocatis
1779 3687 1931 3727 specialiter
1942 3688 1980 3723 ῥ’
1995 3694 2110 3727 rogatis,
2127 3698 2158 3719 ut
2168 3696 2291 3727 prmit.
2309 3690 2374 3717 ²²9·

1240 3735 1328 3769 titur,
1339 3730 1392 3770 fizb
1406 3732 1492 3758 Anno
1508 3730 1633 3764 Domini,
1651 3726 1815 3761 Indichone,
1834 3726 2014 3766 Pontificatu,
2031 3728 2142 3766 Mense,
2158 3731 2230 3766 Die,
2248 3729 2288 3765 &a

1241 3773 1312 3800 Loco
1321 3768 1469 3807 praediHis,
1484 3765 1598 3803 praeftns
1608 3763 1786 3802 personaliter
1802 3763 1932 3803 interfui,
1948 3777 2030 3805 eaque
2043 3770 2131 3795 omnia
2147 3765 2184 3799 όν
2193 3767 2289 3806 fingu-

1241 3807 1271 3837 la
1284 3808 1323 3847 fic
1338 3806 1404 3847 fieri
1424 3804 1485 3834 vidi
1508 3802 1545 3837 όν
1565 3802 1675 3839 audivi,
1693 3802 1799 3842 ideoque
1822 3802 1873 3831 hiis·
1891 3803 2071 3842 Praesentibus
2084 3806 2188 3834 Literis
2200 3808 2289 3842 Regiis

1241 3847 1366 3875 Nominis
1377 3842 1423 3881 fici
1441 3840 1648 3880 Subscriptione,
1672 3840 1704 3869 de
1741 3841 1777 3869 ua⁴
1800 3840 1878 3870 michi
1897 3843 2014 3870 Not-ario
2036 3841 2142 3870 Publica
2157 3844 2290 3881 prediolo

1232 3882 1397 3923 sbffi'cienter
1409 3882 1526 3909 innotuit
1538 3885 1619 3918 atque
1632 3851 1786 3918 annulat,
1795 3890 1826 3907 ac
1839 3878 2004 3916 Appenfione
2019 3879 2104 3916 Sigilli
2112 3880 2159 3918 fici
2172 3882 2291 3920 Majori5

1239 3925 1365 3957 munitis,
1381 3919 1413 3947 de
1433 3916 1508 3956 ipfius*
1530 3918 1605 3953 Regis
1629 3917 1785 3954 Alana-lato,
1800 3928 1840 3945 me
1861 3918 1901 3945 hic
1915 3916 2073 3956 Jbbstripfi,
2097 3918 2192 3959 eaffiue
2209 3923 2289 3958 Signo

1239 3970 1295 3989 meo
1309 3970 1339 3988 ac
1355 3959 1468 3986 Nomine
1477 3952 1566 3992 solitis
1579 3952 1617 3987 (sy
1629 3954 1756 3993 confitetir
1771 3959 1799 3984 in
1808 3953 1952 3992 pleniorem
1966 3955 2057 3983 Fidem
2070 3957 2219 3987 eorumdem
2231 3959 2289 3999 sig-

1239 4000 1310 4027 navi
1322 4001 1430 4032 rogatus
1446 3991 1484 4026 ὠ·
1498 4002 1526 4020 re
1545 3991 1792 4032 uifitusspecialiter
1805 3996 1834 4022 in
1849 3991 1898 4022 hac
1910 3999 1992 4030 parte
2006 4000 2056 4032 per
2077 3996 2223 4028 Dominum
2241 4008 2290 4030 no.

1231 4035 1321 4075 strum
1332 4037 1425 4072 Regem
1430 4031 1514 4071 supra
1539 4030 1624 4060 'Eum

1726 4138 1757 4171 T
1777 4147 1796 4171 2
2242 4146 2298 4177 Pro
