2555 4266
42 286 121 319 Ann.
132 284 172 315 D.

43 333 151 399 ff&

43 704 61 723 ⁴¹
82 705 152 732 XII.

43 751 108 781 7¹7·

97 3623 115 3644 *
131 3625 200 3654 XII.

99 3663 163 3699 718.

191 201 269 254 138

186 284 319 315 Fastores
342 281 416 313 male
438 276 548 310 tractati
563 299 573 315 ,
588 273 720 306 Fraudati
741 279 790 302 aut
812 270 892 301 aliter
914 264 1123 304 Dampnificati
1146 262 1250 294 fuerint

190 323 279 362 (salvis
293 323 376 354 etiam
396 317 550 355 Privilegiis
564 325 598 346 ac
613 312 804 344 Libertatibus
818 309 900 339 dietis
913 305 1125 336 Mercatoribus
1150 300 1253 338 Angli-

187 363 264 393 canis
281 360 396 391 Indultis
409 358 441 388 δε
457 353 620 390 Concessis)
636 353 670 383 &
688 350 766 381 idem
778 346 986 378 observabitur
1001 353 1036 374 ex
1050 351 1128 382 parte
1148 339 1253 372 Subdi-

190 410 287 432 torum
304 399 415 429 Domini
428 393 602 425 Archiducis.

229 439 318 469 ΙΤΕΜ
332 460 341 474 ,
359 434 440 473 quod
462 432 482 462 fi
503 432 588 469 aliqui
607 429 720 460 Subditi

190 477 306 508 Merces
320 474 366 506 vel
382 471 580 502 Mercimonia
593 469 674 499 alicui
688 466 875 498 Subditorum
894 465 1007 493 Domini
1020 459 1201 495 Archiducis,
1220 457 1253 486 δε

189 525 305 554 propter
329 511 485 543 Deiectum
508 508 665 540 Solutionis
688 507 722 537 &
745 515 806 535 nori
828 501 1048 533 Observantiam
1077 493 1255 527 Contractus

190 557 262 585 inter
280 562 329 582 eos
347 551 410 581 initi
430 550 464 580 δε
487 546 631 583 conclusi,
649 545 761 576 diisturn
785 541 940 574 Subditum
964 539 1011 569 vel
1031 536 1164 568 Subditos
1183 533 1253 563 dieti

190 595 301 623 Domini
314 588 476 620 Archiducis
490 586 664 624 judicialiter
681 583 878 618 conveniunt,
897 577 1024 609 constito
1045 575 1082 605 de
1101 570 1254 604 conrraClm

187 642 235 669 per
249 627 468 660 Conseffionem
483 625 646 664 Eniptoris,
663 632 709 653 aut
735 631 784 660 per
807 619 893 650 solam
913 615 1117 648 exhibitionem
1137 610 1254 647 alicujus

189 670 292 707 Scripri
307 666 498 704 Obligatoiii,
513 673 612 694 coram
629 662 742 700 Majore
763 657 886 696 Stapulae
908 655 1000 694 ejusve
1023 652 1254 682 Locumtenente

188 717 235 738 aut
253 713 268 725 *
288 705 508 737 Constabulario
527 702 667 741 ejusdem,
684 709 734 738 per
748 698 919 735 Emptorem
934 695 967 724 &
987 690 1176 721 Venditorem
1192 685 1253 716 Re-

188 747 299 784 cogniti
314 746 348 777 &
363 744 464 781 Sigillo
478 741 602 780 stapulae
619 739 731 778 fignati,
747 737 792 767 vel
808 735 897 772 Signo
911 731 1029 761 Privato
1045 726 1191 758 Debitoris
1206 733 1255 761 per

187 785 311 816 eundem
334 783 519 821 Recognito,
536 789 583 811 aut
607 779 663 808 alio
680 775 769 807 modo
794 774 938 811 privatum
963 767 1109 799 Debitoris
1130 764 1254 807 Signum

189 824 272 855 fuisse
287 825 319 854 &
337 822 394 852 effe
404 821 541 859 legittime
554 818 692 855 probam,
711 814 802 843 statim
815 812 849 842 &
863 811 918 840 sine
934 814 1114 846 quacumque
1128 802 1254 833 Dilatio-

189 873 227 894 ne
252 862 398 898 Debitor,
415 860 449 890 ad
473 859 652 889 Solurionem
675 853 802 883 Summae
825 850 921 888 petitae
944 856 993 884 per
1004 844 1139 884 judicem
1152 849 1253 871 coram

188 912 250 940 quo
263 909 360 938 agetur
374 898 526 929 diffinitive
541 891 826 929 Condempnabirur,
844 887 892 917 nisi
908 887 1000 916 eidem
1022 881 1168 913 Creditori
1179 902 1188 917 ,
1204 879 1254 908 suo

190 941 239 972 vel
249 940 329 971 alteri
341 939 400 976 ejus
415 937 550 967 Nomine
564 932 751 963 sufficientem
769 926 942 958 Potestatem
963 925 991 953 iri
1014 932 1048 952 ea·
1066 928 1144 958 parte
1161 916 1206 948 vel
1224 917 1254 946 in

189 988 255 1011 toro
267 979 303 1009 de
318 974 477 1011 huiusmodi
492 973 602 1003 Debito
618 968 800 1000 satisfactum
814 965 912 1002 fuiii'e,
927 963 973 993 vel
995 960 1117 991 Padmm
1141 956 1178 987 de
1193 963 1255 986 non

192 1018 324 1049 Petendo
341 1017 389 1046 libi
406 1014 514 1044 fatstum
528 1009 603 1047 effe,
622 1017 667 1038 aut
679 1008 756 1038 aliter
774 1005 909 1035 leoittime
923 1001 1069 1039 Excipiat3

231 1057 347 1095 Qiibus
364 1062 460 1083 tamen
472 1050 606 1080 omnibus
622 1049 654 1079 δε
667 1046 779 1084 singulis
795 1031 920 1073 Casubus
930 1063 940 1079 ,
955 1048 1045 1071 totam
1059 1037 1209 1068 Summam
1219 1033 1255 1064 ab

191 1105 228 1126 eo
254 1096 389 1132 petitam,
406 1090 488 1120 dicitis
515 1087 616 1117 Literis
638 1085 760 1122 publicis
783 1083 829 1113 vel
844 1081 956 1119 privatis
976 1083 1162 1112 contentam,
1179 1071 1254 1110 apud

187 1133 322 1174 Judicern
336 1139 434 1160 coram
448 1138 506 1166 quo
522 1125 710 1157 contendetui·
721 1122 819 1152 debite
835 1120 1026 1157 consignatam
1047 1115 1105 1146 sive
1123 1112 1256 1145 waranti-

193 1181 287 1202 zatam
302 1193 312 1209 ,
339 1170 396 1199 line
417 1167 541 1197 uiteriori
566 1164 701 1194 dilatione
724 1167 905 1199 quacumque
924 1157 1073 1194 deponet,
1092 1153 1126 1184 &
1146 1151 1256 1191 judex,

193 1210 386 1241 Pecuniarum
401 1206 438 1237 sic
455 1203 643 1242 depositarum
655 1200 819 1236 Creditori,
837 1206 884 1227 aut
896 1196 953 1234 ejus
967 1194 1100 1230 Factori,
1113 1190 1257 1222 sufficien-

191 1258 252 1280 tem
274 1247 450 1279 Cautionem
467 1241 631 1281 restituendi
653 1237 816 1278 hujusmodi
838 1237 994 1268 Pecuniam
1017 1231 1177 1267 exhibenti,
1197 1227 1257 1258 Ca-

191 1290 223 1319 su
249 1297 309 1326 quo
331 1285 455 1316 Debitor
476 1282 534 1313 suas
557 1280 747 1317 Exceptiones
765 1287 844 1308 veras
866 1274 923 1305 effe
937 1271 1114 1312 probaverit,
1133 1269 1166 1300 &
1185 1267 1257 1298 Sen-

191 1328 309 1359 tentiam
334 1323 526 1364 Diffinitivam
548 1318 702 1356 optinuerit
718 1340 728 1355 ‚
754 1316 811 1346 sine
830 1314 977 1345 Dilatione
995 1309 1168 1341 frustratoria
1188 1316 1259 1345 qua—

193 1375 321 1402 cumque
347 1373 415 1393 cum
437 1360 546 1391 effectu
563 1357 670 1388 Tradet
687 1364 734 1386 aut
753 1354 843 1385 Tradi
866 1351 1028 1387 mandabit,
1044 1349 1077 1379 δε
1099 1355 1203 1378 omnes
1225 1346 1259 1376 &

195 1405 309 1444 singulae
326 1401 425 1432 Causae
441 1398 574 1429 nondum
590 1405 689 1427 coram
702 1393 804 1433 Judice
817 1391 986 1432 judicialiter
1007 1396 1097 1418 motae
1119 1394 1167 1416 aut
1189 1394 1262 1415 ven-

193 1444 296 1480 tilatae,
315 1450 382 1479 quas
404 1438 515 1470 Subditi
533 1438 648 1469 Domini
669 1436 747 1470 Regis
771 1432 875 1462 habent
900 1430 948 1462 vel
966 1427 1114 1459 habebunt
1133 1423 1262 1454 adversus

195 1481 330 1513 Subditos
343 1481 455 1509 Domini
470 1475 649 1512 Archiducis,
667 1474 701 1504 &
716 1470 861 1502 Beneficio
883 1468 1143 1499 Instrumentorum
1164 1462 1264 1492 Publi-

194 1530 299 1551 corum
322 1527 368 1548 aut
392 1518 573 1548 Privatorum
596 1515 625 1543 in
649 1510 786 1542 Processu
811 1511 853 1540 uti
875 1508 964 1539 velint
977 1528 987 1545 ,
1005 1514 1075 1536 tunc
1088 1528 1098 1542 ,
1115 1502 1187 1532 infra
1209 1500 1263 1530 Sex

198 1558 311 1590 Menses
335 1557 469 1595 proximo
494 1555 527 1585 ὃς
551 1551 717 1583 immediate
746 1549 893 1586 sequentes
918 1546 1010 1576 Diem
1034 1540 1264 1574 Submonitionis

195 1597 285 1629 Partis
299 1594 447 1631 Adversae,
467 1593 551 1629 plene
565 1590 692 1629 perfecte
708 1589 742 1620 &
756 1587 910 1618 diffinitive
924 1584 1117 1615 Discutientur
1132 1581 1164 1611 &
1188 1578 1266 1608 Ter-

198 1637 396 1670 minabuntur,
411 1634 445 1665 &
458 1632 477 1662 fi
493 1629 640 1662 Beneficio
655 1625 790 1658 Testium
811 1626 844 1657 &
863 1634 921 1654 non
943 1623 1122 1659 Scriptorum
1141 1620 1170 1648 in
1191 1616 1265 1647 Pro-

196 1674 275 1707 ceffu
291 1676 331 1705 uti
347 1673 451 1708 velint,
468 1668 595 1708 praestito
611 1665 800 1706 Jurejurando
821 1663 902 1703 quod
924 1662 983 1692 hoc
1004 1662 1032 1691 iri
1054 1658 1182 1690 fraudem
1203 1664 1265 1685 non

197 1715 398 1752 faciunt,tunc
412 1709 483 1741 infra
498 1708 621 1739 Novem
638 1704 753 1736 Menses
769 1704 900 1741 proximo
915 1702 949 1732 δε
964 1697 1130 1730 immediate
1147 1695 1265 1733 sequen-

196 1762 238 1784 tes
254 1753 343 1782 Diem
357 1747 584 1780 Submonitionis
599 1745 688 1775 Partis
704 1741 839 1774 Adversae
861 1740 966 1779 plene,
984 1736 1111 1776 perfecte
1133 1735 1166 1766 &
1188 1732 1266 1764 diffia

196 1793 285 1823 nitive
302 1788 496 1820 Discutientur
511 1787 544 1817 &
560 1783 827 1819 Terminabuntur,
844 1781 878 1812 ὃς
899 1787 1000 1809 omnes
1023 1775 1142 1811 Causae,
1160 1781 1263 1804 coram

193 1830 342 1870 Judicibus
366 1835 456 1858 motae
477 1826 510 1856 &
531 1823 671 1854 ventilatae
691 1822 725 1852 ὃς
749 1820 841 1851 adhuc
863 1817 1017 1857 pendentes
1030 1814 1176 1850 indecisae,
1197 1820 1265 1849 quas

196 1868 310 1900 Subditi
325 1869 437 1896 Domini
451 1866 529 1900 Regis
544 1862 665 1892 habeant
679 1859 807 1891 adversus
828 1857 965 1889 Subditos
987 1856 1099 1885 Domini
1124 1849 1266 1882 Archida-

195 1912 247 1947 εἰς,
266 1906 337 1936 infra
353 1904 478 1935 Novem
494 1901 607 1932 Menses
621 1900 755 1938 proximo
773 1899 807 1930 ὃς
820 1895 984 1927 immediate
997 1894 1145 1932 sequentes
1161 1890 1267 1920 Datam

195 1945 339 1986 praesentis
350 1938 522 1977 Trastatfis,
540 1940 667 1971 Partibus
680 1937 777 1968 debite
790 1935 978 1971 instantibus,
995 1933 1029 1964 &
1042 1930 1194 1971 justiciam
1215 1928 1266 1958 fibi

200 1983 356 2016 ministrari
375 1979 580 2020 postulantibus
595 2001 604 2016 ‚
621 1978 703 2015 plene
718 1999 728 2014 ,
747 1975 874 2014 perfecte
894 1975 927 2005 &
948 1971 1101 2003 diffinitive
1123 1968 1269 1999 Finientur

199 2025 234 2055 &
260 2021 527 2057 Terminabuntur,
551 2017 639 2048 causae
662 2025 758 2046 tamen
779 2023 881 2046 coram
896 2011 1045 2051 Judicibus
1066 2010 1126 2048 jam
1149 2015 1266 2043 motae,

199 2072 268 2101 quas
284 2061 370 2099 usque
384 2060 418 2090 ad
435 2058 560 2089 medium
576 2055 646 2086 Litis
663 2054 709 2085 vel
723 2054 806 2092 plene
827 2054 860 2084 ad
881 2052 1058 2083 Sententiam
1082 2046 1176 2077 Partes
1201 2055 1268 2083 pro-

199 2103 303 2133 secntae
331 2100 434 2130 suerint
448 2119 457 2135 ,
489 2096 634 2133 quamcito
653 2092 730 2132 Juris
753 2093 853 2122 ordine
875 2090 935 2121 fieri
957 2088 1040 2128 poffit
1064 2086 1212 2118 Finientur
1232 2083 1266 2114 &

200 2139 464 2173 Terminabuntur;
481 2136 514 2166 &
531 2134 609 2164 idem
622 2131 820 2164 observabitur
833 2139 899 2168 erga
914 2129 1047 2160 Subditos
1070 2127 1184 2156 Domini
1204 2126 1269 2153 Ar-

201 2179 317 2209 chiducis
334 2179 363 2207 in
379 2175 489 2214 Anglia.

240 2217 347 2255 ITEM,
366 2215 446 2253 quod
469 2213 487 2243 si
511 2211 657 2249 contingat
680 2208 860 2239 Mercatores
883 2206 1025 2245 Stapulae,
1045 2213 1148 2235 eorum
1165 2202 1270 2233 Facto-

202 2267 261 2294 res,
280 2264 326 2285 aut
341 2255 408 2284 alios
421 2251 556 2282 Subditos
579 2249 774 2287 quoscumque
799 2250 912 2277 Domini
933 2248 1029 2282 Regii,
1049 2244 1080 2274 in
1100 2243 1200 2274 Terris
1223 2248 1269 2271 aut

203 2295 351 2326 Dominiis
368 2294 480 2322 Domini
503 2288 663 2319 Archiducis
686 2286 802 2324 aliquod
825 2285 948 2316 Crimen
976 2282 1162 2314 committere
1176 2304 1185 2319 ,
1208 2289 1269 2310 non

203 2343 350 2373 propterea
370 2331 450 2361 Bona
470 2328 615 2359 distorum
637 2325 835 2356 Mercatorum
854 2333 978 2362 quorum
998 2321 1103 2352 Fauor
1124 2329 1181 2351 erat
1197 2344 1206 2357 ‚
1221 2327 1269 2349 aut

202 2375 324 2405 aliorum
340 2379 464 2410 quorum
479 2367 558 2398 Bona
571 2375 702 2403 tempore
718 2363 864 2394 commissi
881 2362 989 2393 Delicti
1005 2360 1079 2399 apud
1098 2368 1166 2390 eum
1189 2367 1270 2397 repe-

206 2414 311 2443 rientur
329 2432 338 2449 ,
366 2411 394 2439 in
418 2405 663 2438 Confiscationem
683 2403 786 2434 cadent
803 2425 811 2440 ‚
839 2401 966 2433 constito
995 2398 1077 2437 quod
1099 2398 1179 2428 Bona
1196 2395 1270 2435 apud

203 2451 428 2489 Delinquentem
443 2453 550 2487 reperta
564 2444 640 2474 alteri
656 2443 828 2480 pertineant,
838 2441 876 2471 set
892 2440 984 2471 solum
994 2438 1073 2469 Bona
1087 2437 1270 2474 Delinquen-

203 2492 238 2522 tis
254 2490 289 2520 de
303 2497 409 2520 caetero
425 2483 684 2520 Confilcabuntur‚
699 2482 732 2513 &
749 2482 838 2511 etiarn
855 2479 941 2510 iidem
957 2477 1136 2508 Mercatores
1151 2474 1272 2512 Stapulae

205 2537 363 2566 eorumque
383 2525 514 2556 Factores
534 2522 622 2552 solum
641 2530 695 2558 pro
713 2520 765 2550 suis
784 2518 990 2549 Contrafflbus
1007 2518 1040 2548 &
1067 2514 1190 2546 Deliffis
1205 2538 1214 2550 ,
1239 2513 1272 2543 &

205 2567 284 2609 nullo
299 2565 388 2596 modo
430 2573 462 2593 ro
481 2562 594 2597 alienis,
612 2558 847 2595 Convenientur,
867 2556 1029 2587 Multentur
1039 2563 1085 2584 aut
1105 2553 1273 2590 Punientur,

206 2608 258 2636 nili
277 2607 305 2634 in
324 2604 384 2634 casu
434 2600 616 2639 eprisaliarum
635 2597 883 2628 concedendarum
904 2597 980 2628 iuXta
997 2594 1125 2624 formam
1152 2591 1275 2621 Tracta-

209 2644 256 2676 tus
271 2642 396 2674 conclusi
413 2641 485 2669 inter
504 2636 724 2667 Commissarios
742 2635 883 2672 utriusque
899 2634 1039 2670 Principis
1054 2655 1064 2670 ‚
1082 2631 1113 2660 de
1130 2633 1210 2660 Data
1227 2632 1275 2659 vi-

210 2683 298 2722 cesimo
313 2687 412 2721 quarto
425 2680 479 2706 Die
494 2676 652 2713 Februarii,
672 2678 758 2703 Anno
772 2676 884 2703 Domini
898 2671 1041 2710 Millefimo
1052 2695 1060 2708 ,
1077 2669 1276 2709 ‘Quadringen-

211 2723 300 2763 tqfimo
313 2743 323 2758 ,
341 2715 516 2756 Nonagcfimo
535 2717 628 2754 quinto
645 2735 655 2750 ,
676 2711 796 2754 proviso
815 2712 898 2741 etiam
918 2710 999 2747 quod
1014 2710 1120 2739 virtute
1138 2708 1276 2744 presentis

211 2760 334 2790 Articuli
361 2759 390 2786 in
417 2754 496 2784 nullo
524 2752 735 2782 Mercatoribus
753 2748 875 2787 Stapulae
893 2747 1111 2785 praejudicetur,
1139 2754 1277 2782 quantuni

209 2800 243 2829 ad
260 2795 435 2828 Beneficium
452 2802 514 2831 quae
532 2791 640 2821 ratione
655 2788 877 2828 Obligationum
892 2787 996 2816 habent
1014 2792 1060 2814 aut
1078 2783 1176 2822 postea
1190 2784 1278 2813 habe-

213 2840 287 2868 bunt
305 2835 398 2867 versus
416 2831 512 2871 Opida
531 2830 564 2859 &
583 2827 732 2868 Opidanos
748 2827 905 2857 Terrarum
931 2826 964 2855 ὃς
986 2823 1199 2853 Dominiorum
1219 2824 1277 2851 Do-

214 2880 280 2907 mini
301 2872 480 2907 Archiducis5
508 2869 587 2899 idem
607 2868 692 2897 etiam
711 2864 904 2896 observabitur
925 2864 953 2893 in
975 2862 1096 2902 Anglia,
1115 2860 1226 2891 Caleno
1243 2861 1276 2891 ἅτ

219 2915 357 2947 Marchiis
375 2910 497 2949 ejusdem
516 2906 639 2937 Subditis
654 2907 765 2935 Domini
779 2902 950 2934 Archiducis.

254 2953 345 2984 ITEM
357 2974 366 2990 ,
384 2949 464 2988 quod
484 2945 660 2977 Mercatores
678 2946 711 2974 «Sc
730 2944 774 2973 alii
793 2942 903 2973 Subditi
923 2939 1096 2971 Sereniffimi
1114 2940 1192 2975 Regii·
1214 2939 1281 2966 An-

213 2993 276 3032 gliae
291 2993 323 3022 &
342 2998 443 3020 eorum
460 2986 609 3021 Furores,
628 2985 657 3013 in
699 2981 904 3019 uibuscumque
923 2979 1022 3010 Terris
1042 2977 1129 3008 Locis
1149 2985 1196 3006 aut
1216 2974 1283 3005 Do-

221 3031 313 3061 miniis
340 3029 450 3058 Domini
473 3023 635 3054 Archiducis
655 3033 665 3051 i
695 3022 817 3051 orientes
831 3042 840 3056 ,
867 3020 901 3050 &
927 3019 955 3048 in
977 3017 1082 3047 eisdem
1110 3015 1197 3046 Locis
1221 3015 1282 3045 tam

222 3070 338 3101 Merces
352 3068 386 3097 ὃς
408 3065 484 3095 Bona
498 3063 543 3092 sua
562 3063 650 3099 quam
669 3061 754 3090 aliena
775 3059 908 3088 habentes
924 3080 933 3094 ,
956 3065 1009 3094 pro
1026 3054 1162 3085 Bastardis
1187 3053 1283 3084 vel&

221 3107 376 3144 Illegitime
395 3103 479 3135 Natis
497 3102 533 3131 de
553 3109 658 3130 caetero
677 3098 755 3128 nullo
775 3097 866 3127 modo
880 3096 1032 3126 habeantur
1050 3095 1083 3126 &
1101 3099 1263 3131 reputentur
1275 3115 1284 3129 ‚

220 3149 260 3178 set
279 3146 394 3176 Merces
410 3144 442 3174 Sc
462 3140 540 3171 Bona
559 3138 666 3176 ptaefati
686 3137 723 3167 sic
744 3135 899 3166 Morientis
913 3159 922 3172 ,
948 3133 1006 3163 sine
1030 3140 1211 3171 quacumque
1230 3130 1286 3160 Di-

221 3186 381 3217 minutione
396 3204 406 3219 ,
431 3178 604 3211 eorumdem
629 3175 799 3206 Haeredibus
817 3197 827 3212 ,
850 3173 1059 3204 Executoribus
1080 3179 1127 3201 aut
1143 3169 1287 3201 Proximis

224 3225 360 3261 Agnatis,
377 3229 424 3251 aut
442 3219 500 3249 aliis
517 3217 553 3246 de
568 3216 707 3254 Sanguine
725 3213 771 3244 vel
789 3223 851 3243 non
871 3212 906 3242 de
926 3211 1068 3250 Sanguine
1083 3210 1155 3239 dt‘mi
1169 3208 1285 3247 Anglici

224 3264 277 3294 sint
296 3264 328 3292 St
347 3270 381 3291 ex
398 3257 586 3288 Testamento
601 3254 647 3284 vel
665 3253 720 3284 alio
739 3252 869 3288 legitimo
888 3249 979 3280 modo
998 3247 1131 3279 Interesse
1149 3246 1286 3284 habeant,

226 3304 260 3333 &
279 3302 384 3330 Literas
403 3294 622 3327 Certificatorias
639 3292 674 3323 de
694 3291 779 3321 Loco
797 3290 924 3328 Originis
944 3289 977 3319 ὅτ
993 3287 1129 3318 Nomine
1147 3285 1289 3323 utriusque

228 3340 355 3371 Parentis
373 3337 445 3367 dic'ti
464 3334 576 3364 Mortui
594 3331 750 3362 exhibuerit
765 3351 774 3366 ,
799 3329 832 3359 &
857 3327 937 3366 quod
955 3336 1008 3364 pro
1028 3325 1186 3362 Legittime
1206 3324 1289 3354 Nato

230 3380 260 3408 in
278 3378 373 3407 Terris
388 3373 554 3406 Nativitatis
571 3371 626 3401 suae
643 3371 671 3399 in
692 3367 799 3406 Regno
821 3366 932 3404 Angliae
956 3366 1066 3395 habitus
1090 3363 1124 3392 δε
1150 3371 1291 3398 reputatus

231 3417 314 3446 fuerit
328 3440 337 3451 ,
354 3416 410 3444 sine
426 3413 560 3444 dilatione
577 3408 701 3438 ulteriori
718 3415 786 3437 cum
805 3404 912 3435 effectu
929 3403 1114 3441 Recipiantur
1129 3413 1139 3439 ι,
1165 3401 1211 3429 cui
1231 3401 1294 3438 qui-

236 3455 304 3486 dem
323 3451 531 3483 Certificatorio
550 3447 713 3483 autentico,
735 3445 792 3475 sine
810 3444 934 3474 ulteriori
951 3443 980 3472 in
998 3451 1029 3471 ea
1049 3449 1126 3478 pirre
1143 3439 1295 3469 Probatio-

234 3504 271 3524 ne
287 3500 464 3530 quacumque
480 3485 609 3518 facienda
625 3508 634 3522 ,
659 3484 796 3515 Standum
815 3483 866 3512 erit
882 3492 888 3511 z
920 3481 953 3511 ὃ(
973 3488 1110 3517 quantum
1136 3479 1232 3508 attinet
1257 3477 1292 3505 ad

238 3532 413 3564 Mercatores
430 3528 548 3564 Stapulae
566 3534 613 3554 aut
629 3533 732 3554 eorum
751 3521 908 3556 Faffffiresq
930 3520 960 3549 in
981 3518 1078 3548 Terris
1102 3519 1214 3546 Domini
1233 3519 1298 3545 Ar-

237 3571 352 3602 chia'ucis
371 3566 530 3597 Morituros
546 3587 555 3602 ,
579 3561 719 3594 Standuin
737 3561 789 3591 erit
807 3560 857 3590 soli
875 3556 1088 3589 Certificatorio
1114 3554 1236 3591 Stapulae
1260 3563 1296 3584 eo

241 3609 322 3649 quod
348 3606 418 3638 nulli
441 3604 560 3634 Bastardi
585 3602 771 3632 admittuntur
797 3600 826 3628 in
854 3596 1032 3628 Mercatores
1059 3595 1076 3612 ἢ*
1093 3593 1239 3631 stapulas,
1263 3594 1297 3624 &

241 3660 295 3680 nec
314 3646 427 3685 propria
444 3643 523 3673 Bona
542 3641 655 3678 Anglici
669 3638 829 3669 Sacerdotis
852 3638 882 3666 in
900 3636 999 3667 Terris
1022 3634 1055 3664 δε
1074 3632 1222 3662 Βοῐηὶτιίίς
1240 3635 1300 3660 Do—

242 3691 306 3718 mini
321 3683 483 3716 Archiducis
496 3679 663 3715 Morientis,
682 3687 736 3707 nec
749 3676 849 3706 Aliena
869 3674 941 3713 apud
957 3683 1025 3704 eum
1040 3670 1163 3708 deposita
1178 3671 1211 3700 ὅτ
1226 3669 1301 3707 apud

242 3736 311 3758 eum
327 3730 459 3761 tempore
476 3719 531 3749 sua:
547 3717 653 3747 Mortis
671 3717 786 3746 inventa
801 3716 834 3746 δι’
852 3722 959 3751 reperta
973 3735 984 3750 ,
1007 3711 1044 3740 de
1064 3719 1169 3739 caetero
1185 3707 1302 3739 Confis-

244 3766 404 3800 cabumur,
427 3760 466 3790 set
490 3757 536 3787 sua
555 3756 632 3799 Bona
649 3755 701 3785 suis
720 3754 835 3792 Agnatis
850 3761 898 3783 aut
943 3753 1025 3781 uibus
1047 3748 1096 3778 me
1121 3746 1280 3785 Reliquerit
1293 3769 1303 3785 ,

243 3804 344 3834 Aliena
368 3800 446 3831 Bona
472 3794 666 3833 Proprietariis
688 3792 857 3822 docentibus
882 3790 918 3820 de
962 3788 1133 3826 roprietate,
1162 3785 1218 3816 fine
1237 3796 1306 3823 qua—

246 3850 372 3879 cumque
387 3837 571 3870 Exhibitione
586 3830 793 3876 Certificatoria
812 3830 894 3866 pleni:
911 3830 944 3859 &
960 3828 1068 3864 integre
1086 3823 1277 3854 Restituantur
1295 3836 1305 3861 ς

248 3880 325 3909 idern
343 3880 426 3908 etiam
445 3872 640 3907 observabitur
657 3868 694 3899 de
711 3867 834 3898 Subditis
851 3870 964 3897 Domini
982 3863 1144 3896 Archiducis
1156 3861 1308 3893 Morituris

250 3918 279 3946 in
301 3917 409 3955 Anglia.

288 3954 377 3984 ITEM
395 3978 404 3990 ,
429 3952 617 3983 Conventum
633 3970 642 3986 ,
667 3943 885 3977 concordatum
912 3944 946 3974 &
970 3939 1150 3972 Conciusum
1169 3937 1210 3968 est
1227 3938 1307 3977 quiid

254 3993 351 4021 omnia
374 3993 406 4022 ὃ(
432 3990 535 4028 singula
560 3985 691 4025 Capitula
717 3982 856 4022 praemiffa
883 3981 1036 4019 (Capitulo
1058 3979 1094 4008 de
1112 3977 1308 4007 Defalcatione

256 4029 420 4060 Medietatis
439 4028 549 4058 Mei-cae
568 4026 711 4055 dumtaxat
730 4022 860 4055 Excepto
877 4043 887 4057 ,
903 4020 980 4056 quod
1001 4018 1035 4048 ad
1059 4017 1226 4047 Duodecim
1248 4016 1311 4046 An-

255 4077 326 4104 nos,
346 4067 394 4096 nisi
417 4067 483 4095 alter
508 4066 673 4101 Principum
696 4061 774 4098 quod
795 4059 864 4090 abiit
888 4059 1003 4088 interim
1027 4054 1202 4091 Decesserit,
1220 4054 1310 4085 solum

253 4106 375 4142 durabit)
401 4104 481 4134 suurn
504 4103 610 4134 Robur
627 4103 661 4134 ὃς
679 4099 828 4131 Effectum
847 4097 965 4127 habeant
982 4097 1016 4127 ὃς
1032 4095 1177 4125 habebunt
1194 4091 1312 4124 durante

745 427 856 457 Domini
880 425 957 461 Regis
979 420 1144 453 Vendentes
1162 418 1254 455 aliqua

655 164 1910 229 coNVEN.T10NEs‚L1TERAE,

1297 256 1356 288 vita
1379 254 1521 294 utriusque
1546 252 1685 292 Principis
1700 275 1710 290 ,
1734 252 1768 283 &
1794 260 1844 288 per
1870 249 1992 281 Annum
2017 252 2159 323 integum
2178 251 2314 291 proximo
2333 255 2366 290 &
2383 255 2458 288 Ann.
2473 241 2520 292 D..

1297 295 1461 327 immediate
1479 294 1642 333 sequentem
1660 291 1788 321 Obitum
1806 289 1945 326 Principis
1962 290 2059 326 prim&
2110 293 2262 325 ecedemjg,

2403 305 2491 336 1499-

1337 334 1451 372 ITEM,
1471 332 1663 363 Conventum
1682 352 1692 368 ,
1707 327 1931 359 Concordatum
1950 328 1983 357 &
2003 328 2181 362 Conclusum
2200 333 2241 362 est
2255 356 2264 371 ,
2285 335 2367 371 quod
2384 341 2447 366 Hm.
2466 347 2494 373 7,

1300 372 1501 404 Illustriffimus
1519 371 1666 401 Dominus
1684 370 1745 397 Rex
1764 365 1894 404 Angliae,
1913 366 1984 397 infra
2002 367 2086 398 Duos
2097 369 2213 401 Menses
2229 376 2365 409 provimo

1300 415 1334 444 &
1353 412 1518 442 immediate
1535 410 1681 448 sequentes
1701 407 1808 437 Datam
1827 404 1974 436 Praesentis
1987 405 2141 438 Tradiatfis
2181 396 2290 441 Literas
2309 412 2369 443 suas

1301 451 1431 483 Patentes
1446 473 1455 488 ‚
1481 447 1595 487 Magno
1610 446 1713 484 Sigillo
1730 445 1780 476 suo
1798 444 1926 479 sigillatas
1945 443 1979 473 ὅτ,
1997 445 2112 481 propria
2130 431 2224 479 N⁷Ianu
2239 449 2285 481 sua
2301 451 2367 481 sub-

1298 490 1431 528 scriptas,
1450 487 1687 519 Confirmatorias
1704 485 1739 515 ὃς
1757 482 1962 514 Ratificatorias
1981 485 2118 514 omniurn
2136 486 2170 516 &
2189 487 2366 527 singulorum

1300 528 1502 570 Capitulorum
1522 526 1662 564 praesentis
1679 521 1830 554 Traaatfis
1841 544 1851 560 ,
1880 529 2018 560 quatenus
2037 522 2129 560 ipsum
2148 526 2294 557 Dominam
2312 532 2368 559 Re-

1296 576 1421 611 gem—aut
1440 575 1496 600 eius
1511 564 1648 596 Subditos
1667 570 1848 594 concernunt
1865 568 1914 590 aut
1932 570 2130 600 concernent,
2157 561 2371 599 Commiffirfis

1299 605 1371 636 dicii
1398 605 1512 648 Domini
1537 602 1700 633 Archiducis
1722 602 1750 630 in
1778 599 1850 630 Villa
1873 598 1976 629 Calesii
2000 599 2169 631 sufficienter
2194 603 2224 632 in
2242 613 2273 634 ea
2311 616 2351 638 art

1300 643 1490 687 Auctorizatis
1507 641 1616 686 Tradet
1633 641 1667 672 &
1686 639 1863 670 Deliberabit
1881 647 1927 668 aut
1945 637 2034 668 Tradi
2053 639 2087 669 &
2106 639 2265 672 Deliberari
2289 616 2372 677 teian?

1302 681 1381 712 dabit
1402 683 1436 713 δε
1461 681 1565 724 faciet,
1583 681 1618 711 &
1640 678 1723 709 simili
1745 678 1835 708 modo
1858 680 1992 707 Dominus
2011 677 2180 716 Archidux,
2198 680 2270 712 infra
2285 678 2370 716 Duos

1301 719 1416 766 Menses
1429 720 1563 764 proximo
1580 720 1614 751 &
1627 716 1792 747 immediate
1807 717 1952 754 sequentes
1967 716 2074 746 Datarn
2089 718 2230 755 praesentis
2245 719 2368 753 Tracta.

1299 759 1381 796 Cius,
1400 759 1508 805 Literas
1523 757 1584 802 suas·
1596 757 1728 788 Parentes
1738 779 1747 792 ,
1768 754 1882 791 Magno
1895 754 1992 795 Sigillo
2007 755 2057 786 suo
2072 749 2195 794 figiilatas
2209 758 2244 789 ὃς
2254 760 2368 797 propi-ia

1301 796 1395 827 Manu
1414 797 1461 827 sua
1481 795 1646 833 subscriptas
1665 817 1675 832 ,
1699 794 1937 824 Confirmatorias
1956 794 1991 824 &
2013 793 2219 827 Ratificatorias
2236 799 2370 831 omnium

1303 837 1337 866 ὃς
1360 835 1536 874 singulorum
1558 833 1761 872 Capitulorum
1784 832 1923 870 praesentis
1937 833 2089 864 Tradiatfis
2122 843 2259 872 quatenus
2275 837 2368 875 ipsum

1300 877 1448 918 Dominam
1460 873 1644 918 ‘archiducem
1657 881 1702 902 aut
1714 872 1772 909 ejus
1784 870 1919 902 Subditos
1932 858 2112 903 concernun’t
2121 882 2166 903 aut
2175 884 2353 908 concernent

1299 912 1511 956 Commissariis
1530 911 1601 941 dieti
1623 909 1796 941 Sereniffirni
1818 912 1931 939 Domini
1951 913 2028 947 Regis
2041 912 2070 940 in
2086 911 2158 942 Villa
2173 912 2274 944 Caleni
2291 900 2373 946 stiffi-³

1300 961 1408 997 ciennter
1421 955 1451 982 in
1466 961 1499 981 ea
1512 959 1589 988 parte
1608 949 1798 979 Austorianis
1810 947 1920 979 Tradet
1935 949 1968 979 &
1983 949 2161 982 Deliberabit
2175 960 2222 983 aut
2239 941 2372 987 Tradi&

1300 991 1458 1022 Deliberari
1475 988 1620 1019 mandabit
1634 989 1667 1019 &
1681 988 1774 1018 faciet.

1337 1033 1490 1070 Sequuntur
1506 1031 1535 1058 T
1530 1037 1619 1058 enores
1634 1025 1851 1065 Commiffionum.

1339 1109 1479 1153 ¹Henricui·
1497 1129 1505 1145 ,
1532 1106 1590 1136 Dei
1618 1103 1720 1135 Gratia
1734 1126 1744 1141 ,
1762 1106 1824 1133 Rex
1852 1100 1966 1140 Angliae
1989 1101 2029 1138 ό·
2044 1105 2168 1134 Franciae
2185 1104 2224 1141 ὀ·
2239 1104 2333 1139 Domi,
2360 1118 2374 1139 ς

1302 1146 1443 1216 ξῖιὸενπὶιε
1461 1146 1598 1177 omnibus
1615 1143 1650 1174 ad
1668 1152 1740 1184 quos
1757 1141 1905 1181 praesentes
1933 1142 2038 1173 Literae
2063 1146 2243 1181 pervenerint
2259 1170 2270 1185 ,
2293 1121 2375 1180 83ἷέ-

1316 1195 1373 1217 em.

1341 1224 1438 1255 Sciatis
1476 1222 1536 1253 uod
1554 1222 1638 1260 Nos,

1343 1263 1395 1307 De
1412 1263 1454 1307 'Fi
1477 1263 1614 1306 elitatibus
1630 1283 1640 1298 ,
1665 1258 1811 1290 Industriis
1840 1259 1874 1290 ὅτ
1908 1258 2036 1296 providis
2059 1258 2377 1298 circumspectionibus

1307 1299 1417 1332 Dilecti
1437 1303 1470 1332 ὃ(
1492 1301 1592 1331 Fidelis
1610 1299 1767 1329 Consiliarii
1787 1297 2068 1336 nostri,Reverendi
2084 1300 2114 1329 in
2135 1298 2255 1331 Christo
2274 1300 2363 1333 Patris

1306 1341 1417 1385 19⁶⁶(AE
1434 1339 1560 1379 Roffenfis
1580 1338 1718 1378 Epiftopi,
1735 1346 1868 1374 necnon,
1891 1336 2075 1367 Dilestorum
2092 1339 2125 1370 ὃς
2139 1338 2282 1370 Fidelium
2298 1327 2382 1372 Cori³

1309 1380 1472 1424 iiliariorum
1489 1378 1653 1408 nostrorum
1665 1400 1673 1415 ,
1693 1375 1837 1406 Willielmi
1861 1374 1994 1404 tham
2016 1376 2133 1412 Legum
2151 1377 2290 1408 Doctoris
2313 1379 2382 1411 Ma-

1309 1418 1386 1463 gistri
1403 1420 1460 1449 sive
1475 1417 1612 1448 Custodis
1631 1415 1811 1446 Rotulorum
1827 1414 2031 1453 Cancetliriae,
2050 1416 2161 1445 Ricardi
2173 1416 2295 1456 Nanfan
2317 1418 2382 1449 Mi-

1310 1459 1363 1503 litis
1378 1457 1512 1495 Deputati
1527 1455 1766 1497 Locumtenentis
1782 1452 1870 1483 nostri
1886 1452 1969 1483 Villae
1983 1453 2088 1484 nostrae
2105 1454 2207 1485 Calesii
2245 1455 2379 1496 Magistri

1310 1496 1422 1541 Ricardi
1439 1498 1550 1525 Hatton
1563 1495 1706 1531 utriuique
1720 1492 1796 1530 juris
1813 1492 1968 1530 Ductoris,
1987 1491 2128 1530 Johannis
2150 1480 2295 1525 Turssevile
2316 1495 2379 1527 Mi-

1310 1535 1370 1579 litis·
1387 1535 1564 1579 Thesaurarii
1585 1532 1674 1563 nostri
1696 1531 1772 1563 viilae
1797 1530 1957 1569 praedietae,
1974 1531 2126 1571 Sampsbnis
2143 1534 2253 1563 Norton
2275 1533 2380 1567 Militis

1307 1574 1442 1618 janitoris
1456 1574 1529 1603 viuae
1542 1572 1648 1602 nostrae
1684 1570 1825 1607 raedicTtae,
1839 1571 1873 1601 ὃ(
1887 1567 2014 1599 Adrian'i
2029 1569 2381 1605 WhetehillConn’arotu-

1311 1613 1405 1644 latoris
1420 1612 1512 1642 nostri
1526 1610 1649 1650 ejusdem
1695 1610 1764 1648 illae,
1784 1609 2030 1646 quamplurimum
2046 1610 2223 1642 confidentes

1349 1650 1427 1688 Ipsos
1452 1650 1564 1682 nostros
1586 1659 1670 1679 veros
1691 1650 1724 1680 &
1748 1647 1924 1678 indubitatos
1951 1646 2169 1679 Commiffarios
2222 1635 2360 1682 Oratores

1312 1690 1512 1721 Procuratores
1527 1690 1560 1720 &
1577 1688 1738 1730 Deputatos
1752 1685 1949 1725 Affignamus,
1967 1686 2102 1717 Facimus
2120 1688 2153 1719 &
2170 1673 2385 1721 Constituimu}

1314 1731 1347 1761 ὃς
1360 1728 1542 1766 Deputamus
1559 1737 1608 1765 per
1624 1725 1792 1762 Praeientes,

1353 1767 1463 1798 Dantes
1478 1768 1511 1798 &
1528 1765 1733 1810 Conhcedentes
1748 1762 1814 1800 Eis,
1829 1762 1884 1793 Sex
1895 1786 1903 1800 ,
1924 1762 2083 1802 Qiinque,
2099 1761 2234 1803 Qatuor
2248 1770 2296 1797 aut
2309 1767 2382 1798 Tri-

1315 1806 1368 1837 bus
1382 1816 1485 1837 eorum
1502 1805 1650 1843 plenariam
1668 1802 1840 1833 Potestatem
1863 1802 1897 1832 &
1919 1801 2127 1833 Auctoritatem
2148 1814 2182 1834 ac
2206 1803 2384 1837 Mandatum

1314 1846 1444 1891 generale
1460 1847 1493 1876 δε
1510 1843 1628 1888 speciale
1642 1842 1778 1873 Nomine
1790 1840 1910 1877 nostr0,
1927 1850 1979 1877 pro
1993 1839 2112 1881 Nobis,
2128 1841 2237 1882 Regnis
2267 1843 2367 1875 Patriis

1317 1885 1414 1916 Terris
1433 1908 1443 1923 ,
1461 1884 1609 1927 Dominiis
1625 1906 1634 1919 ,
1653 1881 1780 1912 Subditis
1801 1880 1834 1910 ὃς
1858 1878 1988 1910 Vassallis
2010 1879 2114 1910 nostris
2155 1866 2359 1921 uibusdumque
2374 1867 2385 1884 ⁹

1317 1933 1387 1955 cum
1405 1921 1559 1954 Carissimo
1575 1921 1803 1958 Consanguineo
1819 1918 1916 1949 nostro
1930 1917 2051 1957 Philippo
2075 1921 2138 1949 Arc
2157 1920 2230 1950 iduce
2247 1906 2388 1961 Austriae’

1319 1966 1395 1993 Duce
1422 1960 1590 2007 Dur-gandia
1607 1984 1617 1998 ,
1641 1958 1702 1995 ὠς.
1727 1960 1773 1989 seu
1795 1958 1855 1995 ejus
1883 1957 2138 1988 Ambaffiatoribus
2151 1981 2161 1996 ,
2190 1958 2362 1991 Oratoribus
2377 1944 2389 1961 ²

1317 2001 1546 2046 Comnnssarus,
1561 1998 1814 2034 ProcuratoribuS,
1832 1995 1983 2034 Deputatis
2006 1997 2040 2028 &
2063 1997 2191 2028 Nunciis
2214 1983 2390 2030 Potestateni

1315 2040 1505 2072 sufficientem
1525 2039 1561 2069 ab
1582 2038 1686 2069 eodem
1708 2036 1932 2071 Consanguineo
1955 2035 2056 2066 nostro
2078 2035 2247 2067 habentibus
2297 2038 2332 2069 de
2353 2038 2389 2069 &

1316 2080 1397 2118 super
1412 2078 1639 2122 quibuscumque
1662 2076 1858 2107 Commerciis
1879 2074 2084 2113 Exercitioque
2105 2060 2366 2107 Commerdiorurn

1317 2129 1351 2150 ac
1365 2128 1468 2149 mutuo
1482 2118 1515 2149 ὃς
1527 2115 1672 2159 amicabili
1683 2113 1842 2146 Intercursu
1857 2112 2115 2152 Mercandisarum,
2133 2117 2206 2144 inter
2215 2116 2276 2144 Nos
2312 2101 2388 2146 Hae:

1319 2158 1398 2202 redes
1413 2158 1446 2188 ὃς
1462 2156 1642 2187 Succeflores
1655 2154 1783 2193 nostros,
1800 2161 1884 2190 atque
1898 2151 1999 2192 Regna
2010 2175 2020 2190 ,
2036 2152 2140 2183 Patrias
2153 2177 2163 2190 ,
2182 2139 2294 2184 Terras’
2321 2154 2388 2185 Do-

1319 2207 1407 2228 minia
1424 2197 1457 2227 δε
1473 2195 1555 2225 Loca
1571 2193 1667 2225 nostra
1680 2201 1888 2232 quaecumque,
1905 2192 1939 2222 δε
1961 2191 2074 2222 dietum
2091 2177 2320 2231 Constznguineussn
2340 2203 2390 2223 no-

1311 2236 1402 2280 striani
1417 2234 1557 2265 Haeredes
1580 2243 1637 2272 atq,
1659 2233 1842 2263 Successores
1861 2230 1942 2268 suOS,
1957 2240 2016 2268 atq,
2039 2229 2161 2269 Patrias,
2180 2231 2284 2262 Terras
2322 2231 2391 2262 Do-

1320 2285 1409 2319 minia
1423 2274 1458 2305 δε
1471 2274 1554 2316 Loca
1565 2272 1610 2303 sua
1627 2281 1793 2311 quaecumq,
1809 2268 1961 2307 Subditos‚
1979 2269 2005 2299 V
2008 2269 2132 2308 affiiios,
2146 2256 2372 2302 Confoede'ratos

1321 2314 1444 2344 Amicos
1460 2335 1469 2350 ,
1494 2312 1630 2350 Alligatos
1645 2333 1655 2349 ,
1681 2311 1819 2341 Faventes
1847 2308 1882 2338 &
1912 2308 2098 2339 Adhaerentes
2124 2307 2237 2340 nostros
2269 2310 2302 2340 δε
2328 2295 2392 2340 suo}

1321 2352 1519 2397 quoscumque
1536 2391 1540 2395 ι
1555 2349 1773 2388 Conveniendi,
1793 2346 2014 2386 Appunetuandi
2024 2369 2036 2386 ,
2054 2346 2226 2378 Celebrandi
2253 2347 2393 2387 Compo⁴

1320 2391 1406 2422 nendi
1421 2391 1454 2421 &
1468 2374 1583 2420 finaliter
1599 2387 1819 2425 Concludendi,
2233 2373 2242 2387 ²

1347 2429 1490 2476 ,Necnon
1505 2429 1541 2459 de
1558 2430 1591 2460 &
1606 2428 1684 2466 super
1695 2428 1831 2458 omnibus
1844 2425 1878 2456 &
1894 2425 2004 2465 singulis
2011 2423 2389 2465 contentionibus‚>Qiae-

1319 2469 1458 2514 stionibus
1471 2492 1480 2507 ,
1506 2467 1609 2511 Causis·
1623 2489 1638 2511 ,Ι
1661 2466 1793 2505 Qerelis
1807 2487 1817 2503 ,
1839 2464 1949 2495 Litibus
1962 2487 1972 2503 ,
1991 2465 2172 2502 Attemptatis
2185 2487 2195 2502 ‚
2221 2464 2366 2503 Dampnis

1320 2509 1431 2552 Iniuriis
1444 2531 1454 2546 ,
1471 2506 1694 2537 Gravaminibus
1717 2505 1750 2536 &
1775 2503 1936 2534 Demandis
1950 2526 1959 2541 ,
1979 2513 2012 2533 ac
2034 2502 2141 2540 injustis
2164 2487 2391 2534 Detentionibus’

1322 2547 1472 2592 Mercium
1488 2548 1521 2577 &
1536 2544 1739 2588 Mercatorum
1754 2542 1869 2579 alicujus
1879 2541 2003 2572 l'artium
2019 2541 2235 2580 praedictarum,
2254 2543 2311 2573 una
2318 2551 2389 2573 cum

1321 2586 1373 2616 suis
1395 2584 1625 2628 Circumstantiis
1637 2605 1648 2621 ,
1666 2582 1903 2620 Emergentibus,
1924 2580 2136 2618 Incidentibus,
2152 2579 2392 2618 Dependentibus

1322 2626 1355 2656 &
1370 2623 1532 2662 Connexis,
1551 2631 1614 2666 quse
1629 2625 1703 2651 inter
1716 2623 1776 2650 Nos
1792 2618 1830 2654 ὠ·
1841 2616 1991 2658 prefatum
2003 2617 2235 2658 Confiinguineum
2255 2630 2288 2650 no
2313 2629 2372 2649 rum

1324 2674 1358 2693 ac
1380 2663 1482 2706 Regna
1496 2685 1505 2699 ‚
1525 2661 1627 2691 Patrias
1641 2684 1650 2698 ,
1668 2659 1771 2690 Terras
1783 2682 1793 2697 ,
1812 2657 1973 2695 Dominia,
1992 2657 2093 2696 Loca,
2111 2657 2262 2695 Subditos‚
2281 2619 2390 2689 eaffil:

1323 2703 1382 2738 los,
1402 2702 1556 2739 Alligatos,
1574 2698 1812 2733 Conscederatos,
1832 2697 1969 2734 Amicos,
1989 2696 2127 2726 Faventes
2148 2698 2182 2727 ὃ(
2206 2696 2393 2728 Adiiaerentes

1323 2740 1436 2770 nostros
1457 2741 1489 2770 δε
1508 2739 1569 2768 suos
1589 2737 1742 2774 praedietos
1763 2735 1900 2765 hincinde
1913 2735 2037 2773 pendere
2054 2734 2239 2765 dinoscuntur

1362 2779 1381 2797 *³
1399 2777 1530 2808 Necnon
1547 2776 1582 2806 de
1598 2777 1631 2807 &
1648 2775 1727 2814 super
1740 2775 1878 2804 omnibus
1892 2774 1925 2805 ὅ(
1940 2773 2051 2811 singulis
2066 2758 2262 2812 Differentiis³,
2278 2774 2395 2813 Qiere-

1326 2817 1374 2854 iis,
1392 2817 1437 2861 seu
1454 2814 1672 2854 Quaestionibus
1691 2812 1919 2852 quibuscumque
1932 2813 1962 2841 in
1984 2811 2121 2850 Capitulis
2143 2812 2343 2844 Amicitiarum
2359 2813 2394 2844 &
2407 2804 2426 2824 *¹
2446 2805 2515 2834 ΧῙῘ·

1328 2855 1478 2887 Mercium
1501 2851 1674 2884 Intercuissis
1689 2876 1698 2890 ,
1730 2855 1802 2881 inter
1822 2852 1882 2880 Nos
1909 2852 1943 2882 &
1965 2850 2068 2880 dicium
2090 2848 2319 2891 Confhnguineum
2345 2862 2395 2882 no-
2412 2852 2478 2880 7¹9⁴

1320 2895 1411 2935 strum
1425 2895 1470 2925 vel
1493 2891 1712 2923 Commissarios
1730 2889 1842 2920 nostros
1862 2890 1895 2920 δε
1919 2888 2145 2920 Commiffarios
2166 2891 2175 2920 i
2197 2890 2248 2920 lius
2266 2889 2396 2920 Consan-

1328 2934 1423 2981 guinei
1437 2931 1525 2976 nostri
1540 2940 1602 2961 ante
1617 2931 1680 2961 haec
1696 2937 1828 2966 tempora
1845 2929 1918 2958 initis
1941 2929 1975 2959 &
1990 2927 2153 2966 conclusis,
2201 2928 2375 2959 onveniendi

1331 2970 1581 3016 Lommumcandi
1595 2993 1605 3009 ,
1618 2968 1773 3000 Trafflndr
1790 2991 1800 3006 ,
1819 2966 1991 3005 Exponendi
2004 2991 2014 3004 ,
2032 2965 2236 3005 Interpretandi
2251 2988 2261 3004 ,
2285 2953 2397 2998 Decial

1331 3011 1426 3055 randi,
1441 3011 1475 3041 &
1490 3008 1725 3054 concordandi,
1740 3016 1825 3045 atque
1846 3016 1878 3036 ea
1889 3006 1989 3036 omnia
2001 3006 2034 3036 ὅτ.
2049 3004 2153 3044 singula
2169 3001 2380 3041 Componendi

1332 3048 1496 3097 paciscendi
1509 3071 1518 3086 ,
1539 3049 1565 3078 A
1587 3046 1786 3088 punCiuandiq,
1807 3044 1968 3082 Reparandi
1984 3067 1993 3080 ,
2012 3041 2224 3082 Reformaridi,
2246 3044 2280 3075 &
2296 3031 2399 3083 plena—²

1331 3099 1372 3119 rie
1385 3098 1419 3118 ac
1434 3088 1542 3125 integre
1590 3084 1776 3117 etermimndi
1790 3084 1823 3114 &
1837 3083 1956 3114 finaliter
1968 3081 2187 3120 Concludendi,

1370 3127 1416 3158 Ac
1429 3126 1465 3156 de
1483 3127 1520 3170 ¹&
1541 3125 1622 3164 super
1640 3122 1801 3162 hujusmodi
1818 3121 2024 3160 Appunetuatis
2038 3120 2071 3150 &
2086 3119 2258 3159 Conclufis,
2273 3123 2399 3154 caeteris-

1333 3176 1389 3211 que
1407 3165 1542 3208 omnibus
1554 3165 1587 3206 ὃς
1603 3164 1712 3203 singulis
1727 3161 1874 3192 Praemifla
1887 3158 2144 3198 concernentibus,
2162 3169 2227 3197 quae
2240 3170 2310 3191 cum
2325 3170 2399 3199 prae-

1334 3209 1396 3248 fatis
1420 3203 1647 3241 Commiflariis,
1667 3201 1854 3238 Oratoribus,
1873 3197 2125 3236 Procuratoribus,
2145 3197 2277 3236 Legatis,
2294 3198 2398 3237 Depu-

1333 3253 1410 3280 tans,
1429 3243 1462 3272 &
1484 3240 1610 3271 Nunciis
1634 3241 1703 3271 disti
1717 3238 1910 3278 Confhnguinei
1928 3235 2011 3275 nostri
2026 3235 2244 3275 Appunetuata,
2259 3236 2399 3268 Concor-

1335 3284 1414 3319 data,
1431 3282 1463 3312 ὃ(
1485 3279 1628 3310 Conclusa
1648 3279 1767 3314 fuerint,
1783 3277 1889 3307 Literas
1909 3275 2011 3306 validas
2029 3276 2064 3306 δε
2085 3274 2216 3306 efficaces
2237 3285 2290 3313 pro
2313 3275 2400 3307 Parte

1338 3320 1433 3364 nostra
1455 3319 1486 3350 T
1489 3319 1602 3349 radendi
1623 3318 1656 3349 ἃ
1679 3315 1863 3348 Deliberandi
1876 3337 1886 3352 ,
1914 3314 2075 3352 Literasque
2097 3314 2161 3344 alias
2180 3314 2337 3345 consimilis
2358 3315 2402 3347 vi-

1337 3358 1466 3426 gonsd&
1489 3356 1611 3388 effetius
1634 3365 1669 3386 ex
1690 3356 1774 3386 altera
1796 3353 1881 3384 Parte
1901 3351 2021 3384 Petendi
2034 3375 2044 3391 ,
2067 3351 2230 3391 Exigendi,
2252 3353 2288 3384 &
2312 3353 2403 3385 Reci-

1337 3407 1403 3436 pien
1426 3407 1453 3433 i,

1377 3435 1414 3465 Et
1429 3433 1592 3471 generaliter
1606 3433 1703 3476 omnia
1717 3430 1863 3462 Praemiffii
1876 3431 1910 3463 δε
1924 3428 2139 3460 Praemifforum
2155 3427 2194 3460 fin
2217 3427 2260 3460 ula
2276 3430 2407 3468 qualiter-

1341 3483 1466 3511 cumque
1480 3479 1680 3502 concernentia
1694 3470 1848 3506 Faciendi,
1864 3468 2021 3499 Exercendi
2031 3492 2041 3505 ,
2059 3468 2094 3498 &
2113 3467 2191 3506 Expe
2211 3467 2305 3507 iendi,
2321 3469 2402 3501 ita&

1341 3512 1447 3543 eodem
1469 3510 1560 3540 modo
1578 3509 1648 3553 sicut
1665 3508 1734 3539 Nos
1749 3508 1799 3545 ipsi
1819 3508 1974 3538 faceremus
1993 3506 2012 3536 fi
2028 3508 2057 3537 in
2071 3506 2193 3537 Persona
2207 3506 2302 3538 nostra
2316 3509 2404 3540 inter-

1343 3551 1479 3621 ?fferniss,
1495 3558 1529 3579 ac
1552 3557 1638 3579 etiam
1654 3547 1674 3577 fi
1685 3546 1748 3578 talia
1765 3546 1818 3577 sint
1832 3555 1898 3585 quae
1909 3543 2083 3577 Mandatum
2097 3545 2135 3576 de
2149 3545 2176 3576 se
2192 3546 2280 3585 magis
2293 3548 2405 3586 exigant

1353 3599 1431 3628 pecia
1442 3597 1458 3618 e
1467 3599 1477 3626 ς

1383 3627 1601 3663 Promittentes,
1620 3622 1700 3654 bona
1715 3623 1827 3654 Fide&
1840 3623 1868 3653 in
1884 3622 1984 3653 Verbo
2011 3621 2124 3662 Regio,
2143 3622 2242 3653 omnia
2261 3622 2296 3654 δί
2311 3621 2406 3661 fingu-

1345 3667 1388 3704 la,
1405 3675 1470 3704 quae
1485 3675 1532 3702 per
1550 3663 1680 3703 praefatos
1704 3661 1946 3700 Commissarios,
1963 3660 2102 3692 Oratores
2135 3660 2355 3697 Procuratores,
2370 3661 2406 3691 &

1347 3705 1507 3742 Deputatos
1526 3703 1639 3733 nostros
1661 3702 1860 3745 Appunetuata
1872 3724 1881 3738 ,
1907 3699 2047 3731 Promissa
2062 3723 2072 3738 ,
2125 3698 2279 3730 oncordata
2291 3720 2301 3735 ,
2320 3697 2407 3729 Con-

1349 3751 1450 3789 venta,
1468 3742 1502 3772 &
1518 3740 1668 3786 ‚Conclusa
1687 3741 1792 3770 fuerint
1812 3741 1840 3769 in
1864 3739 1918 3769 hac
1939 3738 2038 3777 Parte,
2053 3738 2123 3769 Nos
2142 3737 2230 3776 Rata,
2246 3735 2334 3767 Grata
2372 3739 2407 3768 &

1351 3782 1445 3812 Firma
1458 3781 1601 3810 habituros
1619 3781 1651 3810 &
1666 3779 1879 3817 observaturos,
1897 3778 1930 3809 ὃ(
1944 3776 2091 3816 superinde
2104 3776 2215 3807 Literas
2232 3761 2408 3808 nostras’Pa-

1351 3829 1440 3852 tentes
1454 3817 1689 3862 Confirmatorias
1704 3817 1825 3848 daturos.

1351 3858 1421 3929 PIn
1443 3866 1526 3926 tcujus
1553 3857 1609 3888 Rei
1631 3856 1848 3887 Testimonium
1870 3855 1919 3885 has
1941 3854 2047 3885 Literas
2069 3851 2176 3883 nostras
2203 3850 2262 3882 fieri
2286 3851 2410 3885 fecimus

1377 3905 1442 3928 aten
1454 3905 1491 3926 ες.

1388 3972 1479 4018 Teste
1502 3972 1610 4010 meipso
1628 3970 1702 4009 apud
1723 3968 1978 4009 Wsimonasterium
1992 3991 2003 4008 ,
2027 3966 2144 3997 decimo
2169 3976 2251 3998 nono
2273 3966 2333 3998 Die
2355 3966 2409 3999 Fe-

1355 4014 1457 4066 bruarii
1467 4034 1477 4050 ,
1492 4011 1580 4042 Anno
1592 4011 1688 4049 Regni
1707 4009 1798 4040 nostri
1813 4007 2054 4047 Quartodecimo.

1394 4087 1529 4126 Philippus
1544 4110 1554 4125 ,
1573 4085 1631 4117 Dei
1650 4085 1736 4126 gratia
1748 4110 1759 4124 ,
1776 4085 1956 4116 ARCHIDVX
1973 4079 2096 4121 Austriae
2109 4106 2120 4121 ,
2138 4081 2218 4114 Dux
2230 4079 2414 4148 Βκνμπόῗς

2390 4129 2421 4148 a-
