2555 4266
249 111 300 148 16
717 102 1958 154 CONVENTIONES,LITERAE,

94 191 171 222 Arin.
187 191 228 224 D.
243 194 284 224 bii
302 215 311 232 ,
344 193 378 225 &
396 193 548 222 Laurentia
566 189 708 230 Johannis
725 193 828 230 fogata
848 190 943 223 Milite
961 189 1142 222 Cancellario
1161 189 1304 227 Portuga-
1341 198 1484 227 cumque,
1502 188 1550 233 ipsi
1568 188 1728 233 Regi,.qui
1741 191 1770 221 in
1783 189 1936 222 Praemissis
1956 191 2092 230 Sumptus
2112 192 2270 231 praestiterit
2289 192 2324 224 &
2348 191 2408 224 Ex·
2427 192 2553 228 Ann.D.

118 240 204 269 1472.
246 233 312 271 liae,
331 230 599 266 Ambaffiatoribus,
616 229 869 266 procuratoribus,
883 229 928 260 seu
941 229 1083 268 Nunciis,
1100 228 1214 260 Illustris
1222 228 1308 259 Cori-
1342 227 1436 271 pensas
1461 228 1558 258 fecerit
1583 228 1748 266 principales
1769 238 1822 266 pro
1845 229 1922 260 dieta
1945 229 2060 261 Armata
2073 230 2215 270 facienda,
2235 232 2406 263 Liberentur
2443 241 2528 271 1472.

93 270 162 299 Edv.
181 282 211 307 4.
247 270 391 308 sanguinei
408 270 448 299 sui
467 272 481 286 ‘
503 268 630 299 Domini
643 268 785 308 Johanm's
798 291 808 306 ,
833 268 892 299 Dei
910 267 996 307 gratia
1010 290 1020 306 ‚
1045 271 1124 305 Regis
1147 266 1311 310 Portugaliae
1345 266 1379 297 &
1394 266 1464 296 illius
1480 265 1548 304 (int,
1566 266 1636 296 salva
1651 273 1748 310 tamen
1761 266 2005 299 Remuneratione
2019 269 2076 299 five
2088 269 2224 308 Regardo
2237 280 2408 309 competen-
2417 273 2488 300 Edu.
2504 283 2533 309 4.
2547 298 2550 300 .

112 309 130 325 ¹²
154 311 204 338 Xl.
247 311 280 341 &
308 307 440 346 Algarbit'
453 330 463 345 ,
492 308 527 339 ad
553 308 733 340 Praesentiam
756 306 863 346 praefati
883 305 1054 338 Sereniffiini
1074 306 1202 338 Domini
1219 305 1308 336 nostri
1344 313 1384 348 ti,
1403 305 1543 349 perillum
1560 304 1673 349 Regem
1687 304 1820 349 faciendo
1833 306 1873 335 illi
1885 306 1930 336 vel
1942 306 2053 344 illisqui
2065 307 2158 339 diei-os
2172 308 2270 340 Duces
2286 310 2331 340 vel
2347 309 2406 341 Ca-

94 354 159 382 742·
241 345 676 417 prtigdsrfiitgigs‘ssffdsffisiatentae
690 384 803 423 Magno
819 384 918 423 sigilio
929 384 1049 414 munitas
1066 383 1199 422 (quarum
1205 383 1308 414 Tenor
1366 342 1924 418 lengiiegiolsnilailtitcilnztiiilggffirdtditssiifflt
1938 352 2070 382 pomum
2083 346 2154 377 inter
2167 347 2195 378 se
2210 347 2256 379 seu
2271 357 2323 386 per
2342 347 2405 379 suos

244 426 359 457 inferius
373 424 548 461 describitur)
563 424 737 454 Potei'oetem
754 423 898 454 commisit
916 423 950 453 &
969 423 1110 457 attribuit,
1380 420 1459 452 Bona
1474 423 1546 452 vero
1565 420 1743 458 immobilia,
1762 428 1827 458 puta
1841 419 1960 458 Terrae,
1978 419 2081 458 Villae,
2100 421 2214 462 Castra,
2231 424 2265 456 &
2285 424 2403 463 fimilia,

282 463 316 494 In
334 464 413 498 cuius
432 464 533 501 vigore
550 472 618 493 curn
637 461 889 493 Ambaffiatoribus
902 463 936 493 &
949 461 1074 491 Nunciis
1089 460 1214 490 Domini
1229 462 1307 496 Regis
1342 457 1361 488 fi
1382 469 1432 497 per
1451 459 1561 490 Gentae
1574 461 1655 490 unius
1669 459 1813 489 dietorum
1835 458 1952 496 Regum
1963 481 1973 496 ,
1990 457 2148 490 Haeredum
2158 483 2169 499 ,
2185 462 2231 493 vel
2252 462 2402 495 Success'o..

243 501 410 540 Portugaliae
426 501 604 540 supradictis,
623 511 638 531 a
651 501 769 539 praefato
785 500 919 531 Domino
933 500 982 530 suo
996 499 1030 530 ad
1057 498 1230 534 Infrascripta
1252 497 1306 527 Fa-
1342 506 1408 527 rum
1421 497 1552 537 suorum,
1569 498 1650 536 super
1663 497 1799 528 Inimicos
1813 497 1921 533 alterius
1934 497 2045 527 illarum
2059 496 2156 528 invasa
2166 498 2315 534 fuerint&
2337 502 2400 543 Op·

243 541 379 572 ciendum
399 540 573 571 Potestatem
597 540 641 569 seu
662 539 895 570 procuratorium
920 537 971 568 sub
986 537 1085 576 Sigillo
1101 537 1246 578 Plumbeo
1272 544 1306 565 ex
1339 543 1434 573 teum,
1451 536 1486 567 ad
1501 546 1567 574 quae
1580 536 1617 567 de
1649 547 1698 568 ure
1710 536 1787 567 alteri
1800 535 1923 573 ipsorum
1941 534 2078 575 Regum,
2092 535 2248 569 Haeredum
2262 540 2310 570 vel
2329 541 2401 573 Suc-

244 580 327 611 Parte
350 579 456 618 praefati
479 575 604 610 Domini
623 578 662 609 sui
682 578 895 614 exhibentibus,
915 576 1006 614 (cujus
1021 577 1105 605 etiarn
1120 573 1307 617 Tenorlinseb
1339 573 1484 605 cestorum
1497 575 1612 606 suorum
1645 585 1676 606 us
1691 576 1873 613 competierit
1888 576 1916 605 in
1932 574 1984 605 hac
2000 583 2094 612 parte,
2110 575 2144 606 &
2160 575 2195 606 ad
2213 584 2245 607 ea
2265 577 2328 609 alias
2349 578 2401 617 Jus

242 619 298 650 rius
311 618 486 655 describitur)
505 618 610 655 Ligas,
630 618 795 654 Amicitias,
807 615 1096 652 Confoederationes,
1114 613 1159 657 seu
1173 610 1308 642 Umones
1340 610 1467 643 habuerit
1488 613 1692 652 prosequendi,
1711 614 1888 651 ubicumque
1907 614 2011 644 fuerint
2032 612 2112 643 Bona
2133 613 2177 644 illa
2198 614 2233 645 &
2255 616 2285 646 iu
2299 619 2401 655 quibui,

242 654 342 695 reales,
361 656 453 687 firmas
463 680 473 695 ,
491 656 524 687 &
538 664 698 695 perpetuaS,
714 655 933 692 Tradimvitnus,
946 653 980 684 &
989 676 999 690 ,
1017 651 1083 690 post
1096 660 1181 683 varias
1195 653 1309 688 Dietas,

1340 648 1450 689 Regnis
1465 651 1512 681 vel
1529 651 1694 690 Dominii's,
1713 651 1806 682 eidem
1821 655 1886 690 Regi
1900 650 2015 690 Angliae
2030 651 2077 683 vel
2101 651 2284 691 Portugaliae,
2300 657 2347 687 cui
2364 657 2398 688 il..

243 696 495 728 Concordavimus
511 695 560 726 sub
576 696 639 726 haec
655 694 747 725 forma
757 715 767 732 ,

1338 687 1432 718 lorum
1454 689 1483 719 in
1508 689 1559 720 illis
1581 690 1728 729 Partibus,
1741 690 1810 729 Jure
1828 690 2038 728 Haereditario,
2055 690 2101 722 vel
2124 690 2176 722 alia
2196 691 2241 722 via
2262 691 2338 731 Juris
2357 694 2399 726 le-

94 3258 111 3273 ⁸
125 3256 182 3284 xi.

98 3304 164 3332 743·

277 773 322 805 ΙΝ
346 783 364 805 Ρ
376 781 498 805 armis
514 795 523 810 ,
537 773 654 810 jamque
675 769 845 801 Tractatum
867 769 926 807 est,
945 769 979 801 &
997 767 1114 799 finaliter
1131 764 1302 797 Concorda-

241 822 304 845 tum
325 813 424 851 quod,
445 820 562 850 propter
585 810 699 841 Bonum
717 808 883 846 publicum,
908 809 942 839 &
965 807 1102 845 Qiietern
1125 805 1243 843 Regum
1267 803 1301 834 &

239 852 429 884 Subditorum
450 849 591 886 utriusque
619 847 735 885 Regni,
758 845 809 876 lint
829 847 863 877 &
887 846 1084 876 inviolabiliter
1108 853 1141 873 ac
1163 844 1301 883 perpetuo

262 898 424 922 ermaneant
438 890 510 918 inter
524 888 618 926 Reges
634 885 793 915 Modernos
814 882 1000 922 supradictos,
1018 890 1176 919 eorumque
1197 881 1300 911 Haere-

236 901 286 961 ges
305 931 338 962 ὃ(
358 927 554 963 Successores,
570 935 603 955 ac
624 923 758 954 Subditos
781 923 921 961 utriusque
944 923 1056 961 Regni,
1074 920 1171 960 Ligae,
1189 919 1304 950 Amici—

236 970 284 1000 tiae
319 965 603 1001 Confoederationes,
620 964 653 995 &
678 962 814 992 Unionec
834 961 941 998 firmae,
960 967 1121 1002 perpetuae,
1148 959 1183 990 &
1204 959 1303 996 realeS,

235 991 344 1038 ned’um
358 1015 410 1044 pro
429 1003 495 1041 Ipsis
510 1004 543 1033 &
557 1011 655 1033 eorum
675 1000 865 1043 HaeredibuS,
884 1001 917 1031 &
940 998 1172 1042 Succefforibus,
1187 996 1225 1028 set
1230 1006 1302 1066 x›oiro

238 1045 348 1085 Regnis
385 1043 503 1080 Terris,
523 1040 687 1078 Dominiis,
705 1039 738 1069 &
758 1038 875 1075 Patriis,
891 1047 1049 1076 eorumque
1063 1036 1204 1074 Subditis,
1259 1046 1287 1066 as

237 1084 322 1121 saliis,
341 1067 464 1121 A'lligatis
475 1103 485 1119 ,
502 1081 534 1111 &
551 1079 662 1111 Amicis
681 1077 922 1144 quibuscumque,
937 1076 1010 1121 adeo
1024 1074 1105 1120 quod
1119 1074 1186 1106 alter
1200 1084 1301 1105 eorum

236 1130 362 1154 teneatur
377 1121 455 1152 alteri
472 1118 645 1151 Succursum
661 1117 753 1147 facere
770 1116 802 1146 &
824 1115 851 1146 A
869 1123 1008 1153 Jutorium
1030 1113 1214 1152 impendere,
1229 1123 1303 1144 con-

232 1169 274 1193 tra
288 1169 406 1198 omnes,
423 1159 470 1197 qui
485 1156 598 1196 possunt
614 1157 708 1186 vivere
724 1156 757 1185 &
772 1155 864 1191 mori,
879 1154 928 1192 qui
948 1152 1062 1185 Partem
1086 1153 1195 1183 alterius
1216 1152 1302 1183 laede-

232 1210 264 1230 re
301 1199 348 1230 seu
362 1199 472 1230 Statum
488 1196 638 1231 depravare
654 1193 874 1232 quomodolibet
889 1192 1073 1229 molirentur,
1092 1191 1226 1222 Domino
1248 1201 1304 1220 no-

234 1223 293 1269 stri>
308 1241 412 1268 Summo
428 1234 554 1274 Pontifice
568 1233 677 1263 Urbano
697 1232 858 1269 moderno,
875 1231 982 1269 suisque
1004 1229 1220 1261 Successoribus
1243 1229 1303 1261 Ca-

233 1278 342 1308 nonice
358 1274 539 1310 intrantibuS,
556 1272 692 1303 Dominis
713 1269 889 1310 Wenzeflao,
905 1269 962 1300 Dei
987 1269 1095 1308 gratia,
1113 1271 1183 1307 Rege
1202 1271 1302 1298 Roma-

233 1326 328 1347 norum
348 1314 386 1350 &
401 1312 552 1349 Bohemiae,
570 1312 604 1341 δε
617 1309 768 1349 Johanne,
784 1309 884 1340 eadem
901 1307 989 1347 gratia
1000 1331 1009 1346 ,
1026 1310 1095 1346 Rege
1117 1306 1240 1349 Castellae
1260 1307 1299 1342 &-

233 1357 361 1392 Legionis
380 1356 449 1382 Duce
464 1349 650 1391 Lancastriae,
670 1348 826 1380 Avunculo
841 1347 949 1386 praefati
972 1345 1150 1377 Illustriffimi
1173 1345 1301 1378 Domini

232 1393 344 1430 nostri,
362 1402 413 1431 pro
427 1391 508 1421 Parte
521 1389 644 1427 ejusdem
659 1387 811 1425 specialiter
825 1386 969 1417 dumtaxat
983 1385 1126 1425 Exceptis.

269 1431 314 1462 [τ
325 1441 343 1462 ε
353 1439 398 1469 M,
418 1428 587 1460 TraCtatum
603 1426 644 1457 est
660 1427 693 1457 &
711 1426 879 1456 unanimiter
894 1423 1115 1455 Concordatum
1131 1422 1211 1462 quod
1235 1433 1302 1454 om-

229 1481 280 1501 nes
303 1470 336 1501 δε
361 1469 460 1507 singuli
484 1465 613 1502 vassalli,
637 1465 682 1496 seu
706 1464 817 1495 Subditi
838 1463 1033 1503 Regnorum,
1059 1462 1216 1494 Terrarum
1232 1485 1242 1501 ‚
1267 1463 1301 1494 δε

231 1508 443 1539 Dominiorum
467 1505 710 1544 supradidwrum,
734 1502 840 1533 etiamsi
864 1501 994 1539 Praelati,
1019 1502 1134 1540 Duces,
1152 1500 1301 1539 Comites,

228 1547 370 1586 Buones,
389 1546 512 1583 Milites,
532 1543 655 1580 Clerici,
674 1541 825 1579 Scutiferi,
846 1540 1039 1579 Mermmres,
1057 1541 1102 1571 seu
1126 1540 1170 1570 alii
1197 1541 1300 1577 (cujus-

230 1596 358 1625 cumque
380 1584 622 1619 Praeeminentiae,
642 1580 754 1618 Status,
772 1581 817 1611 vel
841 1579 1023 1611 Conditionis
1047 1578 1197 1613 extiterint)
1220 1587 1302 1615 pote-

231 1636 301 1657 runt
314 1625 390 1656 salvo
407 1625 440 1655 &
454 1624 550 1653 secure
566 1621 632 1652 Pars
650 1619 805 1658 (videlicet)
821 1628 875 1648 una
891 1618 1000 1649 alterius
1014 1618 1171 1658 Regnum,
1187 1616 1301 1655 Terras,

232 1665 266 1696 &
283 1663 424 1694 Dominia
439 1661 562 1699 Intrare,
580 1661 613 1692 &
631 1668 699 1690 cum
717 1658 779 1695 ipsis
801 1657 925 1688 Subditis
949 1659 1052 1688 mutuo
1076 1655 1246 1688 Conversari
1266 1656 1299 1686 δε

230 1702 376 1740 Mercari,
394 1701 558 1738 ibidemque
577 1698 705 1735 Morari,
722 1698 756 1728 &
769 1695 872 1726 deinde
887 1695 921 1725 ad
935 1695 1021 1726 Lares
1039 1696 1168 1733 proprios
1190 1694 1300 1724 Rever-

227 1743 271 1779 ti,
288 1742 334 1772 vel
351 1749 535 1779 quocumque
551 1737 684 1776 placuerit
700 1735 727 1766 se
742 1734 910 1772 Divertere,
925 1733 998 1764 adeo
1016 1734 1104 1764 libere
1121 1734 1155 1765 &
1171 1732 1300 1777 pacifice,

230 1781 311 1811 sicuti
325 1782 354 1810 in
368 1780 479 1818 propria
496 1777 585 1808 Patria
598 1776 656 1805 hoc
673 1775 788 1811 liceret,
806 1773 840 1804 ὃ(
857 1772 938 1811 qnod
952 1782 1006 1816 una
1028 1772 1095 1802 Pars
1116 1773 1144 1802 in
1167 1771 1279 1809 Regnis
1292 1795 1300 1809 ,

230 1818 343 1857 Terris,
368 1819 402 1849 &
425 1816 572 1847 Dominiis
592 1813 720 1850 alterius,
745 1813 817 1843 adeo
840 1811 1025 1842 amicabiliter
1048 1811 1240 1851 Receptetur,
1265 1812 1298 1841 &

229 1857 351 1889 honeste
364 1856 518 1888 Traeietur
533 1855 564 1884 in
575 1852 689 1890 singulis
706 1851 848 1889 Partibus,
866 1850 900 1881 ad
918 1860 986 1890 quas
1007 1850 1149 1880 declinare
1169 1851 1299 1888 contige-

228 1898 282 1935 rit,
302 1896 381 1928 sicuti
401 1894 512 1925 Gentes
534 1892 675 1923 dictarum
699 1889 842 1927 Partium,
861 1890 932 1928 paris
952 1888 1153 1926 Conditionis,
1171 1888 1300 1918 Traiiari

228 1935 352 1967 debeant
378 1943 424 1965 aut
445 1933 588 1969 solebant,
607 1929 756 1960 Solvendo
776 1928 851 1966 Rssi
875 1928 909 1959 &
931 1927 989 1957 aliis
1012 1926 1149 1957 Dominis
1172 1925 1299 1957 Partium

229 1973 372 2006 didbarum
387 1971 539 2002 Custumas
552 1972 586 2001 ὃς
603 1968 729 1999 Deveria
744 1968 772 1997 in
787 1966 915 1997 Partibus
930 1965 968 1995 illi
983 1965 1051 1996 solvi
1074 1965 1207 1995 haetenus
1226 1975 1298 1996 con-

228 2013 303 2044 sueta
313 2037 322 2050 ,
340 2021 456 2043 necnon
471 2008 671 2041 Custodiendo
687 2006 777 2045 Leges
789 2006 822 2036 &
837 2005 944 2035 Statura
959 2004 1074 2043 Regum
1089 2005 1122 2036 &
1140 2005 1297 2035 Terrarum

230 2051 456 2089 supradictorum
472 2050 522 2080 ubi
536 2048 573 2078 sic
589 2055 620 2078 ut
635 2046 807 2084 praedieturn
822 2044 863 2074 est
874 2068 884 2082 ,
900 2044 1063 2075 intraverint
1078 2043 1122 2074 vel
1138 2052 1187 2074 eos
1195 2044 1299 2075 morari

230 2097 395 2166 ςοῗξιῖἔιξῗιῑ,
415 2128 518 2158 mutuo
536 2122 755 2167 Concordatum
769 2121 810 2153 est
824 2121 904 2160 quod
922 2121 1001 2152 nullo
1016 2120 1106 2165 modo
1119 2120 1202 2166 liceat
1216 2121 1300 2152 dietis

231 2167 381 2206 Regibus,
400 2175 454 2195 nec
470 2165 550 2194 alicui
564 2162 772 2199 Subditorum,
789 2162 943 2192 Terrarum
959 2161 992 2192 &
1011 2159 1217 2190 Dominiorum
1228 2170 1302 2198 prae-

228 2206 372 2237 distorum
396 2203 610 2242 (cujuscumque
633 2199 751 2231 Gradus
795 2198 904 2235 Statiis,
931 2199 975 2229 seu
997 2198 1181 2230 Conditionis
1201 2201 1298 2230 extite-

230 2246 299 2281 rint)
320 2244 398 2274 Dare
413 2243 457 2273 seu
472 2242 575 2272 Facere
591 2223 782 2278 quovismodo
799 2237 984 2275 Concilium,
1003 2237 1149 2268 Auxilium
1185 2238 1231 2268 vel
1248 2238 1301 2268 Fa-

229 2293 332 2315 vorem
351 2282 472 2318 Terrae,
492 2281 537 2312 vel
560 2278 722 2315 Dominio,
742 2277 798 2307 five
822 2276 962 2321 Nationi,
980 2286 1046 2321 quae
1061 2277 1137 2320 alteri
1151 2260 1225 2320 Parti
1248 2287 1299 2307 eo-

230 2322 364 2353 rumdem
378 2320 498 2351 Inimica
512 2319 595 2350 fuerit
610 2317 655 2348 vel
671 2316 812 2347 Rebellis:
833 2325 887 2346 nec
901 2315 1027 2346 inimicis
1048 2315 1211 2352 hujusmodi
1233 2314 1299 2345 Na-

228 2370 299 2398 ves,
317 2359 435 2397 Galeas,
452 2358 499 2389 seu
515 2358 622 2396 quaevis
639 2356 689 2385 alia
704 2355 828 2393 Navigia
839 2378 848 2391 ,
869 2364 933 2392 quae
947 2355 975 2383 in
998 2353 1165 2384 Gravatnen
1190 2353 1300 2384 alterius

229 2399 320 2430 Partis
337 2397 438 2429 cedere
451 2398 574 2435 poterint
585 2418 595 2433 ,
613 2393 804 2433 quovismodo
824 2393 947 2430 Locare,
958 2391 1149 2430 Concedere,
1168 2392 1213 2422 seu
1226 2392 1299 2423 aliud

230 2437 406 2474 Suffragium
433 2435 655 2474 (cuiuscumque
674 2433 783 2472 generis
805 2433 850 2461 vel
875 2441 982 2461 naturae
1005 2432 1108 2468 fuerit)
1137 2431 1301 2470 hujusmodi

233 2475 361 2506 Inimicis
382 2475 428 2505 vel
451 2473 630 2510 Rebellibus,
658 2480 843 2508 quocumque
867 2470 987 2508 Titulo,
1006 2470 1218 2509 Cooperatura,
1239 2469 1301 2500 Pal-

232 2515 346 2545 liatione
366 2513 410 2543 vel
433 2512 562 2550 Colore,
580 2510 689 2540 direete
712 2509 756 2539 vel
780 2509 933 2546 indireete,
959 2509 1075 2546 publice
1096 2509 1141 2539 vel
1165 2509 1302 2547 occulte,

234 2551 426 2591 quovismodo
440 2551 549 2588 facere,
568 2549 611 2579 vel
629 2548 799 2578 Succursum
814 2547 940 2578 Inimicis
955 2547 1001 2578 seu
1021 2547 1189 2579 Rebellibus
1210 2547 1305 2582 huius-

234 2591 334 2629 modi,
350 2591 398 2628 qui
422 2590 451 2619 in
475 2588 639 2618 Gravamen
665 2587 773 2617 alterius
799 2585 886 2616 Partis
903 2585 1003 2616 cedere
1019 2586 1118 2625 poffit,
1137 2587 1302 2624 impendere

233 2630 278 2662 vel
302 2628 446 2668 praes'mre,
466 2628 533 2664 quin
558 2626 655 2668 potius.
674 2625 790 2668 quilibet
804 2624 946 2654 dieiorum
964 2624 1102 2663 Regum,
1119 2625 1152 2656 ὃς
1164 2663 1169 2668 .
1181 2624 1303 2663 Regno-

234 2662 922 2744 83ςῖςὲξὲτὶᾞὺέἳιξῑῖεὲειῐᾞᾞτξᾙᾱὲἒῑ
938 2663 975 2731 ἐξ
988 2662 1303 2744 &irienses

235 2744 376 2783 Capitales
391 2742 540 2780 Inimicos,
558 2740 653 2770 Vitare
669 2739 800 2777 Perlequi
815 2739 848 2769 &
865 2738 1020 2768 Destruere
1043 2747 1108 2769 totis
1132 2738 1245 2770 Viribus
1264 2750 1305 2770 te-

236 2794 371 2820 noentur,
391 2783 443 2819 δε,
464 2781 482 2811 si
501 2781 562 2818 quis
574 2779 720 2809 dictorum
735 2776 943 2814 Subditorum,
961 2786 1062 2808 contra
1088 2776 1234 2807 Praemissa
1255 2777 1301 2808 seu

236 2821 349 2861 aliquod
369 2820 601 2855 Praemissorum,
618 2816 721 2854 aliquid
735 2816 910 2854 attemptasse
927 2815 1088 2846 Convifms
1101 2817 1306 2853 extiterit,abs-

236 2871 295 2900 que
320 2858 457 2898 Diffugio
479 2858 522 2888 vel
544 2856 732 2887 Simulatione
746 2854 841 2884 Puniri
858 2853 973 2885 debebit
991 2854 1145 2892 legittime,
1162 2855 1197 2885 ad
1216 2855 1305 2885 Bene-

237 2899 375 2940 placitum
391 2899 424 2929 &
437 2895 623 2927 Voluntatem
640 2894 712 2925 illius
725 2893 830 2932 Regis,
845 2893 874 2923 in
889 2893 968 2931 cujus
991 2892 1139 2923 Offensam
1160 2892 1198 2924 fic
1221 2894 1305 2925 fuerit

267 2947 276 2968 t
296 2947 326 2968 m
347 2945 446 2967 tatum.

237 2947 265 2969 at
273 2947 402 3014 friam,
420 2973 460 3004 est
476 2971 660 3004 concorditer
676 2971 848 3002 Ordinatum
875 2969 954 3008 quod
965 2992 975 3008 ,
986 2969 1010 3000 ‘fi
1021 2994 1031 3008 ,
1047 2970 1146 3001 futuris
1167 2973 1306 3010 tempori-

238 3016 312 3054 bus,
332 3024 385 3045 una
408 3012 472 3043 Pars
493 3012 609 3051 Regum
631 3010 853 3048 praedictorum,
873 3008 1070 3039 Haeredumve
1083 3009 1214 3046 suorum,
1234 3011 1307 3041 indi-

240 3063 304 3094 geat
325 3053 432 3084 alterius
452 3050 672 3088 Supportatione
694 3048 739 3079 vel
765 3047 921 3085 Succursu,
940 3047 973 3077 &
994 3057 1048 3085 pro
1064 3047 1197 3078 habendo
1213 3048 1310 3085 hujus-

241 3093 323 3124 modi
339 3091 455 3122 Auxilio
470 3089 582 3120 Partem
595 3087 709 3117 alter-am
724 3087 852 3122 legitime
864 3086 1031 3124 requisierit3
1051 3085 1132 3124 quod
1158 3086 1224 3116 Pars
1246 3086 1310 3118 Re-

241 3132 340 3171 quisita
354 3127 512 3168 hujusmodi
527 3126 670 3158 Auxilium
687 3126 732 3156 seu
745 3125 915 3156 Succursum
935 3124 1011 3155 Parti
1032 3124 1200 3163 Requirenti
1222 3125 1252 3163 (fi
1275 3127 1309 3157 &

241 3172 389 3209 quatinus,
412 3175 530 3207 propter
551 3165 731 3196 occurrentia
750 3163 829 3200 Sibi,
854 3162 982 3201 Regnis,
1007 3163 1123 3201 Terris,
1142 3163 1310 3204 Dominiis,

243 3210 277 3240 &
298 3208 424 3240 Subditis
444 3206 496 3236 suis
520 3202 666 3240 Pericula,
686 3202 743 3232 hoc
761 3201 852 3232 facere
867 3203 981 3239 poterit)
997 3202 1118 3232 cessante
1131 3201 1216 3241 dolo,
1234 3203 1309 3234 frau-

241 3247 296 3285 de,
313 3247 360 3278 seu
372 3245 490 3277 fiffione
502 3244 522 3262 ¹*
536 3241 779 3280 quibuscumque,
799 3240 891 3270 facere
906 3240 1076 3282 Tenentur,
1089 3241 1122 3270 &
1136 3241 1169 3270 ad
1186 3241 1245 3272 hoc
1269 3242 1310 3273 fa-

245 3285 398 3322 ciendum,
417 3292 448 3314 ut
463 3281 662 3321 praemittitur,
679 3288 728 3316 per
744 3277 888 3315 praesentes
906 3278 991 3314 Ligas
1003 3277 1120 3308 firmiter
1138 3278 1312 3317 obligetur,

245 3324 426 3362 Requirentis
439 3331 534 3352 tamen
548 3318 756 3350 rationabilibus
771 3316 936 3355 Sumptibus
951 3317 984 3347 &
999 3314 1148 3352 Expensis,
1167 3327 1251 3353 prout
1267 3320 1310 3348 in.

245 3370 287 3393 tet
309 3363 403 3393 dietos
424 3361 518 3398 Reges
539 3357 584 3388 vel
606 3365 706 3387 eorum
729 3354 888 3391 Deputatos
910 3355 955 3385 seu
970 3352 1105 3383 Concilia
1118 3356 1220 3390 porerit
1238 3366 1311 3385 con-

246 3400 375 3437 cordari,
393 3398 513 3429 Proviso
527 3396 635 3432 semper
647 3392 728 3432 quod
741 3392 901 3430 Requisitio
917 3392 1020 3423 Auxilii
1033 3391 1078 3421 vel
1090 3391 1312 3423 Succursushu-

246 3438 368 3477 jusmodi
385 3438 430 3468 fiat
445 3447 495 3475 per
513 3436 568 3467 Sex
583 3433 699 3465 Menses
718 3440 869 3470 antequam
889 3431 1060 3462 Executioni
1077 3429 1240 3462 demandari
1262 3431 1312 3461 de-

289 3477 338 3506 bit.

249 3479 435 3546 ΜΙικτςυῐηεῐζ
446 3535 455 3550 ,
473 3513 646 3543 Ordinatum
661 3509 704 3541 est
719 3509 800 3548 qued
813 3508 912 3538 omnia
928 3507 1007 3538 Bona
1021 3507 1138 3538 mobilia
1151 3507 1184 3537 &
1207 3506 1234 3537 se
1247 3516 1314 3537 mo-

247 3554 344 3586 ventia
361 3553 573 3590 (cujuscumque
586 3550 694 3589 generis
708 3548 848 3579 extiterint
863 3546 907 3576 seu
921 3546 1035 3583 speciei)
1051 3555 1114 3583 quae
1153 3555 1181 3575 er
1203 3545 1314 3576 Gentes

248 3593 364 3631 alicujus
380 3590 495 3627 Regum
511 3588 732 3627 praedicatorum,
750 3585 946 3616 i—iaeredumve
957 3593 1004 3615 aut
1021 3583 1115 3615 Succe
1140 3594 1224 3614 orum
1251 3584 1314 3614 suo-

251 3641 336 3669 rum,
354 3631 383 3659 in
401 3627 550 3664 Obsequio
566 3627 674 3657 alterius
687 3626 814 3663 ipsorum
835 3623 954 3663 Regum
967 3622 1139 3667 'exist-entes,
1154 3622 1233 3666 super
1256 3622 1314 3666 lni—

253 3671 347 3700 micos
360 3667 465 3706 Regis,
484 3665 626 3695 Auxilium
639 3665 684 3695 vel
701 3663 871 3694 Succursum
894 3671 1077 3700 requirentis,
1092 3661 1201 3699 adquiri
1220 3670 1315 3691 conti—

251 3709 325 3747 gerit
347 3708 381 3739 &
405 3704 505 3736 lucrari
543 3704 594 3732 sint
615 3703 694 3739 ipsius
709 3702 798 3740 Regis
813 3702 846 3733 &
864 3699 1007 3731 Gentium
1023 3699 1132 3730 suarum
1146 3699 1314 3730 inconcusse

251 3747 301 3783 qui
316 3743 488 3776 Succursum
503 3726 600 3771 secerit
613 3740 657 3770 vel
672 3741 833 3776 Auxilium,
852 3739 886 3769 ad
907 3737 1124 3776 Disponendum
1147 3737 1192 3781 de·
1207 3737 1312 3768 eisdem

251 3783 409 3814 secundum
433 3778 678 3812 Consuetudinem
701 3779 729 3807 in
751 3777 856 3846 Regno
877 3777 928 3808 suo
944 3777 1085 3808 ufitatam:
1106 3775 1224 3806 Proviso
1242 3776 1314 3806 sern-

251 3815 804 3892 sfflfflMriiifies
821 3826 882 3893 033,
1044 3814 1224 3890 erigii
1237 3814 1315 3889 323:

814 3876 823 3891 2

275 3898 279 3902 .
317 3897 334 3910 ,.
481 3897 485 3901 .
544 3895 549 3900 .

253 3905 380 3972 ΐὲᾒῖἓῖζ
395 3897 533 3971 ξεὲἓῗὲιὶε
541 3892 833 3967 ἲέῑῗᾷεξῖῗῑᾶυέἒ
843 3892 1107 3961 ἂῖἓὲῃὲἓῶῗῗῃ
1114 3890 1315 3973 Ῑῗὲζῶἃΐὲῖἶ

256 3971 356 4001 &uum
367 3994 376 4009 ,
389 3973 434 4001 seu
450 3980 569 4010 magnos
581 3969 752 4007 Capitaneos
767 3969 845 4003 super
861 3967 944 3998 Mare
967 3968 1011 3999 vel
1035 3968 1176 4005 Terram,
1194 3967 1230 3998 de
1255 3965 1313 3997 Ini-

255 4010 337 4041 micis
353 4009 510 4048 hujusmodi
521 4010 584 4047 capi
599 4008 768 4048 contigerit,
785 4005 897 4043 statim,
915 4006 971 4037 sine
992 4006 1229 4038 Conuadietione
1246 4015 1314 4044 qua-

1337 726 1455 771 gitima,
1481 727 1593 759 daretur
1616 729 1721 766 Aetio,
1740 729 1774 759 &
1793 728 1844 767 Jus
1865 730 1979 774 baberet
1999 729 2063 760 alies
2085 728 2295 773 Prosequendi‚
2312 735 2400 769 proti—

1335 765 1601 842 gssghbe‘enmr'
1625 768 1727 806 absque
1753 767 1980 799 contradictione
2002 768 2049 800 vel
2071 767 2238 801 difficultate
2260 778 2400 809 quacum-

1364 841 1481 887 .I‘r33M,
1494 843 1722 888 ,Concordatum
1738 842 1780 874 est
1794 844 1890 888 quod,
1908 844 1926 875 fi
1939 844 2037 883 aliquis
2049 844 2176 877 Patrium
2199 847 2400 885 praediAEiarum

1335 880 1440 919 aliquid
1462 881 1548 921 scire,
1565 882 1731 925 explorare,
1747 883 1793 913 seu
1812 882 1910 914 sentire
1932 885 2035 920 poterit
2052 884 2133 922 quod
2148 885 2264 923 aliquod
2287 886 2401 925 Damp-

1336 919 2024 998 3Ἑώεὲῗὲωῇἕὲἒέἰιειὲ“ᾞέιῖῗὲἶὲἒῐῗῗῖη“
2037 923 2270 993 ἓῖἓίῗέήῗωθῗ
2277 926 2400 994 ‘²r¹‘⁶‘²¹¹²

1337 997 1382 1027 vel
1398 1007 1448 1035 per
1466 983 1567 1036 Ma're,
1587 998 1702 1036 publice
1719 982 1764 1028 i’rel
1777 998 1908 1035 occulte,
1918 998 2006 1043 'quod
2021 999 2079 1029 hoc
2094 1008 2158 1032 toto
2170 973 2257 1032 effic
2271 975 2400 1034 satiriani}

1288 1054 1301 1059 -
1337 1036 1449 1074 pediet,
1468 1036 1547 1068 sicuti
1560 1037 1729 1076 Dampnum
1747 1037 1780 1067 &
1798 1036 1977 1075 Vituperium
1992 1036 2078 1068 Partis
2094 1038 2150 1069 suae
2163 1042 2286 1078 propriae
2307 1043 2402 1080 impe-

1338 1074 1390 1104 diri
1403 1084 1531 1114 optaret,
1550 1076 1770 1114 procurabitque
1787 1074 1820 1106 &
1835 1075 1918 1107 faciet
1931 1075 2051 1106 Padi-um
2067 1076 2240 1116 hujusmodi,
2257 1088 2326 1110 curn
2349 1081 2400 1113 de-

1338 1113 1402 1144 bitis
1425 1113 1670 1152 Circumstantiis,
1697 1113 1771 1144 Parti
1793 1113 1889 1152 alteri,
1912 1124 2013 1145 contra
2035 1124 2121 1151 quam
2141 1115 2179 1146 sic
2201 1116 2401 1157 Ymaginatum

1340 1153 1478 1191 extiterit,
1497 1163 1564 1184 cum
1588 1163 1769 1192 quacumque
1791 1152 1970 1190 poffibilimte
1988 1154 2117 1192 perferri,
2132 1153 2220 1193 dolo,
2236 1156 2349 1197 fraude,
2366 1159 2402 1190 &

1338 1189 1457 1222 fiftione
1472 1191 1640 1223 cessantibus
1654 1191 1890 1231 quibuscumque.

1377 1229 1391 1259 1
1404 1238 1426 1259 τ
1437 1239 1454 1260 ε
1466 1239 1508 1268 M,
1527 1230 1744 1261 Concordatum
1759 1229 1800 1260 est
1814 1230 1894 1267 quod
1911 1229 1996 1261 nullae
2010 1230 2136 1270 Treugae
2156 1230 2202 1262 seu
2227 1231 2404 1266 Guerrarum

1339 1267 1516 1300 Sufferentiae
1554 1280 1602 1306 per
1616 1270 1738 1300 Terram
1756 1269 1801 1300 vel
1818 1279 1866 1307 per
1882 1268 1984 1306 Mare,
2005 1279 2054 1307 per
2067 1269 2188 1300 alterum
2204 1269 2320 1310 Regum
2350 1283 2404 1305 ηε-

1339 1306 1482 1338 dierorum
1497 1293 1693 1339 i-saeredumve
1707 1308 1821 1352 suorum
1837 1308 1874 1338 de
1887 1318 1991 1352 cjaeteto
2004 1309 2164 1352 capiantur,
2179 1309 2230 1339 nisi
2247 1310 2314 1341 alter
2358 1322 2404 1352 ex,

1339 1345 1443 1384 Regna
1454 1370 1463 1385 ,
1481 1347 1600 1385 Terrae,
1618 1348 1651 1379 ὃς
1668 1346 1808 1377 Dominia
1824 1347 1868 1377 sua
1884 1347 1994 1385 eiusque
2011 1346 2123 1378 Subditi
2146 1346 2404 1385 Comprehendan-

1338 1393 1384 1415 tur
1409 1386 1436 1414 in
1458 1385 1579 1425 eisdem,
1597 1395 1628 1417 ut
1649 1395 1749 1417 eorum
1773 1384 1916 1416 Beneficio
1940 1387 1978 1416 uti
2001 1386 2035 1417 &
2050 1386 2170 1425 gaudere
2186 1386 2312 1427 valeant,
2330 1389 2351 1420 fi
2365 1391 2405 1421 eis

1337 1423 1486 1460 expediens
1501 1426 1634 1456 vidmtur.

1376 1462 1423 1493 I·r
1433 1472 1450 1492 E
1460 1471 1487 1493 Μ
1497 1486 1506 1501 ,
1525 1464 1543 1493 fi
1552 1487 1561 1502 ,
1579 1463 1755 1503 temporibus
1769 1463 1883 1500 futuris,
1898 1464 2051 1502 contigerit
2066 1462 2158 1502 (quod
2171 1464 2250 1500 absit)
2263 1465 2344 1503 quod
2355 1466 2404 1497 ali-

1337 1501 1424 1539 quid,
1442 1511 1542 1532 contra
1565 1503 1709 1540 praesentes
1731 1501 1784 1532 Alli
1805 1503 1905 1540 antias,
1922 1512 1971 1540 per
1995 1501 2130 1532 Subditos
2151 1502 2262 1534 alterius
2284 1503 2402 1544 Regum

1337 1540 1541 1577 praedidiorum
1563 1540 1762 1571 Haeredumve
1784 1511 1897 1571 iguorum
1919 1549 2020 1572 contra
2043 1540 2145 1577 alium,
2164 1550 2213 1578 per
2235 1541 2270 1571 ali
2291 1553 2338 1573 uas
2352 1542 2402 1573 In-

1336 1578 1498 1617 cursiones,
1522 1578 1698 1616 Invasiones,
1724 1578 1911 1616 Castrorum,
1938 1578 2094 1616 Villarum,
2117 1579 2163 1610 seu
2189 1579 2403 1613 Fortaitiorum

1339 1615 1514 1655 Captiones,
1531 1617 1780 1656 Depraedationes,
1797 1617 2026 1648 Derobbationes
2046 1617 2254 1657 Personarum,
2270 1619 2317 1650 seu
2338 1619 2403 1651 Re-

1339 1665 1401 1685 rum
1419 1655 1574 1694 Captiones
1585 1666 1631 1687 aut
1647 1656 1849 1695 Detentiones,
1867 1656 1913 1687 vel
1927 1659 2028 1694 quovis
2044 1657 2100 1687 alio
2118 1656 2228 1695 modo,
2241 1658 2403 1697 Attempm-

1338 1704 1400 1724 turn
1422 1694 1505 1726 fuerit
1530 1695 1577 1728 seu
1601 1695 1822 1734 quomodolibet
1845 1695 2027 1733 injuriarum,
2056 1694 2136 1733 quod
2156 1698 2216 1725 Rex
2239 1695 2286 1726 ille
2309 1698 2403 1736 (cujus

1337 1732 1449 1763 Subditi
1472 1734 1559 1764 taliter
1580 1735 1806 1771 atzemptaverint
1826 1734 1859 1765 &
1884 1735 2000 1768 injuriati
2020 1734 2133 1769 fuerint)
2157 1735 2190 1765 &
2204 1734 2343 1766 Haeredes
2362 1737 2403 1768 sui

1340 1782 1393 1809 pro
1408 1780 1538 1810 tempore
1554 1772 1700 1804 existentes
1719 1781 1881 1808 teneantur,
1899 1773 1931 1803 ὅ(
1949 1773 2065 1810 quilibet
2080 1782 2181 1803 eorum
2196 1783 2249 1809 pro
2269 1783 2403 1812 tempore

1340 1810 1390 1840 suo
1411 1819 1551 1849 teneatur,
1578 1810 1738 1850 Reparare,
1761 1809 1948 1847 Reformare,
1975 1810 2152 1849 Emendare,
2180 1811 2214 1841 &
2235 1811 2271 1841 ad
2290 1812 2402 1843 Statum

1337 1848 1468 1880 debitum
1483 1850 1657 1888 Attemptata
1673 1849 1832 1888 hujusmodi
1849 1850 2014 1887 Reducere,
2030 1859 2062 1879 ac
2079 1849 2284 1887 Delinquentes
2308 1851 2405 1890 hujus-

1340 1887 1420 1918 modi
1438 1888 1532 1919 debite
1550 1887 1703 1928 Corrigere
1719 1889 1752 1920 &
1768 1887 1872 1918 Punire
1886 1888 1920 1918 ad
1938 1888 2122 1919 Voluntatem
2134 1888 2167 1918 &
2189 1887 2403 1921 Discretionem

1337 1926 1411 1956 illius
1431 1930 1508 1965 Regis
1534 1929 1580 1958 cui
1599 1927 1637 1958 fic
1665 1927 1833 1964 Iniuriarum
1848 1928 1984 1964 extiterit,
2005 1937 2073 1957 cum
2089 1928 2170 1957 omni
2184 1928 2324 1958 celeritate
2347 1928 2404 1967 qua

1340 1966 1423 1996 citii'is
1439 1965 1497 1996 fieri
1513 1967 1632 2005 poterit,
1650 1966 1683 1997 &
1701 1966 1735 1995 ad
1751 1967 1844 1995 minus
1858 1967 1927 1996 infra
1942 1965 1997 1995 Sex
2015 1964 2129 1996 Menses
2152 1964 2301 2004 postquam
2323 1966 2403 2007 super

1339 2004 1558 2035 Reformatione
1579 2006 1613 2036 &
1636 2004 1788 2035 Punitione
1813 2003 1910 2035 fiendis
1930 2004 2031 2035 fuerint
2050 2005 2146 2035 debite
2171 2003 2327 2043 Requisiti,
2356 2006 2403 2037 vel

1338 2053 1439 2073 eorum
1461 2044 1558 2081 aliquis
1579 2043 1645 2074 inde
1667 2043 1748 2073 fuerit
1772 2043 1952 2081 Requiiitus,
1968 2042 2081 2080 fraude,
2099 2042 2185 2080 dolo,
2203 2044 2351 2082 dilatione,
2367 2045 2403 2076 &

1339 2081 1452 2112 Malitia
1464 2083 1631 2113 cessantibus
1646 2081 1888 2121 quibuscumque,
1907 2082 2024 2120 proviso
2039 2080 2144 2120 semper
2162 2082 2243 2118 quod
2258 2084 2405 2120 praesentes

1339 2121 1497 2160 Alligantiae
1513 2131 1566 2159 pro
1583 2130 1662 2152 tanto
1678 2130 1737 2150 non
1751 2120 1910 2152 censeantur
1926 2120 1971 2150 seu
1987 2121 2138 2151 habeantur
2165 2121 2194 2150 in
2217 2121 2313 2159 aliquo
2338 2122 2407 2152 Fra-

1339 2159 1412 2204 Qae,
1432 2159 1603 2198 Dissolutae,
1621 2161 1666 2191 seu
1680 2160 1787 2197 Irritae,
1803 2160 1841 2190 set
1858 2160 1965 2198 semper
1979 2160 2008 2190 in
2022 2158 2073 2190 suo
2085 2159 2208 2190 Robore
2225 2168 2355 2191 maneant
2370 2161 2404 2193 &

1338 2207 1449 2230 virtute.

1376 2237 1413 2268 Et
1430 2237 1559 2274 ulterius,
1578 2246 1631 2273 pro
1649 2235 1872 2268 Conservatione
1885 2236 2025 2266 &astarum
2050 2235 2262 2274 Alligantiarum
2284 2236 2405 2275 fortitiS,

1339 2276 1512 2306 Ordinatum
1537 2275 1627 2306 existit
1647 2276 1744 2313 quod,
1763 2285 1816 2313 pro
1838 2275 1916 2305 nullo
1939 2275 2069 2306 Articulo
2093 2275 2292 2313 suprascripto,
2311 2285 2403 2314 neque

1339 2324 1392 2353 pro
1408 2316 1541 2346 omnibus
1558 2314 1636 2344 simul
1648 2315 1768 2352 janeus,
1788 2315 1871 2345 etiam
1890 2314 1907 2343 si
1929 2313 2013 2343 Mors
2034 2314 2079 2343 vel
2102 2312 2247 2344 Mutilatio
2268 2313 2404 2345 Persona-

1338 2364 1402 2384 rum
1426 2363 1461 2383 ex
1481 2354 1583 2384 eisdem
1605 2353 1696 2383 fuilset
1715 2353 1804 2391 (quod
1819 2353 1899 2389 absit)
1916 2353 2072 2390 subsecuta,
2091 2362 2184 2390 neque
2199 2362 2251 2390 pro
2266 2363 2405 2395 quacum-

1338 2402 1394 2430 que
1407 2392 1457 2422 alia
1477 2391 1616 2422 Violentia
1633 2401 1696 2429 qux
1712 2391 1770 2422 fieri
1785 2391 2056 2435 seu'praemachinari
2070 2391 2190 2429 p0terit,
2204 2392 2406 2429 cujuicumque

1338 2431 1411 2461 foret
1430 2431 1565 2469 qualitatis
1579 2430 1624 2461 vel
1643 2433 1660 2450 *
1676 2430 1868 2468 conditionis,
1887 2430 2034 2468 praesentes
2048 2429 2206 2468 Alligantiae
2220 2429 2337 2473 diffolvi.
2351 2440 2404 2467 po-
2424 2447 2437 2462 .
2459 2447 2486 2475 X

1340 2479 1433 2501 terunt
1448 2470 1492 2500 vel
1505 2470 1638 2508 infringi,
1656 2470 1819 2508 quinimmo
1833 2469 1941 2505 semper
1955 2477 2135 2505 attemptata,
2154 2476 2184 2497 ut
2207 2477 2385 2504 praemittitur

1339 2508 1503 2540 Reformari
1517 2508 1677 2545 debebunt,
1695 2508 1875 2544 praesentibus
1892 2507 1970 2546 Ligis
1984 2508 2013 2537 in
2028 2506 2080 2537 suis
2092 2505 2238 2537 Firmitate
2253 2507 2288 2538 &
2300 2493 2407 2538 Robol
2425 2495 2493 2521 744¹

1341 2558 1371 2579 re
1387 2548 1590 2578 nichilominus
1608 2547 1746 2576 continue
1759 2546 1909 2583 duraturis,
1935 2583 1940 2587 ·

1377 2585 1444 2629 Set,
1459 2585 1477 2615 fi
1501 2586 1680 2623 contingeret
1699 2584 1800 2614 futuris
1819 2582 1994 2625 temporibus
2012 2581 2101 2620 (quod
2123 2582 2204 2619 abfit)
2227 2583 2307 2621 quod
2323 2593 2408 2628 ‘unus

1340 2622 1601 2700 Εὗῗῗιῖἶῗᾞεῗ
1634 2622 1909 2704 Sfflssff‘ffii‘ss‘j'zir
1919 2625 2271 2698 ¹3¹1‘33310213’2‘32553333
2286 2622 2408 2704 ἓξὲξ

1342 2700 1503 2738 Mandato,
1527 2699 1702 2737 Voluntate,
1726 2699 1959 2736 Approbatione,
1981 2698 2032 2743 *vel
2051 2697 2216 2742 Consensu,
2232 2699 2337 2744 velient
2358 2704 2405 2731 ieu

1340 2739 1443 2776 vellet,
1459 2748 1558 2770 contra
1572 2739 1705 2768 Formam
1719 2739 1752 2769 &
1770 2737 1916 2768 Effectum
1933 2737 2142 2776 Alligantiarum
2156 2739 2189 2768 δε
2207 2738 2406 2769 Arrucitiarum

1341 2778 1557 2816 praedictarum,
1574 2786 1675 2807 contra
1699 2776 1817 2807 alterum
1842 2776 1875 2805 de
1902 2776 1980 2806 facito
2007 2775 2177 2814 Malicmari,
2192 2776 2323 2807 faciendo
2345 2776 2407 2808 fieri

1341 2816 1387 2846 vel
1408 2826 1457 2854 per
1479 2816 1522 2853 se,
1540 2816 1586 2845 vel
1611 2825 1660 2852 per
1683 2816 1764 2851 suOS,
1780 2824 1825 2845 aut
1850 2814 1906 2845 fieri
1928 2801 2117 2852 permittenfio
2138 2815 2183 2845 seu
2205 2815 2404 2853 procurando,

1343 2854 1417 2885 Parti
1440 2854 1518 2885 alteri
1540 2864 1665 2892 apertam
1687 2853 1849 2891 Guerram,
1875 2862 1924 2889 per
1947 2852 2068 2897 Terram
2096 2853 2141 2884 vel
2161 2863 2209 2891 per
2230 2853 2333 2890 Mare,
2357 2854 2405 2883 vel

1341 2893 1406 2924 alies
1430 2893 1574 2931 praefatam
1598 2892 1710 2923 Partem
1732 2892 1845 2923 alteram
1871 2890 2114 2931 Dampnificando
2134 2891 2180 2923 vel
2202 2889 2406 2929 Molestando‚

1345 2933 1448 2969 quovis
1464 2931 1580 2969 quaelito
1595 2931 1697 2962 Titulo
1714 2931 1758 2962 vel
1781 2930 1907 2968 Colore,
1926 2930 2097 2960 Ordinatum
2120 2929 2162 2959 est
2184 2929 2218 2959 &
2236 2930 2406 2960 unanimiter

1344 2970 1564 3015 Concordatum
1580 2971 1658 3014 quod
1676 2969 1742 3000 Pars
1758 2969 1819 3014 illa,
1838 2979 1901 3007 quae
1916 2968 2069 2998 Excessum
2085 2969 2119 2999 &
2132 2966 2264 3035 Injffim
2275 2967 2323 3012 seu
2334 2967 2406 3013 Vio-

1344 3008 1625 3078 ¹e2¹¹12351¹¹2¹21b³13¹3323d
1622 3006 2407 3089 31{3535}¹¹{giffffffssinssefififiifflnssatffiQQJ

1374 3086 1548 3123 oluntarem,
1573 3087 1607 3117 &
1627 3085 1708 3123 quod
1725 3085 1779 3123 ipsa
1798 3083 1866 3114 Pars
1882 3083 2012 3122 injuriata
2030 3082 2154 3126 praefaitas
2172 3082 2229 3112 Alli
2284 3092 2349 3123 tias,
2377 3093 2407 3114 in

1344 3125 1545 3161 Pioejudicium
1566 3125 1691 3161 alterius,
1711 3124 1731 3154 si
1749 3124 1807 3154 hoc
1827 3122 1964 3165 voluerit,
1981 3120 2173 3165 Infringendi,
2198 3091 2340 3159 vffiffis,
2362 3122 2407 3160 ip-

1343 3164 1378 3194 sis
1399 3163 1475 3200 Ligis
1488 3186 1498 3200 ,
1513 3164 1549 3206 ⁴in
1570 3163 1709 3193 Favorem
1730 3162 1851 3205 praefatae
1868 3159 1953 3190 Partis
1970 3159 2110 3198 InJuriatae
2125 3183 2136 3197 ,
2161 3169 2190 3189 in
2209 3159 2258 3190 suo
2282 3159 2407 3192 Robore

1343 3201 1642 3279 {issmvisa'ffnsfflagass
1655 3198 2183 3281 §mizt'ffii‘ssm‘isse‘ffizzzzss‘ir
2190 3198 2410 3276 issffscji‘ssasaiffi

1345 3289 1412 3310 nota
1430 3278 1568 3317 Perjurii‚
1585 3277 1713 3308 Infamiae
1723 3300 1733 3316 ,
1750 3277 1794 3307 seu
1808 3275 2012 3314 CUJuscumque
2025 3275 2136 3306 alterius
2150 3274 2254 3306 Poenae
2265 3276 2313 3307 seu
2335 3275 2410 3308 Cul-

1346 3319 1402 3355 pae)
1424 3317 1558 3348 Liberam
1575 3317 1674 3347 habeat
1687 3316 1857 3353 Oprionem.

1383 3355 1430 3386 I·r
1442 3364 1516 3393 EM,
1533 3354 1754 3385 Concordatum
1773 3353 1814 3384 est
1833 3351 1914 3390 quod
1931 3361 2034 3382 omnes
2050 3349 2189 3395 Haeredes
2204 3352 2239 3383 &
2257 3352 2409 3384 Success'o-

1347 3403 1388 3422 res
1407 3392 1522 3432 Regum
1540 3392 1762 3430 praediCtorum,
1789 3391 1886 3430 singuli
1904 3389 1956 3420 suis
1975 3390 2149 3426 temporibus
2167 3391 2341 3431 succeffivis,
2365 3393 2409 3422 in-

1344 3432 1385 3460 fra
1410 3430 1529 3461 Annum
1551 3441 1566 3461 a
1590 3429 1649 3459 Die
1673 3429 1877 3459 Coronationis
1901 3428 1957 3458 suae
1981 3428 2118 3458 continue
2143 3428 2381 3469 Computandum
2395 3454 2406 3468 ,

1344 3468 1526 3505 Teneantur,
1551 3469 1586 3511 ὃς
1604 3467 1721 3505 quilibet
1739 3477 1840 3511 eorum
1860 3476 1913 3506 pro
1931 3475 2061 3510 ternpore
2078 3467 2128 3497 suo
2145 3468 2309 3507 Tenentur,
2356 3477 2408 3498 rae-

1345 3506 1432 3537 sentes
1453 3506 1615 3543 Alligantias
1633 3504 1810 3540 solempniter
1828 3506 1861 3535 &
1880 3504 1995 3544 publice
2012 3528 2022 3545 ,
2052 3515 2081 3534 in
2102 3505 2288 3537 Personarum
2344 3506 2408 3537 obi-

1344 3544 1415 3588 lium
1428 3544 1462 3575 &
1475 3543 1691 3575 Autenticarum
1711 3542 1878 3588 Praesentia,
1891 3542 2006 3587 Jurare,
2021 3543 2332 3589 'ipsasque'R'et-iovare,
2346 3544 2407 3588 Ra-

1345 3581 2407 3665 issfisieffle‘ziiz‘fiss“feaaasM

1348 3658 1547 3703 Confirmatis,
1573 3659 1740 3703 Teneantur
1753 3659 1863 3704 iateras
1882 3659 1926 3689 seu
1939 3659 2133 3704 *Documenta
2151 3659 2265 3703 publica
2277 3657 2405 3689 confice

1346 3707 1394 3736 re,
1419 3698 1452 3728 &
1470 3698 1537 3735 ipsas
1556 3696 1680 3736 Literas,
1701 3698 1799 3736 Sigillo
1815 3699 1864 3729 suo
1882 3697 1990 3736 Maiori
2005 3722 2014 3736 ,
2038 3706 2070 3730 ut
2087 3704 2279 3737 praemittitur,
2306 3694 2405 3727 Com-

1347 3737 1489 3774 munitas,
1514 3736 1588 3766 Parti
1605 3737 1703 3773 alteri,
1730 3737 1813 3780 citius
1830 3746 1890 3774 quo
1914 3736 2075 3780 commode
2098 3735 2167 3777 fieri,
2180 3735 2283 3771 poterit
2298 3756 2308 3771 ,
2334 3744 2405 3768 cum
2434 3770 2436 3772 ,

1346 3775 1468 3805 Persona
1491 3774 1585 3805 secura
1613 3776 1646 3806 &
1669 3774 1809 3818 fidedigna
1832 3775 2017 3806 transmittere
2034 3775 2081 3818 seu
2097 3772 2258 3809 destinare,
2284 3771 2405 3814 fraude,

1344 3812 1433 3850 dolo,
1449 3813 1565 3849 malitia,
1583 3812 1630 3843 seu
1648 3814 1814 3852 negligentia
1828 3813 1998 3845 cenantibus
2016 3811 2247 3855 quibuscumque·

1383 3849 1456 3881 Ῑτε
1467 3859 1511 3890 Μ,
1529 3851 1702 3882 Ordinatum
1720 3852 1761 3882 est
1779 3851 1859 3890 quod
1877 3852 2025 3890 praesentes
2041 3849 2068 3878 L
2127 3869 2138 3885 ‚
2155 3846 2220 3884 post
2241 3857 2306 3879 uam
2321 3849 2405 3882 Con-

1343 3889 1469 3933 cordatae
1484 3912 1494 3928 ,
1521 3889 1642 3927 Scriptae
1655 3912 1665 3927 ,
1691 3891 1724 3921 &
1743 3890 2010 3934 Sigillataeufiierinss
2031 3896 2052 3917 n
2078 3886 2140 3930 ,tim
2158 3894 2209 3922 per
2263 3896 2296 3931 οξ
2310 3886 2407 3921 Com-
2447 3922 2450 3924 ,

1345 3927 1480 3958 mlffirios
1504 3929 1537 3959 &
1561 3927 1760 3972 Procuratores
1784 3928 1952 3966 supradietos
1975 3935 2004 3956 in
2028 3923 2185 3966 Ammabus
2203 3923 2404 3972 Dommonrm

1345 3966 1510 4010 nostrorum
1529 3966 1750 4010 praedistorum,
1765 3967 1803 3997 set
1822 3976 1871 4010 per
1889 3964 2018 4004 praefatos
2035 3961 2184 4005 Domitios
2199 3961 2297 4001 Reges
2320 3964 2404 3997 Prin-

1344 4004 1446 4043 cipales
1459 4004 1638 4043 solempniter
1650 4015 1794 4044 iurentur,
1809 4004 1969 4044 priusquam
1980 4000 2110 4032 Partibus
2123 3999 2286 4034 liberenuir.
2347 4039 2379 4072 Τ

2378 4050 2409 4072 ψ
