2555 4266
18 321 96 354 Ann.
109 319 152 352 D.
166 315 285 350 Domus
299 317 353 349 suae
366 317 400 349 &
420 317 450 348 in
466 317 612 357 Pecuniis,
630 319 780 353 Summam
806 322 962 359 (videlicet)
983 323 1017 354 δε
1039 324 1224 361 quantitatem
1257 319 1299 360 seq

38 362 127 399 1496.

21 405 81 429 Hm.
104 409 118 435 7
125 421 132 428 .

24 2703 101 2736 Ann.
117 2703 162 2735 D.

740 232 851 277 ET
931 236 1197 280 ACTA

166 367 229 396 quae
250 358 332 398 vobis
351 357 426 386 bene
447 358 502 387 visa
524 358 628 398 fuerit,
645 369 678 390 ac
699 360 847 391 Terminis
867 362 900 391 &
925 361 1013 391 Locis
1034 362 1135 398 quibus
1149 363 1224 392 illam

165 399 231 426 dare
245 396 278 425 &
295 395 402 425 iolvere
415 404 577 435 teneantur,
596 399 629 428 ὅ(
645 397 834 428 Conditiones
853 398 940 428 Pacta
960 400 992 429 &
1005 399 1225 430 Conventiones

165 444 244 501 quagr
244 434 274 463 in
289 432 439 502 Soliutgceine
452 436 484 465 &
499 436 528 465 in
544 436 735 466 Restitutione
747 437 870 474 ejusdem
885 436 972 466 Dotis
984 438 1072 474 poni,
1092 439 1227 468 concedis

165 476 200 503 ὅς
246 481 315 501 mari
349 482 363 501 e
403 482 447 511 at,

204 509 242 539 Et
257 509 456 541 nichilominus
470 511 582 543 Damus
597 513 686 544 Vobis
701 512 874 543 Potestatem
888 511 922 542 &
936 511 1108 542 Facultatem
1123 521 1154 543 ut
1164 512 1226 549 pos-

165 547 221 578 sitis
237 546 423 579 Concordare
437 550 637 588 Augmentum
654 550 741 580 Dotis
757 552 790 581 &
800 551 997 580 Donationem
1014 559 1129 588 propter
1138 551 1172 581 N
1176 561 1227 588 up·

162 587 213 616 tias
230 586 262 616 &
281 586 433 618 Caineram
444 612 454 627 ,
473 599 536 626 quae
551 590 657 619 debent
671 588 728 617 dari
746 589 779 618 &
795 589 922 626 assignari
936 588 1019 618 dietae
1035 589 1228 619 illustrissimae

163 623 318 655 catherinae
339 626 416 656 Filiae
429 627 598 658 eorumdem
610 626 698 664 Regis
714 627 748 656 δε
763 624 903 664 Reginae,
922 627 954 656 &
973 628 1001 656 in
1022 627 1123 665 quibus
1145 626 1229 658 Civi-

166 664 283 702 tatibus,
304 663 384 694 Villis
404 666 437 696 &
461 665 549 695 Locis
568 665 602 695 &
623 664 809 702 Redditibus,
828 673 912 701 prout
933 667 1015 696 vobis
1037 666 1118 696 dieto
1132 665 1227 697 Corn-

165 700 292 731 miffario
307 704 339 733 δε
359 703 540 734 Procuratori
552 702 650 733 nostro
664 703 737 731 bene
753 703 845 732 visum
860 703 959 742 fuerit,

203 739 240 772 Et
253 741 373 771 demum
389 740 493 779 poffitis
510 741 614 770 Facere
631 740 664 770 &
680 740 805 782 Firinare
820 741 928 771 Omnia
951 743 984 772 &
1006 741 1144 781 Singula,
1161 753 1226 781 quae

165 786 220 816 pro
238 780 419 816 expeditione
432 780 466 810 &
481 779 696 814 complemento
714 779 784 808 ‹iic‘ti
801 779 983 810 Matrimonii
998 780 1147 811 neceisaria
1154 792 1226 812 con-

166 818 305 847 venientia
321 819 354 848 &
369 826 509 854 oportuna
524 816 608 846 vobis
623 817 808 856 videbuntur,

203 855 242 885 Et
255 856 292 886 de
309 855 458 885 Praediffis
473 855 608 885 omnibus
622 856 655 886 &
669 854 781 893 singuiis
792 855 898 893 poffitis
912 856 1120 896 Concordare,
1138 858 1227 889 Face-

166 903 196 924 re
217 894 250 923 ὃ(
274 893 414 928 Firmare,
437 891 573 923 Nomine
592 893 708 932 nostre,
724 903 791 924 cum
813 895 932 931 praesatis
955 895 1138 926 Sereniffimis
1157 900 1226 934 Rege

165 930 205 999 ff
221 934 322 967 Regina
339 929 478 969 Castellae,
495 933 636 968 Legionis,
657 935 837 971 Aragonum,
855 932 915 968 &c.
936 933 1159 970 Consanguineis
1173 946 1226 965 no-

195 971 246 1008 ris,
264 968 378 1006 fierique
392 968 511 1007 Facere,
530 970 629 1001 Petere
643 971 676 1001 ὃ(
692 970 812 1009 initare,
831 982 1022 1010 quaecumque
1043 973 1173 1010 Capitula
1192 976 1225 1004 ὃς

165 1010 362 1045 quoscumque
385 1007 573 1047 Contra&us,
590 1018 657 1039 Cum
684 1009 734 1039 illis
755 1009 865 1049 Paetis,
882 1010 1125 1050 Conditionibus,
1141 1012 1229 1041 Obli-

186 1045 326 1076 ationibus
341 1068 350 1083 ,
362 1045 532 1083 juramentis
547 1070 557 1086 ,
575 1047 777 1078 Securitatibus
792 1071 802 1086 ,
821 1048 919 1079 l’oenis
935 1072 946 1088 ‚
962 1049 1228 1088 Summissionibus,

198 1085 442 1115 enunciationibus
462 1086 495 1116 &
509 1085 742 1116 Promiffionibus
757 1089 856 1124 quibus
871 1089 1030 1126 volueritis,

205 1121 242 1152 Et
259 1123 425 1159 generaliter
439 1125 535 1154 omnia
549 1125 601 1155 alia
617 1125 649 1154 &
664 1124 768 1161 singula
789 1125 892 1156 facere
917 1128 949 1156 δε
976 1126 1118 1164 firmare,
1136 1127 1227 1164 cujus-

166 1170 291 1199 cumque
306 1161 441 1201 Naturae,
461 1162 591 1201 Qlitatis
607 1164 640 1194 &
658 1161 855 1200 Importantiae
875 1164 976 1193 fuerint
1000 1174 1046 1194 aut
1068 1166 1124 1195 elle
1147 1175 1228 1202 pote-

166 1200 223 1230 rint
239 1200 268 1229 in
282 1200 427 1230 Praediftis
442 1202 474 1231 &
491 1202 565 1231 circa
582 1211 630 1239 ea,
649 1211 712 1238 quae
728 1201 793 1231 Nos
810 1204 901 1232 facere
916 1202 1057 1239 portemus
1075 1204 1094 1233 ii
1110 1204 1137 1232 ic.
1148 1203 1227 1233 Prae-

166 1237 253 1268 miffis
267 1238 445 1276 personaliter
458 1239 612 1269 adeffemus
621 1263 631 1278 ,
645 1241 728 1269 etiam
748 1240 766 1269 si
782 1241 811 1269 in
826 1242 887 1270 talia
902 1241 953 1270 sint
970 1251 1034 1279 quae
1049 1241 1083 1271 ad
1103 1251 1133 1271 ea
1157 1252 1229 1272 con-

165 1276 286 1307 ficienda
303 1277 483 1317 Praeceptum
496 1280 608 1316 exigant
623 1279 709 1316 tnagis
723 1278 855 1317 speciale,

206 1314 374 1353 Damusque
387 1318 471 1346 etiam
485 1316 519 1346 &
539 1316 736 1347 Concedimus
759 1318 842 1347 vobis
865 1317 945 1347 dit-”to
965 1315 1172 1347 Commissario
1194 1318 1227 1347 δε

167 1353 348 1384 Procuratori
363 1354 462 1385 nostro
474 1355 590 1392 plenum
606 1355 707 1392 Poffe,
730 1364 761 1384 ut
773 1355 855 1393 pollit
867 1355 965 1394 Jurare
980 1358 1009 1386 in
1025 1357 1160 1386 Animam
1175 1366 1228 1386 no—

168 1391 257 1422 strarn
273 1393 353 1430 quod
367 1393 563 1432 Tenebimus,
580 1393 804 1424 Oblervabimus
817 1396 850 1426 &
869 1395 1099 1431 Adimplebimus
1111 1394 1228 1432 realiter,

167 1431 201 1460 &
225 1440 296 1461 cum
317 1431 440 1470 effeetu,
459 1433 558 1462 omnia
583 1433 617 1462 &
639 1431 741 1471 lingula
765 1442 830 1470 quse
854 1433 884 1463 in
901 1431 1046 1463 Praeciietis
1060 1434 1093 1464 δε
1110 1434 1184 1463 circa
1198 1444 1230 1463 ea

169 1468 306 1499 Nomine
329 1470 427 1500 nostro
450 1470 678 1508 concordabitis,
696 1471 896 1507 capitulabiiis,
907 1471 1050 1510 jurabitis,
1067 1471 1231 1502 cencedetis

169 1507 203 1537 δε
219 1506 380 1546 firmabitis,
399 1510 486 1538 omni
500 1508 606 1538 Fraude
621 1509 729 1539 cautela
745 1510 777 1539 &
791 1509 859 1539 dolo
873 1509 1060 1546 celsantibus,

235 1545 376 1584 offitisque
389 1547 477 1576 limile
488 1546 687 1584 Juramentum
705 1547 804 1577 Petere
817 1548 849 1577 &
864 1548 1004 1585 Accipere
1015 1550 1051 1578 ab
1067 1547 1170 1577 eisdem
1180 1547 1231 1578 Se-

169 1583 315 1614 reniffimis
339 1587 406 1621 Rege
430 1583 468 1620 ό·
489 1588 592 1622 Regina
612 1584 734 1624 Castellae
750 1609 760 1622 ,
783 1588 908 1623 Legionis
923 1609 933 1624 ,
951 1589 1114 1623 Aragonum
1130 1609 1140 1625 ,
1168 1585 1228 1621 &a

171 1621 399 1659 consanguineis
412 1622 529 1661 nostris,

206 1659 266 1690 Pro
278 1661 378 1699 quibus
393 1662 426 1692 &
439 1661 553 1698 fingulis
571 1661 727 1692 Antedic'tis
740 1671 808 1692 cum
830 1662 1038 1702 Iiicidentibus,
1057 1663 1232 1700 Dependen-

167 1699 242 1731 tibus
254 1700 287 1729 ὅτ.
303 1699 524 1736 Emergentibus
538 1709 571 1729 ex
586 1700 689 1730 eisdem
703 1710 737 1730 ac
756 1702 794 1731 eis
809 1702 935 1732 Annexis
960 1703 1070 1732 Damus
1092 1703 1125 1732 &
1146 1701 1231 1732 Con-

169 1737 297 1768 cedimus
319 1737 409 1768 Vobis
427 1739 544 1776 plenum
565 1737 652 1777 ,Poffe
672 1748 741 1769 cum
759 1740 846 1770 libera
860 1741 893 1771 ὃ(
907 1740 1032 1778 generali
1046 1740 1233 1771 Administra-

169 1785 248 1809 tione

213 1799 484 1854 Promittimusque,
500 1817 529 1846 in
541 1815 610 1846 Fide
623 1817 657 1847 ὃς
670 1815 770 1847 Verbo
792 1815 892 1848 nostro
916 1818 1030 1857 Regio,
1047 1817 1166 1855 praefatis
1182 1817 1234 1847 Se-

167 1854 317 1884 reniffimis
339 1857 404 1891 Regi
428 1854 466 1889 &
488 1857 596 1892 Reginae
613 1855 734 1893 Castellae
766 1858 907 1895 Legionis,
924 1860 1102 1894 Aragonum,
1118 1855 1177 1891 dvc.
1199 1858 1232 1887 &

168 1892 240 1923 Nos
254 1892 426 1931 Obligamus
443 1892 510 1922 Nos
528 1893 661 1929 Tenere,
676 1878 836 1924 Observare
852 1895 885 1925 &
900 1895 1066 1933 Adimpiere
1079 1896 1185 1925 realiter
1199 1897 1232 1925 &

167 1940 237 1961 cum
250 1931 355 1961 effectu
375 1932 485 1961 Omnia
499 1932 532 1962 &
547 1931 660 1969 Singula
677 1941 742 1969 quae
755 1934 783 1961 in
801 1932 946 1963 Praedietis
959 1935 993 1964 &
1011 1934 1087 1963 circa
1099 1942 1149 1970 m,
1163 1932 1235 1963 No-

168 1971 248 1999 mine
260 1969 375 2006 nostro,
395 1979 443 2007 per
459 1969 519 1999 Vos
533 1969 644 2000 dictum
662 1970 896 2001 Commissarium
911 1972 945 2002 &
955 1971 1171 2002 Procuratorem
1180 1981 1234 2000 no-

168 2007 260 2038 strum
279 2007 382 2038 fuerint
407 2007 490 2038 Fac'ta
506 2032 516 2046 ,
533 2008 715 2039 Concordata
732 2032 742 2047 ,
758 2008 915 2046 Capitulata
929 2033 939 2049 ,
958 2009 1122 2041 Aisecurata
1134 2033 1143 2048 ‚
1160 2010 1232 2040 Pro-

169 2046 266 2082 missa,
282 2045 376 2084 Jurata
391 2048 424 2078 &
443 2046 580 2085 Firmata,
599 2048 638 2077 eis
653 2048 743 2077 modo
760 2049 792 2078 ὃς
811 2049 903 2078 forma
919 2050 1020 2086 quibus
1037 2048 1097 2078 Vos
1112 2058 1143 2078 ea
1160 2058 1233 2079 con-

169 2084 340 2122 cordabitis‚
359 2085 540 2122 capitulabitis
562 2088 596 2116 &
619 2085 782 2124 firmabitis,
800 2086 833 2116 &
856 2086 935 2116 nullo
958 2096 1081 2124 unquam
1106 2095 1234 2124 tempore

169 2122 323 2153 Revocare
333 2147 342 2162 ,
360 2133 413 2154 nec
428 2133 525 2153 contra
539 2133 571 2153 ea
585 2133 632 2154 aut
645 2134 746 2154 eorum
762 2125 875 2161 aliquod
890 2125 982 2155 facere
999 2125 1044 2155 vel
1064 2126 1161 2155 venire
1185 2126 1233 2155 ali-

168 2171 230 2198 quo
244 2171 374 2199 ternpore
391 2171 447 2192 nec
465 2162 554 2191 modo
563 2162 676 2200 aliquo,
686 2161 736 2193 sub
742 2163 929 2202 Obligatione
940 2161 1073 2194 omnium
1083 2163 1232 2195 Bonorum

170 2199 336 2231 nostrorum
351 2199 594 2230 Patrimonialium
612 2203 645 2232 &
658 2201 815 2232 Fiscalium.

204 2237 240 2269 In
257 2248 383 2277 quorum
397 2238 613 2277 testimonium,
631 2240 693 2270 &c.

209 2314 278 2345 Dat.
291 2319 321 2344 in
335 2314 427 2354 Castro
442 2314 529 2354 nostro
543 2315 575 2344 de
591 2316 750 2356 Wyndeffire
760 2340 769 2354 ,
789 2317 849 2347 Die
863 2317 1132 2349 vicesimosecundo
1144 2317 1232 2348 Men-

170 2352 203 2383 sis
220 2353 408 2392 Septembris,
424 2354 514 2384 Anno
533 2363 548 2383 a
571 2354 731 2385 Nativitate
752 2355 878 2386 Domini
901 2357 1072 2394 Msslefimo,
1090 2357 1235 2395 Qadrin-

171 2392 344 2430 gentefimo,
359 2392 561 2431 Nonagefimo
575 2392 679 2432 Sexto,
696 2395 730 2426 δε
745 2393 842 2434 Regni
857 2395 946 2425 nostri
962 2395 1159 2426 Duodecimo.

854 2473 908 2501 Per
925 2471 1008 2511 ipsi'aem
1024 2474 1128 2509 Regem.

201 2612 308 2645 Literae
319 2636 328 2652 ‚
346 2611 437 2657 snper
450 2611 530 2656 Ltga
549 2609 678 2652 Italica,
692 2608 728 2642 de
746 2607 943 2656 Approbando
958 2613 994 2649 ῥ’
1012 2610 1210 2656 Ratificando.

173 2703 287 2763 REX
307 2703 496 2735 Univerfis&
510 2703 637 2743 fingulis,
653 2703 687 2734 ad
702 2713 789 2743 quos,
807 2706 869 2737 ὅτε.
888 2705 1020 2736 Salutem.

51 2743 137 2782 1496.
265 2742 347 2773 Cum
361 2742 553 2773 Sanfflffimus
567 2742 715 2772 Dominus
727 2747 823 2773 noster
837 2743 1004 2774 Alexander
1018 2747 1117 2774 Sextus
1129 2769 1138 2783 ,
1156 2744 1236 2776 Sere-

21 2786 76 2811 An.
97 2792 137 2809 iz.
172 2781 355 2820 niffirnusque
375 2782 521 2812 Dominus
537 2780 748 2811 Maximilianus
760 2785 941 2811 Romanorum
962 2786 1040 2821 Rex,
1057 2794 1090 2813 ac
1113 2784 1235 2814 serenis-

23 2825 57 2848 H.
78 2830 105 2855 7.
173 2819 234 2849 fimi
251 2819 399 2857 Principes
414 2820 603 2850 ferdinandus
610 2822 671 2849 Rex
687 2820 720 2850 &
736 2819 907 2850 Elizabetha
919 2823 1021 2858 Regina
1033 2821 1238 2861 Hispaniarum,

21 2863 162 2887 Franmz.
173 2867 287 2888 necnon
302 2856 503 2888 Illustriffimus
520 2858 666 2888 Dominus
684 2858 703 2876 ²*
723 2858 891 2897 Augustinus
897 2860 1051 2889 Barbadico
1065 2864 1235 2891 Veneriorum

21 2902 59 2926 H.
73 2907 100 2932 7.
113 2906 151 2925 m.

24 2943 71 2965 12.

2 2973 42 2993 ’Β
62 2975 130 3002 ΧΠ.

4 3024 5 3028 ’
20 3013 88 3050 639.

173 2899 262 2934 Dux,
279 2897 312 2927 &
331 2895 529 2925 lllustriffimus
543 2895 691 2925 Dominus
706 2896 863 2925 Ludovicus
878 2899 977 2926 Maria
999 2897 1104 2937 Sforcia
1126 2899 1236 2936 Anglux

172 2938 242 2965 Dux
255 2933 428 2969 Mediolani,
447 2933 588 2971 quandam
605 2932 916 2973 confoederationem,
935 2934 1236 2975 Colligationem,U-

173 2975 295 3004 nionem
312 2996 322 3011 ,
343 2971 559 3011 Intelligentiam
581 2972 616 3002 &
634 2971 738 3008 Ligam
753 2994 763 3009 ,
785 2972 819 3002 ad
837 2972 925 3003 finem
944 2973 1023 3004 Pacis
1040 2975 1073 3005 &
1093 2985 1145 3013 pro
1163 2986 1236 3006 con-

171 3012 303 3043 servanda
333 3010 480 3049 Dignitate
503 3011 537 3040 &
566 3009 744 3040 Auctoritate
768 3010 875 3048 piaefati'
908 3011 1078 3043 Sanfflffimi
1110 3013 1234 3044 Domini

171 3050 262 3081 nostri
282 3052 364 3088 Papae
382 3058 409 3080 at
431 3059 465 3079 ue
483 3047 561 3080 Sedis
580 3047 772 3086 Apostolicae,
790 3059 904 3079 necnon
921 3058 975 3088 pro
991 3053 1079 3082 totius
1096 3050 1235 3083 Christia-

170 3097 217 3118 nae
236 3088 394 3127 Religionis
434 3087 507 3118 alute
520 3111 530 3124 ,
554 3086 605 3117 sub
623 3086 711 3117 Anno
730 3086 854 3117 Domini
881 3087 1037 3120 Millesimo
1051 3112 1061 3127 ,
1089 3090 1234 3129 Qadrin-

169 3127 328 3166 gentesimo
344 3151 354 3163 ,
380 3126 455 3157 Non
493 3126 582 3156 esimo
606 3126 708 3163 quinto
725 3148 734 3163 ,
764 3125 823 3155 Die
848 3126 948 3157 ultima
976 3126 1083 3158 Mensis
1111 3129 1232 3168 Martii,

169 3173 257 3203 prout
277 3165 377 3195 Nobis
394 3165 464 3204 figni
484 3164 584 3196 carunt
597 3187 606 3203 ‚
632 3164 759 3194 invicem
784 3166 997 3204 contraxerint,
1017 3167 1233 3205 inierint'atque

168 3203 346 3234 firmaverint
360 3226 371 3242 ,
394 3204 427 3234 ὅ(
447 3211 479 3233 ut
503 3205 533 3233 in
557 3201 676 3232 eandem
697 3201 987 3244 Oonfoederationem
1007 3205 1040 3235 &
1062 3205 1168 3243 Ligarn
1189 3208 1233 3236 in-

168 3250 306 3273 traremus
323 3242 520 3279 saepenumero
540 3241 608 3271 Nos
626 3242 827 3278 requiliverunt
842 3241 875 3272 &
893 3241 1066 3281 invitarunt,

208 3280 301 3312 Unde
319 3279 406 3317 Nos,
421 3279 599 3318 summopere
617 3279 687 3310 Deo
706 3279 885 3317 complacere
900 3280 1142 3320 Sanfflffimoque
1162 3282 1229 3313 Do-

169 3320 251 3349 mino
269 3318 368 3349 nostro
385 3317 518 3349 inservire
531 3340 541 3356 ,
558 3328 591 3348 ac
610 3317 750 3357 Dignitati
763 3341 774 3357 ,
799 3318 1026 3357 Auctoritatique
1045 3320 1100 3350 suae
1117 3321 1230 3352 Sanffl-

167 3358 230 3387 tatis
249 3367 282 3387 ac
301 3356 396 3387 Sacrae
414 3355 492 3387 Sedis
510 3357 536 3386 A
579 3355 687 3386 stolicae
705 3356 920 3395 conservandis,
937 3360 1048 3395 totique
1062 3357 1230 3390 Christianae

167 3394 316 3434 Religioni
333 3404 388 3433 pro
404 3395 510 3425 viribus
555 3394 663 3425 rodeise
681 3393 821 3425 studentes
835 3418 844 3432 ,
868 3405 983 3426 necnon
1000 3399 1036 3426 ad
1053 3399 1230 3435 contempla-

166 3434 277 3464 tionem
295 3433 545 3464 Sereniffimorum
564 3433 744 3471 praefatorum
762 3433 984 3474 Dominorum,
1001 3444 1085 3473 atque
1103 3437 1162 3466 tam
1177 3436 1228 3467 Sa-

167 3471 302 3502 lutaribus
318 3480 434 3510 tamque
451 3471 651 3502 honestiffimis
667 3481 769 3502 eorum
789 3470 872 3502 Votis
890 3474 923 3504 &
940 3473 1111 3512 Desideriis,
1137 3484 1226 3512 quan-

165 3517 231 3540 tum
251 3520 321 3540 cum
339 3509 463 3541 Honore
481 3509 581 3540 nostro
598 3510 756 3548 valeamus,
773 3520 898 3541 annuere
914 3514 1075 3550 cupientes,
1094 3512 1224 3544 nostrum

166 3548 201 3579 ad
221 3547 338 3578 eandem
357 3548 538 3578 Sanciitatem
553 3549 630 3579 suam
648 3548 801 3579 Oratorem
820 3549 876 3580 five
888 3549 1043 3581 Nunciiim
1060 3551 1222 3581 Dominum

166 3586 311 3616 Robertum
329 3585 493 3623 Shirbourn‚
510 3596 578 3617 curn
598 3587 764 3624 quibusdam
783 3586 1018 3619 Instruffionibus
1035 3590 1160 3619 nostram
1180 3589 1225 3620 su-

166 3634 216 3663 per
236 3623 386 3655 Praemiffis
404 3623 538 3655 Mentem
556 3626 767 3656 continentibus
781 3648 790 3664 ,
810 3627 869 3664 jam
887 3627 971 3663 paulo
998 3635 1062 3658 ante
1077 3628 1225 3659 transmifi-

166 3673 240 3694 mus.

206 3702 267 3741 Qii
286 3700 401 3738 quidem
421 3699 527 3731 Orator
542 3700 599 3731 sive
622 3700 760 3732 Nuncius
780 3701 877 3731 noster
890 3724 899 3739 ,
924 3703 953 3732 in
980 3701 1066 3734 Urbe
1090 3704 1226 3736 Romana

164 3750 234 3771 cum
246 3739 302 3779 fiat
317 3740 474 3769 Sancft'itate
490 3747 719 3777 caeterorumque
737 3739 983 3770 Sereniffimorum
1001 3740 1164 3780 Principum
1176 3754 1225 3773 an-

163 3779 337 3810 tedithorum
358 3777 524 3807 Oratoribus
538 3776 721 3814 constitutus,
738 3779 771 3809 ὃς
789 3778 825 3807 ab
841 3779 930 3807 eodem
945 3780 1108 3819 Sam‘liffimo
1128 3785 1223 3812 Domi-

162 3827 197 3846 no
218 3817 304 3856 nostro
331 3815 673 3852 Consoederatiorumque
695 3814 898 3853 praedictorum
916 3815 1083 3848 Oratoribus
1099 3829 1131 3850 ac
1151 3820 1220 3850 Pro-

162 3858 339 3886 curatoribus
357 3855 393 3884 de
412 3863 492 3884 novo
509 3853 653 3891 requifitus
667 3854 702 3884 ὃς
719 3854 867 3890 invitatus,
884 3853 991 3885 dinam
1006 3855 1128 3896 Ligam,
1146 3858 1218 3889 Col-

161 3893 324 3930 ligationem
341 3894 374 3924 &
390 3891 564 3928 Unionem,
584 3891 672 3922 Anno
685 3890 809 3921 Domini
827 3891 998 3932 Millesimo,
1052 3895 1219 3933 uadringen-

163 3931 279 3968 tesimo‚
297 3930 498 3970 Nonagesimo
516 3930 607 3967 sesto,
625 3928 683 3959 Die
700 3932 772 3959 vero
792 3929 916 3960 Decimii
932 3931 1036 3962 octava
1087 3934 1156 3965 enfis
1166 3935 1220 3974 Ju-

162 3968 213 4005 lii,
231 3968 368 4000 Nomine
385 3969 485 4000 nostro
504 3967 638 4005 Intravit,

200 4006 351 4044 Ipsumque
368 4008 405 4038 fic
419 4009 568 4038 intrantem
588 4005 715 4044 praefatus
732 4007 826 4036 Sanc‘i‘i
844 4016 912 4036 xmus
932 4010 1063 4038 Dominus
1080 4010 1165 4048 noster
1185 4011 1218 4042 δε

161 4045 367 4082 Ρῐπάἰὲὶοωτη
392 4046 560 4086 Principum
588 4044 724 4075 Oratores
745 4046 778 4075 &
838 4053 1010 4076 rocuratoroe
1041 4046 1221 4079 Nominibus

160 4084 274 4114 suorum
295 4082 493 4114 Dominorum
510 4083 692 4121 acceptarunt
710 4084 743 4114 ὃς
762 4082 951 4122 admiserunt,
968 4093 1002 4114 ac
1016 4084 1052 4115 de
1070 4095 1149 4117 novo
1169 4087 1219 4117 Li-

160 4130 256 4192 gamz,
265 4120 490 4191 ColiliIgassonfirn
506 4123 541 4155 &
558 4122 713 4163 Unionem
732 4122 894 4161 praedi-stas,
910 4122 1006 4161 quoad
1017 4121 1145 4163 capitula
1155 4125 1218 4159 sub-

250 4171 299 4191 om.
349 4182 355 4190 .
402 4183 409 4192 .
470 4182 477 4188 -

1279 233 1748 286 PUBLICA.
2243 263 2323 306 107

1260 368 1400 390 traxerunt
1410 386 1418 398 ,

1297 399 1422 437 Qorum
1445 409 1535 431 autem
1553 405 1683 434 didorum
1699 409 1776 444 Ligae
1794 417 1825 436 ac
1846 408 2043 447 Capftusomin,

1253 442 1304 472 per
1315 435 1398 473 ipfiml
1410 441 1552 469 Oratmem
1568 444 1682 480 nostrum
1696 445 1728 474 de
1743 455 1813 474 novo
1829 446 2017 486 conclusarum,

2035 452 2120 478 Τεειον
2125 455 2249 489 sequanas
2256 473 2265 489 ‚
2274 449 2312 486 ὠ·

1263 473 1299 511 est
1314 473 1394 511 talis,

1297 548 1350 592 ET
1367 549 1502 588 Primo,
1523 552 1754 595 supranominati,
1773 558 1964 591 Sanc'tissimus
1985 560 2128 593 Dominus
2140 562 2235 596 noster
2251 565 2315 596 Doe

1263 596 1354 633 minus
1367 588 1539 633 'Alexander
1557 593 1740 637 Papaxsext-as
1760 606 1812 632 pro
1832 599 1867 627 Se
1886 602 1918 629 &
1938 600 2148 631 Succeii‘oiibus
2167 603 2316 634 suiscano⁴

1262 635 1329 672 nice
1364 632 1529 671 intrantibus
1561 639 1593 659 ac
1624 631 1736 672 Sancite
1767 634 1907 666 Romanae
1938 637 2069 667 Eccledrz
2098 640 2319 673 Achaerentibus

1261 664 1482 696 Lornmendans
1500 666 1534 696 &
1552 667 1692 705 Subuisis,
1711 678 1823 700 necnon
1843 673 2033 704 Sereniffimus
2053 676 2165 707 Domi-⁶
2173 690 2199 708 is
2216 683 2316 710 Maxi-⁴

1261 702 1387 733 milianus
1401 707 1580 734 Romanorum
1593 709 1671 742 Rex,
1687 709 1817 736 Henricur
1831 711 1941 746 Angliae
1955 715 2013 741 Rex
2023 723 2080 751 ejus
2099 715 2191 745 Nom}
2207 718 2313 755 iissep-

1261 742 1361 779 timus,
1380 743 1566 772 Ferdinandus
1582 743 1620 778 όν
1636 744 1805 774 Elrzahetha
1822 749 1880 774 Rex
1894 748 1930 781 ὠ·
1946 752 2045 786 Regina
2060 755 2092 780 H
2095 752 2254 790 *litaniarum
2278 758 2312 787 ὃς

1262 779 1439 810 liiustriffimi
1465 781 1584 811 Domini
1595 806 1611 822 „
1627 782 1793 820 Augustinus
1813 785 1963 814 Barbadico
1985 791 2051 816 Dux
2076 781 2246 822 Venetiarum
2261 780 2315 825 ,ὃς

1262 820 1418 848 Ludovicur
1438 822 1536 849 Maria
1559 821 1662 857 Sforcia
1683 821 1792 858 Anglus
1813 825 1882 851 Dux
1905 826 2129 865 fiieitioiastenfir,
2154 839 2207 866 pro
2232 816 2262 861 ,ἐ
2280 835 2315 862 ὅ(

1263 856 1474 888 Succelioribus
1492 860 1544 889 suis
1560 869 1594 889 ac
1617 859 1836 890 Adhaereiinbiis
1860 860 2075 893 commendam
2095 867 2126 895 ὃς
2146 869 2266 898 Subditis
2283 872 2318 900 ὅς

1262 904 1315 932 pro
1342 897 1379 926 eis
1407 896 1438 926 &
1468 899 1597 934 quolibet
1624 907 1723 927 eorum
1742 900 1895 936 respettive
1917 899 2116 931 Procuiasores
2132 904 2164 933 ὃς
2183 906 2318 938 Oratores

1263 934 1489 970 Supraiiominati
1508 937 1670 965 nominibus
1690 937 1790 973 quibus
1808 938 1846 967 Su
1870 949 1897 967 ra
1914 939 2010 968 ineunt
2029 941 2063 969 ὅς
2081 944 2249 973 contrahunt
2265 945 2319 974 bo-

1262 981 1328 1001 nam
1347 982 1453 1002 nietam
1471 974 1504 1004 ἃ
1524 984 1624 1011 puram
1645 974 1813 1013 Unionem,
1832 947 2139 1017 (gonfoederationem,
2158 979 2320 1019 intelligen-

1264 1011 1334 1039 tiam
1353 1012 1385 1041 ἃ,
1407 1011 1525 1050 Ligam,
1543 1014 1701 1043 duraturam
1720 1022 1803 1051 uique
1822 1019 1854 1044 ati
1876 1016 1976 1045 Annos
1997 1016 2104 1046 viviiiti
2122 1019 2246 1055 quinque
2259 1042 2268 1057 ,
2286 1021 2321 1051 δε

1264 1048 1335 1078 ultra
1356 1050 1441 1086 usque
1458 1050 1492 1080 ad
1512 1051 1576 1080 illud
1592 1060 1686 1080 totum
1706 1061 1815 1089 te.iip;s
1839 1053 1918 1090 quod
1944 1053 2006 1090 iplis
2058 1056 2128 1085 amb
2141 1066 2161 1085 is
2187 1058 2321 1093 plicitum

1263 1085 1363 1124 fuerit,
1380 1090 1414 1116 a]
1434 1098 1580 1128 mutuam,
1596 1099 1625 1119 ut
1643 1089 1750 1119 dicium
1770 1090 1828 1126 est,
1845 1090 2101 1122 Conservacioiiem
2112 1100 2242 1124 oratuutri
2256 1096 2322 1126 Par-

1264 1126 1550 1165 nuni-predictam
1569 1130 1601 1158 &c
1626 1129 1706 1157 unius
1731 1129 1814 1166 cujus
1831 1139 1865 1158 ue
1893 1139 1988 1159 earum
2003 1153 2013 1168 ,
2040 1140 2138 1161 contra
2160 1143 2262 1164 omnes
2287 1136 2322 1166 ὅσ

1266 1167 1475 1206 quoicunique,
1495 1167 1591 1204 quiqui
1609 1166 1647 1195 il'ii
1666 1167 1788 1205 suerint,
1813 1168 1955 1197 dominos
1976 1169 2007 1198 §c
2025 1167 2201 1207 Poaentatus,
2222 1182 2249 1202 in
2265 1172 2322 1204 Ita-

1265 1200 1299 1230 lia
1319 1205 1566 1238 1nipraeientiaium
1587 1204 1697 1234 Statum
1716 1205 1848 1236 habentes
1865 1215 1898 1236 cc
1917 1216 2041 1237 tenentes
2055 1229 2066 1245 ‚
2090 1213 2121 1237 ὁ(
2142 1220 2160 1238 u
2176 1231 2186 1247 ‚
2204 1214 2323 1242 durante

1267 1240 1340 1276 Liga
1360 1241 1536 1279 hu‘usmodi,
1553 1243 1662 1272 Statum
1681 1243 1783 1273 habere
1801 1245 1828 1273 in
1849 1243 1924 1275 Itzlia
1944 1246 2071 1275 dezierint
2086 1269 2095 1282 ,
2115 1248 2163 1284 qui
2182 1248 2217 1277 de
2236 1259 2323 1280 caete-

1266 1288 1298 1307 τη
1316 1288 1372 1307 non
1390 1279 1544 1310 provocati
1561 1283 1592 1311 <Sc
1613 1290 1671 1310 non
1691 1281 1819 1312 Laceffizi
1834 1282 2013 1313 offenderent
2039 1293 2086 1319 per
2103 1285 2138 1314 Se
2167 1288 2210 1315 vel
2237 1293 2323 1319 aliurn

1265 1316 1358 1346 Partes
1383 1318 1550 1356 praedieias,
1577 1319 1621 1349 vel
1648 1319 1764 1356 ipsarum
1791 1323 1909 1358 aliquam
1927 1347 1934 1359 ,
1958 1323 2002 1350 seu
2026 1324 2117 1352 Status
2141 1323 2324 1357 Adhaerentes

1263 1354 1490 1386 Commendatos
1509 1358 1543 1387 ὃς
1561 1357 1695 1387 Subditos
1716 1359 1924 1397 un³uscujusq‹.ie
1945 1359 2067 1389 Partiu‘u
2088 1363 2304 1403 praesidi-arun,

1302 1392 1346 1422 ΙΤ
1358 1402 1375 1422 E
1387 1401 1412 1422 ,xi
1429 1417 1438 1431 ,
1465 1393 1673 1425 Convenerunt
1689 1399 1767 1433 quod
1789 1397 1914 1433 praefatus
1933 1397 2112 1436 Sanblffimus
2126 1402 2256 1431 Dominus
2275 1414 2323 1432 no-

1258 1429 1317 1470 ster
1339 1431 1441 1469 juvare
1464 1434 1563 1463 debeat
1581 1434 1801 1465 Confoederatos
1822 1436 1968 1472 pi‘aedicTtos
1987 1446 2054 1465 cuiii
2073 1441 2171 1466 Arnir
2187 1443 2323 1478 Spiritna-

1266 1469 1332 1498 libus
1347 1492 1357 1507 ,
1381 1479 1457 1508 μυῖα
1472 1472 1513 1500 rei
1527 1472 1696 1510 exigentiam
1717 1474 1750 1503 &
1769 1483 1905 1511 quantum
1923 1475 1958 1504 de
1977 1475 2047 1512 Jure
2065 1475 2160 1506 liceret
2177 1478 2232 1507 ime
2252 1480 2324 1509 San·-

1269 1508 1367 1538 elixati.

1305 1545 1393 1577 ITEM
1405 1568 1414 1585 ,
1432 1548 1451 1578 fi
1469 1548 1540 1578 forte
1557 1558 1717 1580 occurreret
1733 1550 1823 1587 (quod
1839 1551 1918 1581 Deus
1931 1554 2046 1588 avertat)
2064 1553 2143 1590 quod
2158 1553 2192 1584 ad
2210 1553 2323 1586 Bellum

1267 1584 1431 1624 deveniret,
1448 1597 1508 1616 nori
1524 1588 1606 1624 possit
1620 1589 1720 1625 quovis
1735 1589 1824 1618 modo
1837 1589 1895 1619 fieri
1912 1589 1968 1620 Pax
1984 1591 2033 1620 niii
2045 1601 2112 1620 cum
2136 1592 2247 1623 seientia
2267 1597 2323 1624 So-

1267 1626 1395 1662 ciorum,
1414 1626 1448 1655 8(
1461 1635 1531 1655 curn
1550 1625 1751 1657 Reservatione
1767 1628 1799 1658 ὅς
1817 1628 1873 1657 line
1895 1628 2058 1666 praejudicio
2080 1631 2218 1666 praesentis
2240 1630 2323 1662 Con-

1270 1662 1461 1693 foederationis
1475 1665 1508 1695 ὃς
1526 1664 1610 1703 Ligae.

1306 1700 1395 1731 ITEM
1408 1724 1417 1738 ,
1443 1700 1516 1732 Casu
1537 1713 1596 1740 quo
1617 1701 1780 1734 Offendens
1804 1702 1927 1734 Offenso
1949 1714 2002 1742 pro
2025 1704 2195 1737 offensione
2215 1706 2325 1738 satisfa-

1268 1740 1394 1769 Ctionein
1413 1740 1573 1781 exhiberet,
1591 1742 1714 1780 Treugas
1729 1745 1762 1773 &
1779 1741 1904 1773 inducias
1918 1752 2026 1781 peteret
2048 1754 2063 1774 a
2086 1745 2164 1775 Bello
2187 1755 2234 1776 aut
2252 1746 2325 1778 Mo-

1271 1778 1347 1808 lei’tia
1368 1778 1512 1816 deiistere,
1533 1782 1565 1809 bt
1587 1780 1622 1810 Se
1645 1790 1744 1810 coram
1768 1779 1980 1811 Confoederatis
1996 1788 2055 1820 juri
2078 1784 2202 1813 subicere
2223 1785 2324 1824 veliet,

1269 1825 1393 1847 teneatur
1409 1826 1476 1847 tunc
1495 1817 1629 1848 Offensa·
1642 1820 1836 1858 acquiescere,
1855 1820 1886 1850 δε
1903 1820 1994 1850 Partes
2012 1821 2066 1850 illas
2080 1823 2186 1852 oblitas
2207 1825 2325 1861 judicio

1270 1856 1303 1886 &
1326 1855 1455 1885 Consilio
1478 1855 1754 1887 Consoederatorurn
1772 1867 1917 1896 acceptare
1934 1859 1967 1888 ὅ(
1983 1859 2158 1897 relinquere,
2176 1863 2208 1891 ὃς
2230 1872 2245 1890 =i
2267 1864 2327 1892 niis

1271 1893 1404 1924 Offensus
1417 1894 1519 1933 nollet,
1538 1895 1640 1932 posfiit
1656 1894 1763 1926 Caeteri
1779 1904 1815 1926 ex
1830 1896 1899 1935 Liga
1915 1897 2058 1927 Auxilium
2084 1899 2111 1927 in
2136 1907 2171 1928 eo
2195 1898 2267 1930 Caiu
2288 1900 2324 1930 ab

1269 1933 1329 1970 ipio
1345 1932 1466 1962 Offienso
1482 1943 1634 1972 amovere,
1649 1936 1683 1965 &
1695 1944 1746 1971 pro
1764 1944 1800 1963 eo
1817 1934 1892 1965 Bello
1905 1935 1941 1964 de
1955 1945 2059 1965 caesern
2074 1936 2217 1976 denegare.

1309 1970 1413 2006 ITEM,
1433 1970 1640 2003 Convenerunt
1651 1973 1729 2010 quod
1746 1973 1835 2010 aliqua
1850 1973 1915 2002 Pars
1927 1975 2103 2010 praenotatur
2119 1986 2144 2013 t,
2160 1976 2236 2006 facta
2244 1975 2328 2007 Con-

1271 2008 1397 2040 clusione
1410 2010 1546 2048 praelentis
1562 2011 1659 2049 Ligae,
1677 2021 1737 2040 non
1754 2010 1835 2048 poil‘it
1849 2013 1882 2041 ad
1897 2012 2018 2049 aliquam
2042 2012 2258 2051 [ητεὶΙιςευ-ὶᾶπι
2280 2016 2324 2046 seu

1302 324 1409 361 nentia,
1430 335 1458 356 ut
1474 329 1670 367 praemittitur,
1691 330 1870 361 Nominibus
1888 330 2043 372 praedietis,
2066 330 2231 367 inierunt&
2245 345 2317 368 con-
2339 336 2412 368 Asin.
2425 334 2465 368 D.

2355 376 2442 414 1496.

2058 408 2096 449 ft
2119 417 2148 440 ut
2170 409 2315 450 praefcrnr
2333 418 2394 443 Hm.
2415 424 2441 449 7.

1272 2048 1377 2085 Ligarii
1392 2051 1525 2079 devenire
1538 2059 1607 2080 cum
1625 2050 1644 2068 ³*
1665 2049 1754 2087 aliqua
1776 2049 1904 2080 Potentia
1928 2051 2065 2088 habente,
2084 2061 2113 2081 ut
2136 2053 2265 2089 Superiu:
2282 2054 2323 2084 est
2342 2060 2361 2081 ιιι
2382 2063 2448 2092 χχχ,

1271 2086 1447 2124 exprelsum,
1463 2089 1492 2116 in
1512 2086 1588 2117 Italia
1612 2088 1742 2125 Statum,
1760 2088 1809 2117 nixi
1822 2089 1859 2117 de
1876 2087 2038 2118 Commu-ii
2054 2088 2198 2120 Comensi
2213 2092 2246 2121 &
2265 2091 2325 2122 Vo-
2342 2105 2398 2128 (μη

1271 2124 1374 2155 luntate
1394 2128 1526 2156 omnium
1550 2125 1695 2164 Partium,
1714 2127 1744 2156 S<
1772 2126 1820 2155 nili
1835 2127 1916 2157 fuerit
1939 2127 1994 2157 line
2014 2126 2185 2165 Praejudicio
2201 2131 2233 2159 ἀ
2256 2139 2324 2160 cum

1271 2162 1474 2232 Κείὲὲναῑίοης
1486 2163 1685 2202 Capitulorum
1700 2164 1840 2202 praesentis
1860 2165 1961 2203 Ligae,
1981 2166 2080 2203 quibus
2091 2168 2169 2197 nullo
2185 2173 2276 2198 modo
2296 2169 2330 2199 li-

1271 2211 1331 2232 ceat
1365 2213 1480 2241 erogari.

1306 2239 1410 2278 ΙΤΕΜ,
1429 2241 1598 2272 Reservetur
1613 2243 1767 2280 unicuique
1780 2241 1915 2272 Domino
1929 2243 1963 2273 &
1980 2242 2137 2273 Potentatui
2165 2243 2261 2275 Locus
2284 2246 2329 2276 in-

1270 2279 1413 2316 grediendi
1427 2280 1499 2310 hanc
1510 2280 1609 2318 Ligam
1619 2305 1628 2317 ,
1638 2281 1793 2310 secundum
1810 2281 2060 2319 uniuscuiusvisque
2075 2284 2234 2312 decentiam
2244 2294 2329 2321 ,cum

1271 2319 1321 2347 illis
1343 2318 1443 2348 Modis
1467 2318 1689 2348 Conditionibus
1709 2319 1742 2359 &
1762 2319 1991 2356 Obligatioiiibus
2007 2329 2071 2357 quae
2092 2320 2236 2360 Partibus,
2255 2332 2328 2353 con-

1271 2357 1440 2387 trahentibus
1451 2356 1524 2387 hanc
1542 2357 1642 2395 Ligam
1653 2380 1663 2395 ,
1678 2357 1743 2387 vilae
1758 2358 1860 2388 fuerint
1874 2358 1907 2388 &
1921 2358 2079 2395 placebunt⁴

1305 2395 1413 2433 ITEM,
1431 2396 1494 2433 post
1507 2394 1730 2425 Concluiionem
1748 2396 1887 2433 praesentis
1911 2396 1988 2433 Lige
2013 2405 2155 2427 teneantur
2176 2396 2270 2429 Partes
2291 2399 2327 2431 &

1270 2435 1402 2472 quaelibet
1423 2444 1520 2464 earum
1536 2457 1546 2472 ,
1571 2434 1643 2463 infra
1665 2433 1778 2463 Menses
1799 2434 1872 2463 Tres
1886 2456 1896 2471 ,
1921 2435 2078 2464 noininiiie
2107 2436 2232 2466 invicem
2266 2439 2328 2468 suns

1271 2474 1454 2503 Adhaerentes
1475 2474 1508 2503 ὅ(
1533 2471 1777 2509 Commendatos,
1795 2482 1863 2503 curn
1888 2473 1941 2503 hac
1966 2472 2179 2515 Declaratione,
2199 2484 2251 2512 pro
2267 2486 2329 2506 ma-

1267 2512 1323 2549 jori
1344 2511 1479 2547 Cautela,
1495 2511 1577 2548 quod
1598 2511 1671 2540 nulla
1696 2510 1820 2540 Partium
1844 2512 1992 2541 nominare
2012 2512 2096 2548 poilit
2119 2522 2146 2542 in
2168 2513 2327 2551 hujusmodi

1271 2550 1517 2580 Denominatione
1534 2549 1659 2579 facienda
1674 2549 1797 2586 aliquem
1815 2548 1980 2578 Dominum
1994 2559 2040 2579 aut
2063 2550 2259 2589 l’otenzatum,
2279 2553 2329 2590 qui

1271 2588 1420 2626 Dignitate
1433 2587 1535 2618 Titulo
1550 2596 1597 2618 aut
1608 2587 1740 2617 Potentia
1753 2597 1812 2617 non
1832 2587 1864 2617 fit
1889 2587 2001 2617 inferior
2025 2589 2178 2626 unicuique
2200 2590 2328 2621 Partiurn

1270 2626 1470 2665 principalium
1486 2626 1563 2663 hujus
1578 2625 1857 2663 Coni'oedeiationis3
1877 2625 1910 2654 &
1925 2627 1982 2656 hoc
1998 2627 2133 2663 quoniam
2149 2628 2166 2656 ii
2189 2630 2249 2666 quis
2270 2639 2330 2659 nia-

1265 2666 1334 2703 joris
1349 2664 1450 2704 gradus
1464 2663 1608 2694 Beneficio
1624 2664 1706 2701 ipsius
1723 2663 1984 2694 Confoederationis
1997 2665 2037 2694 uti
2054 2665 2137 2695 vol-e
2154 2667 2173 2695 it
2183 2689 2194 2704 ,
2213 2676 2276 2705 τεῳ)
2290 2677 2329 2697 ιη]

1270 2713 1386 2741 quoque
1401 2703 1441 2733 est
1456 2713 1525 2732 eum
1540 2703 1660 2732 aliorum
1676 2701 1949 2732 Confoederatorum
1966 2701 2192 2739 Cognitionibus
2207 2708 2238 2734 ὁ(
2259 2706 2329 2735 Alli.

1269 2743 1428 2780 gationibus
1442 2742 1542 2780 pariter
1560 2740 1716 2778 subjacere,
1731 2750 1815 2777 prout
1836 2740 1964 2771 Partibus
1984 2742 2153 2771 contrahent
2165 2743 2215 2772 bus
2238 2744 2329 2775 vium

1272 2781 1354 2812 fuerit
1369 2780 1552 2811 conveniens.

1309 2818 1382 2849 ΙΤΕ
1394 2826 1419 2848 M
1431 2841 1440 2856 ,
1459 2817 1578 2855 praesens
1596 2816 1666 2854 Liga
1684 2816 1717 2846 &
1737 2815 1956 2847 Confoederatio
1976 2826 2024 2853 per
2044 2815 2139 2847 Partes
2157 2819 2327 2850 contrahen-

1271 2866 1311 2888 tes
1323 2882 1334 2897 ,
1350 2857 1420 2887 infra
1435 2857 1607 2886 Terminum
1626 2855 1730 2885 Trium
1753 2854 1898 2884 Mensium
1913 2877 1922 2892 ,
1948 2865 1962 2883 a
1980 2855 2039 2885 Die
2057 2856 2236 2891 Sip-:lationis
2257 2868 2327 2894 prae-

1269 2896 1350 2927 sentis
1368 2894 1496 2925 Unionis
1513 2895 1546 2924 &
1565 2893 1645 2930 Ligae
1659 2916 1670 2931 ,
1687 2893 1820 2922 hincinde
1838 2894 1866 2921 in
1885 2893 1974 2922 forma
1990 2893 2102 2930 publica
2121 2895 2153 2923 &
2170 2897 2326 2935 auaenrica,

1269 2944 1318 2972 per
1339 2933 1455 2972 publica
1472 2932 1660 2962 instrumenta
1681 2932 1714 2960 ὃ(
1739 2930 1859 2968 Literas,
1881 2931 1980 2960 debeat
1998 2931 2157 2968 Approbari
2185 2933 2218 2962 ὅ(
2245 2933 2326 2964 Κηί-

1268 2973 1369 3011 ficari,
1401 2970 1647 3008 Instrumentaque
1673 2969 1718 2999 vel
1748 2969 1849 2999 Lirem
1871 2968 2078 2999 Ratificationis
2099 2970 2254 3007 huiiiihmi'
2281 2973 2324 3002 vi.

1269 3010 1361 3041 ciffim
1383 3010 1457 3040 mitti
1482 3009 1516 3039 δε
1545 3008 1615 3038 tradi
1641 3007 1784 3044 debeant,
1813 3006 1899 3036 firmis
1926 3007 2125 3037 nichilominus
2156 3012 2324 3040 remanenti-

1268 3050 1319 3079 bus
1333 3050 1361 3079 in
1376 3057 1497 3079 omnem
1513 3055 1649 3078 eventum
1667 3045 1722 3076 aliis
1734 3046 1867 3076 omnibus
1885 3043 2021 3083 Capitulis
2035 3046 2114 3083 hujus
2133 3045 2324 3080 Confoeciera-

1270 3089 1362 3118 tionis.

1303 3126 1351 3156 ΙΤ
1361 3135 1379 3156 ε
1390 3133 1432 3161 Μ,
1448 3131 1645 3155 convenerunt
1664 3121 1743 3160 quod
1762 3121 1878 3158 praesens
1897 3122 1969 3159 Liga
1985 3131 2034 3159 per
2050 3121 2242 3161 Sanflifflmum
2255 3126 2315 3154 Do-

1266 3168 1366 3195 minum
1386 3162 1502 3202 nostrum
1526 3164 1559 3193 &
1587 3159 1772 3200 Illustriffimos
1803 3162 1891 3190 Duces
1909 3161 2040 3199 praejatos
2064 3161 2244 3202 solempniter
2265 3173 2319 3199 pu-

1266 3204 1362 3234 blicari
1384 3202 1482 3233 debeat
1503 3200 1561 3230 Die
1584 3199 1743 3230 Doininica
1761 3199 1860 3229 ultima
1880 3200 2016 3236 praeieniis
2041 3198 2145 3229 Meniis
2159 3199 2226 3237 julii
2242 3221 2251 3237 ‚
2269 3202 2318 3238 qui

1264 3243 1316 3272 erit
1337 3242 1367 3270 in
1384 3241 1482 3270 Terris
1507 3239 1540 3269 &
1563 3237 1708 3268 Dominiis
1725 3238 1870 3274 cujussibet
1892 3247 2009 3275 eorum,
2027 3245 2093 3266 cum
2109 3237 2320 3276 Solempnirati·

1265 3280 1316 3310 bus
1329 3280 1362 3310 δε
1378 3277 1606 3309 Proceffionibus
1621 3275 1973 3312 Demonstrationibusque
1994 3277 2026 3305 &
2042 3275 2134 3311 Signis
2157 3275 2263 3306 Gaudii
2281 3278 2315 3307 &

1264 3318 1388 3348 Laetitiae
1410 3326 1439 3348 ut
1454 3316 1495 3347 est
1515 3315 1696 3352 consuetum,
1718 3314 1750 3344 &
1771 3314 1830 3343 hoc
1849 3314 1922 3342 idezn
1940 3313 2062 3343 servetur
2077 3322 2091 3341 a
2110 3312 2229 3354 Caefizria
2245 3317 2314 3344 Ma-

1254 3356 1354 3396 jeslate
1367 3379 1378 3395 ,
1393 3354 1577 3386 Sereniffirni3
1595 3353 1707 3390 Regibus
1730 3351 1924 3391 Hispaniarum
1947 3352 1980 3380 &
2000 3351 2111 3393 Angliae
2125 3374 2134 3389 ,
2155 3355 2315 3392 faciantque

1262 3395 1381 3425 firnilem
1396 3393 1620 3424 publicationem
1638 3391 1703 3429 post
1717 3390 1842 3420 habitam
1857 3389 2016 3431 Notitiam,
2034 3398 2061 3417 in
2077 3399 2132 3419 una
2148 3398 2182 3419 ex
2197 3390 2316 3422 festivi.

1261 3435 1362 3464 tatibus
1377 3442 1430 3470 pro
1444 3432 1534 3471 signis
1545 3431 1724 3469 sequentibus
1737 3429 1821 3468 ipsam
1842 3426 1988 3458 Notitiam
2010 3437 2026 3456 a
2047 3426 2242 3465 Majestatibus
2262 3432 2315 3461 iuis

1258 3473 1390 3503 habitam.

1294 3510 1372 3540 ΙΤΕ
1385 3517 1412 3539 Μ
1431 3531 1441 3547 ,
1460 3509 1498 3538 ne
1518 3508 1608 3544 magis
1629 3506 1764 3537 Potentes
1785 3505 1879 3534 minus
1902 3503 2036 3534 Potentes
2054 3505 2235 3543 opprimant,
2264 3516 2310 3538 ut-

1259 3559 1314 3588 que
1328 3548 1442 3579 cuilibet
1455 3546 1534 3585 quod
1551 3547 1599 3576 fibi
1620 3545 1688 3583 Jure
1705 3544 1840 3580 competit
1860 3542 2005 3578 reddatur,
2022 3551 2218 3574 convenerunt
2242 3543 2307 3574 Par-

1256 3597 1296 3618 tes
1318 3586 1463 3626 praediucae
1482 3584 1579 3622 quod,
1599 3583 1617 3613 fi
1639 3583 1714 3613 forte
1734 3589 1895 3622 occurre-ret
1920 3581 1953 3610 ad
1977 3579 2085 3610 Bellum
2107 3582 2257 3619 devenire,
2276 3585 2306 3612 in

1258 3636 1317 3664 quo
1338 3624 1416 3656 Bello
1436 3631 1599 3660 caperentur
1620 3630 1636 3650 a
1657 3619 1756 3657 Copiis
1776 3617 2046 3648 Conioederatorum
2070 3618 2227 3657 Dominis,
2247 3621 2305 3650 Oa-

1257 3666 1329 3701 stra,
1346 3663 1425 3694 Loca
1439 3669 1484 3692 aut
1500 3660 1579 3691 Bona
1595 3667 1659 3696 quae
1673 3658 1761 3688 essent
1774 3666 1820 3686 aur
1834 3656 1947 3686 fuiisem
1963 3656 2076 3693 alicujus
2098 3658 2214 3695 ipsarum
2237 3657 2306 3688 Par-

1255 3704 1327 3733 tium
1343 3702 1399 3733 sive
1413 3708 1506 3731 earum
1524 3697 1735 3728 Adhaerentium
1760 3696 1793 3725 &
1815 3693 2113 3733 Commendatoriiin,
2127 3696 2305 3736 timuit-eique

1254 3740 1368 3771 illorum
1394 3739 1441 3779 qui
1462 3737 1498 3767 de
1527 3734 1671 3766 Conseniii
1692 3735 1725 3765 &
1748 3732 1899 3762 Voluntate
1916 3731 2187 3774 Confoeieratorum
2202 3755 2212 3770 ,
2237 3735 2304 3772 post:

1252 3778 1466 3810 conclusionem
1483 3775 1581 3811 Ligae,
1598 3773 1699 3802 Lioam
1714 3772 1872 3809 intrabunt,
1890 3772 1918 3800 in
1941 3772 1998 3801 hoc
2024 3771 2095 3813 Caiu
2117 3772 2167 3809 ipia
2194 3771 2303 3801 Domi-

1252 3819 1313 3854 nia,
1332 3815 1429 3847 Castra
1444 3837 1453 3852 ,
1471 3813 1553 3842 Loca
1574 3812 1606 3840 δε
1626 3798 1703 3840 &ona
1724 3809 1830 3840 restitui
1854 3809 1974 3840 debeant
1995 3809 2139 3846 Sponsus,
2165 3818 2232 3839 cam
2251 3812 2303 3841 illis

1252 3856 1346 3886 Paucis
1358 3856 1392 3886 &
1411 3850 1633 3884 Conditionibus
1649 3858 1712 3886 quae
1729 3847 1852 3878 Partibus
1865 3847 2095 3878 contrahentibus
2109 3847 2181 3877 hanc
2197 3848 2301 3887 Ligam

1248 3894 1426 3926 videbuntur.
1632 3925 1636 3930 ¹
1711 3925 1716 3930 Π

1286 3931 1395 3969 ITEM,
1411 3930 1429 3960 si
1442 3928 1532 3966 aliqua
1550 3925 1615 3955 Pars
1629 3935 1659 3954 in
1682 3923 1752 3963 Liga
1766 3923 1984 3966 comprehensa,
2002 3921 2047 3952 vel
2085 3931 2127 3952 uae
2145 3923 2211 3960 post
2227 3933 2301 3967 con-

1248 3970 1371 4002 trastum
1400 3969 1478 4004 Ligae
1503 3965 1603 4002 Ligam
1627 3963 1742 3993 intrabit
1759 3985 1769 4000 ,
1789 3972 1836 3993 aut
1861 3962 1982 3991 Domini
2007 3961 2053 3990 vel
2121 3970 2302 3994 mmuiiitates

1248 4019 1302 4046 pro
1321 4005 1534 4038 Adhaerentibus
1550 4011 1596 4032 aut
1614 4000 1830 4031 Commendaris
1849 4000 1930 4036 dati,
1957 4007 2005 4035 per
2027 4000 2148 4035 aliquam
2174 3999 2300 4031 Partium

1248 4049 1277 4077 in
1303 4047 1371 4085 Liga
1393 4041 1658 4080 comprehensarum
1675 4039 1832 4069 offenderet
1851 4038 1972 4075 aliquem
1991 4045 2024 4066 er
2039 4037 2170 4080 ‘Partibus
2190 4037 2300 4068 Princi-

1249 4085 1356 4123 palibus
1395 4083 1438 4113 seu
1459 4080 1640 4111 Adhxrentes
1656 4087 1703 4108 aut
1720 4077 1948 4107 Commeniatos
1964 4075 2015 4105 alic
2032 4083 2077 4112 Jiis
2094 4080 2212 4112 iplamm
2234 4077 2300 4106 Pa:-

1249 4126 1338 4161 qum,
1357 4106 1418 4153 130st
1435 4119 1600 4157 intelligatur
1619 4116 1690 4156 Liga
1708 4115 1809 4147 violata
1827 4114 1922 4153 quoad
1939 4112 2003 4146 alias
2018 4116 2114 4147 Partes
2128 4114 2301 4150 &inquies

1747 4152 1777 4184 O
1796 4162 1814 4183 2
2234 4159 2302 4182 con-
