2555 4266
105 197 191 233 260

1 284 30 304 ¹¹-
42 272 82 303 D·
99 287 163 310 rum
185 276 362 313 ubicumque
385 283 435 312 per
456 271 579 304 Terram
603 273 637 303 &
650 280 700 308 per
716 269 800 301 Mare
815 268 949 307 repertis,
966 266 1024 297 fine
1045 265 1173 297 Contra-

0 312 56 350 508.

0 363 15 382 ι.
35 361 60 387 7.

9 2765 94 2793 XIII.

0 2813 7 2830 ι
12 2812 37 2839 5.

101 316 228 348 diffione
242 324 289 345 aut
303 313 469 346 Resistentia
490 320 688 351 quacumque,
702 309 791 340 libere
811 310 939 348 exigere,
958 306 1069 345 levare,
1087 313 1171 341 cape-

102 366 152 394 re,
168 354 324 393 poffidere,
341 353 374 384 &
387 352 532 388 detinere,
743 388 751 395 κ
836 387 842 392 ,
902 386 908 392 ι
1031 384 1037 390 .
1149 381 1154 387 Ι

139 394 371 428 Renunciantes‚
389 392 420 421 in
442 390 494 420 hac
518 396 612 427 parte,
630 387 758 426 expresse
781 387 814 418 &
835 395 863 416 in
879 395 943 416 vim
957 383 1057 422 Paeti,
1074 391 1172 425 omni-

99 433 155 465 bus
172 433 206 464 &
221 431 330 471 singulis
347 432 406 461 tarn
418 428 492 468 Juris
509 428 595 466 quarn
620 427 701 457 Facti
721 425 945 462 Exceptionibus
964 424 997 468 βε
1018 422 1172 465 Defeniio-

98 473 201 509 nibus,
220 470 333 508 aliisque
354 468 429 508 Juris
449 469 482 498 &
509 467 587 498 Facti
612 465 779 502 Beneficiis,
797 465 830 495 δε
846 461 1016 507 'generaliter
1036 467 1171 506 omnium

99 510 217 542 Leoum
233 510 267 540 &¹
281 508 437 540 Canonum
453 506 713 545 AppellationibuS,
734 502 883 542 QerehS‚
902 499 1172 541 Provocatiombils2

103 535 318 586 &Iseneficim
333 547 434 585 quibus
449 555 547 575 contra
562 544 709 573 Praemissa
731 543 778 573 seu
799 551 900 572 eorum
921 541 1013 585 aliqua
1037 538 1172 581 Nos-Juj

104 598 171 619 vare
192 586 338 625 poffemus
357 593 405 616 aut
426 583 650 622 quomodolibet
669 583 760 620 tueri,
778 582 812 613 &
828 581 984 618 praesernm
1000 577 1173 614 Excepuom

102 626 207 658 Poenae
225 635 283 656 non
299 623 442 654 solvendae
454 632 504 661 per
519 621 688 658 Principales
701 619 909 651 Contrahentes
929 618 1098 661 ,vel'eorum
1120 614 1174 645 Pa-

104 674 194 696 rentes
210 665 238 694 in
257 663 437 702 Sponsalibus
451 661 647 691 Matrimonii<
657 659 808 702 appositae,
827 660 860 689 ὅ(
873 656 936 701 J'uri
961 656 1068 699 dicenti
1088 662 1174 693 gene-

105 704 192 736 ralem
210 701 472 733 Renunciationem
489 709 549 731 non
567 699 659 729 valere
673 701 723 728 nin
740 697 908 734 praecefferit
922 694 1061 738 speeial'isg
1105 732 1111 737 υ

145 741 261 772 Proviso
284 750 380 771 tamen
404 738 485 778 quod
502 763 511 776 ,
542 738 617 768 Casu
638 748 697 776 quo
720 737 831 766 dicium
856 733 1082 776 Matrimonium
1098 740 1176 778 *inter

107 780 238 818 praefatos
253 779 416 818 Principem
432 777 567 808 Karolum
583 778 616 809 &
634 778 760 806 Mariam
774 773 956 805 contrahatur
969 772 1002 802 &
1016 771 1113 802 debite
1134 770 1177 799 so-

108 820 290 855 lemnizetur,
309 827 358 849 aut
381 817 399 847 si
425 826 473 855 per
497 816 643 853 prsefatam
669 812 868 850 Principiffam
892 813 1034 848 Mariam,
1054 809 1099 840 vel
1122 809 1178 840 Pa-

110 867 202 888 rentes
219 858 296 893 suOS,
314 857 359 888 vel
372 866 475 887 eorum
489 856 612 891 aliquem
622 875 631 890 ,
649 860 697 882 aut
710 851 797 882 aliurn
812 859 1042 888 quemcumque,
1057 857 1105 879 aut
1129 858 1178 887 per

109 897 243 927 Morem
267 897 375 927 alterius
396 893 635 925 Contrahentium
665 890 762 929 (quod
789 889 869 920 Deus
899 892 1021 924 avertat)
1052 896 1100 917 aut
1129 896 1179 924 per

110 945 328 973 quemcumque
345 935 430 965 alium
446 931 565 962 modum
578 931 622 961 vel
630 938 792 973 eventum,
810 937 997 971 praeterquam
1013 935 1064 971 per
1079 925 1179 970 praefa-

109 982 173 1005 tum
195 976 345 1012 Principem
364 970 497 1002 Karolum
512 992 522 1008 ,
546 977 593 1000 aut
611 979 669 1006 elus
692 968 805 1003 Partes,
833 966 939 997 steterit
960 974 1115 1009 quominus
1137 964 1180 994 di-

112 1013 193 1043 &tum
219 1012 441 1043 Matrimonium
466 1008 568 1045 Locis,
588 1007 751 1045 Terminis,
770 1005 922 1049 ModIsque
944 1005 977 1036 &
997 1003 1130 1041 Formis,
1149 1013 1180 1035 ut

111 1051 274 1089 praefertur,
290 1050 471 1080 contrahatur
484 1049 517 1080 &
530 1046 747 1083 solemnizetur,
766 1045 812 1075 vel
827 1044 846 1075 fi
868 1044 944 1074 dieta
963 1043 1088 1074 Summa
1116 1045 1181 1073 Du-

113 1097 252 1120 centarum
271 1088 309 1123 (θ’
329 1088 543 1128 Quinquaginta
567 1084 678 1115 Milium
699 1088 865 1114 Coronarum
888 1085 964 1112 Auri
986 1082 1069 1120 pleni:
1095 1082 1180 1112 fuerit

112 1129 216 1166 soluta,
232 1127 379 1165 praesentes
394 1127 511 1157 Litterae
535 1125 656 1161 nostrae,
675 1133 808 1161 tanquam
830 1121 926 1164 Cassae
948 1123 982 1152 &
1006 1120 1094 1152 lrritae
1117 1120 1182 1151 nul-

112 1168 218 1205 liusque
232 1165 380 1196 Efficaciae
395 1174 440 1195 aut
457 1163 623 1200 Momenti,
638 1162 739 1192 Nobis
752 1172 801 1200 per
822 1166 970 1199 praetaturn
992 1162 1089 1196 Regem
1114 1163 1182 1189 An-

109 1206 173 1243 gliae
187 1229 196 1243 ,
221 1205 316 1244 ejusve
337 1203 476 1234 Haeredes
501 1204 534 1233 &
555 1200 759 1238 Succeffores,
786 1211 832 1230 aut
854 1209 954 1230 eorum
977 1197 1113 1229 Oratores
1136 1197 1184 1229 vel

113 1245 315 1274 Procuratores
331 1243 364 1273 ad
381 1243 438 1273 hoc
453 1241 618 1280 deputatos,
633 1239 711 1271 bona
725 1239 796 1270 Fide
815 1238 994 1269 restituantur
1005 1261 1015 1276 ,
1031 1239 1114 1268 omni
1129 1238 1185 1268 do-

113 1283 160 1321 lo,
175 1282 236 1313 astu
246 1305 256 1322 ,
270 1281 425 1320 fraudeque
440 1281 560 1311 semotis.

151 1359 265 1391 Harum
280 1359 467 1392 Testimonio
483 1358 656 1390 Litterarum
671 1355 761 1396 sigini
775 1353 864 1386 nostri
878 1353 1050 1392 appensione
1065 1353 1188 1385 munita-

114 1409 191 1431 turn.

152 1477 264 1508 Datum
283 1478 313 1507 in
338 1476 439 1516 Oppido
466 1474 554 1513 nostro
576 1473 762 1516 Schoonhouen
781 1495 790 1511 ,
818 1471 877 1502 Die
896 1470 1053 1501 undecimo
1077 1469 1186 1501 IVIenfis

117 1515 274 1553 Odtobris,
292 1516 379 1546 Anno
396 1515 519 1545 Domini
535 1513 692 1543 Millelimo
707 1510 949 1551 Quingentefimo
965 1509 1092 1548 ottavo,
1108 1508 1190 1547 Reg-

118 1565 224 1586 norum
241 1554 408 1586 nostrorum
423 1552 554 1584 Romani
572 1551 599 1582 V
602 1552 720 1582 icelimo
734 1553 837 1589 tertio,
856 1549 1012 1589 Hungariae
1033 1550 1105 1580 vero
1126 1546 1190 1578 Dc-

118 1603 199 1626 cimo
212 1603 302 1625 nono.

868 1664 906 1696 M
917 1675 936 1695 Α
947 1674 964 1694 x
973 1674 983 1694 1
994 1673 1032 1696 M.

499 1745 555 1776 Ad
565 1744 737 1775 Mandatum
750 1744 865 1773 Domini
876 1745 1061 1782 Imperatoris.

894 1819 925 1851 R
935 1829 953 1851 E
964 1828 986 1850 N
1000 1827 1023 1850 N
1035 1828 1046 1849 1
1057 1827 1088 1849 E.

187 1901 241 1932 Sub
257 1899 347 1938 Sigillo
361 1900 394 1929 de
407 1898 477 1929 Certi
492 1898 575 1929 rubea
589 1897 627 1934 όν
644 1897 709 1928 albai
726 1897 797 1928 Cerci
810 1896 937 1935 munita,
956 1895 1060 1937 Pyxide
1077 1893 1193 1935 incluso,

233 1939 271 1976 ὅ»
282 1940 416 1978 pendente
431 1950 449 1967 a
466 1939 552 1968 cauda
568 1940 750 1976 Pergamenae.

182 2081 289 2113 Literae
304 2077 435 2110 Poenales
446 2088 501 2124 pro
524 2075 713 2124 Obligatione
730 2078 926 2124 Imperatoris
946 2077 982 2113 ώ-
1001 2076 1147 2120 Principis

554 2126 748 2172 conjunfiim.

124 2290 294 2328 Dalmatia,
313 2295 447 2327 Creatiae,
464 2289 525 2325 &a
544 2290 631 2328 REX,
648 2290 681 2320 &
703 2289 842 2327 Karalus,
861 2288 920 2318 Dei
941 2288 1047 2326 gratia,
1068 2289 1195 2319 ARCHI-

125 2338 226 2359 DUCES
256 2330 378 2370 Austriae
391 2353 400 2367 ,
427 2329 596 2360 PRINCEPS
620 2328 818 2368 Hispaniarum
833 2351 842 2365 ,
870 2327 1007 2369 utra-'usaue
1027 2327 1132 2357 Ceciliae
1153 2326 1193 2362 d„

73 2392 83 2397 -
123 2367 317 2407 Jherufizlem,
347 2367 458 2399 DUCES
483 2368 668 2405 Burgundiae,
695 2367 902 2403 Locharingiae,
928 2367 1111 2405 Brabantiae,
1137 2369 1193 2395 Sti-

123 2418 189 2443 riae,
211 2406 388 2446 KarInthiae,
414 2406 565 2443 C.:rniolae,
591 2407 774 2444 Limburgiae,
801 2405 1017 2443 Lucemburgiae,
1044 2404 1082 2441 ὠ·
1107 2405 1193 2435 Ghel-

122 2446 206 2483 driae,
227 2446 454 2476 LANTGRAVII
471 2445 610 2484 Alsatiae,
629 2446 831 2482 Primores,
853 2446 997 2482 Zweviae,
1017 2443 1190 2475 Pium-mr

120 2489 148 2513 in
166 2484 310 2523 Habsburg
333 2483 370 2518 cler·
392 2487 547 2523 Hanoniae,
566 2484 746 2515 Pmncrpas
767 2485 799 2513 δε
822 2482 978 2513 Comus
1003 2483 1190 2522 Burgundiae,

122 2521 261 2553 Flandriae
278 2546 288 2561 ,
316 2523 442 2562 T›*rol,'s‚
468 2527 599 2562 Goritiae,
624 2522 781 2562 Arthefiae,
808 2521 984 2559 Hoilandiae‚
1013 2520 1191 2560 Zeelandiae,

123 2564 256 2600 Ferretis,
278 2565 307 2591 in
330 2562 466 2599 Kieburg,
490 2564 644 2600 Namurci,
672 2562 842 2599 Dusburgii,
867 2560 1093 2591 MARcffloNEs
1115 2565 1192 2591 Sacri

126 2603 241 2629 Romani
258 2602 366 2638 Imperii
379 2599 461 2640 super
480 2600 610 2639 Anasum
633 2599 671 2636 ὠ·
694 2603 854 2637 Burgouiae,
874 2599 967 2629 DOM
979 2609 991 2629 1
1003 2608 1047 2629 Νῐ
1073 2602 1191 2638 Friziae,

120 2638 257 2668 Marchia:
272 2660 281 2675 ,
307 2638 493 2676 Sclavonicae,
519 2639 728 2678 Portusnaonis,
751 2637 924 2675 Salinarum,
952 2637 990 2673 (ἐν
1015 2637 1192 2678 Mechliniae,

120 2677 252 2708 universis
267 2678 300 2707 δε
317 2676 445 2715 fingulis,
462 2678 497 2708 ad
511 2687 635 2714 quorum
652 2678 780 2708 Notitias
801 2677 950 2714 praesentes
969 2677 1074 2707 Literae
1092 2687 1193 2715 perve-

120 2716 233 2753 nerint,
251 2714 384 2745 Salutem.

159 2757 176 2771 '⁵
195 2753 277 2785 Cum
293 2754 322 2783 in
339 2753 464 2791 quodam
477 2752 634 2790 Tractatu,

155 2791 205 2822 De
231 2791 306 2823 Data
329 2791 452 2832 Vicefimi
473 2795 554 2829 primi
574 2794 640 2822 Diei
662 2789 766 2831 Menfis
779 2789 951 2829 Decembris,
969 2793 1059 2822 Anno
1081 2795 1194 2823 Domini

123 2830 268 2872 Millefimo
283 2830 502 2870 ,Quingentefimo
517 2834 633 2868 Septimo
642 2852 652 2868 ,

157 2869 234 2901 Inter
253 2870 323 2900 Nos
338 2868 564 2899 Maxrmilianum
583 2878 653 2900 tunc
678 2870 775 2906 Regem
795 2876 873 2898 nunc
893 2869 966 2898 vero
990 2867 1116 2898 Elec‘t‘um
1138 2872 1193 2899 Ro-

125 2919 264 2939 manorum
275 2912 485 2947 Imperatorem,
503 2909 562 2938 tam
579 2917 609 2938 ut
623 2911 719 2945 Regem
734 2910 914 2936 Romanorum
927 2907 1015 2945 quam
1037 2917 1067 2938 ut
1091 2908 1190 2939 Avum

121 2947 278 2979 Paternum
292 2957 326 2977 ac
342 2948 502 2986 legitimum
517 2947 662 2978 Tutorem
687 2945 923 2975 Gubernatorem
948 2947 980 2977 &
1005 2946 1193 2978 Administra-

122 2995 215 3018 torem
238 2985 370 3016 Personte
387 2986 421 3016 &
446 2985 596 3016 Bonorum
609 2983 700 3015 nostri
714 2983 815 3013 Karoli
828 2984 1033 3014 Artemonem
1048 2989 1098 3015 Au
1122 2990 1170 3015 riae
1181 3009 1190 3024 ,

122 3024 147 3055 P
158 3034 182 3055 R
192 3034 204 3055 1
215 3032 236 3054 N
249 3035 265 3055 c
275 3034 287 3054 1
298 3033 316 3054 P
325 3033 336 3054 1
347 3034 359 3055 S
386 3023 581 3063 Hispaniarum
595 3022 708 3062 utriusq,
729 3021 841 3060 Siciliae,
859 3021 1037 3061 Jherusalem
1046 3047 1054 3062 ‚
1092 3035 1135 3054 ec.
1157 3035 1191 3055 ac

123 3062 193 3094 Nos
217 3063 366 3101 praefatum
387 3062 568 3092 Archiducem
588 3061 626 3096 ὠ
647 3063 810 3099 Principem,
836 3060 1015 3092 Au&oritate
1037 3072 1132 3093 tamen
1158 3065 1192 3094 &

122 3102 249 3139 exprell'o
265 3101 411 3133 Consensu
430 3101 539 3139 praesati
555 3099 645 3131 nostri
657 3108 726 3130 tunc
743 3102 820 3137 Regis
835 3109 912 3130 nunc
927 3102 1000 3131 vero
1014 3103 1195 3131 Romanorum

126 3144 302 3179 Imperatoris
323 3150 354 3171 ut
375 3140 451 3178 Avi,
477 3139 614 3177 Tutoris,
637 3137 844 3169 Gubernatoris
860 3162 870 3176 ,
895 3140 928 3170 &
948 3139 1193 3171 Administratoris

125 3178 272 3217 praediffi,
290 3178 496 3209 ARcHrnucrs
512 3177 653 3218 Ansina,
679 3175 785 3206 Ducis
805 3177 993 3216 Burgundiae,
1010 3179 1192 3218 Brabantiae,

127 3217 187 3253 ἀνι.
208 3217 356 3248 CoMths
380 3216 567 3254 Habshurgen.
586 3215 646 3252 &c.
665 3214 823 3252 Flandriae,
841 3216 984 3256 Arthefii,
1000 3215 1060 3251 ἀντ.
1080 3217 1192 3248 Dom-

128 3265 167 3286 NJ
184 3256 365 3294 sclavonicae,
389 3255 561 3292 Mechliniae,
580 3254 641 3289 &a
660 3263 777 3285 necnon
800 3253 1014 3285 Illustrissrmam
1027 3266 1060 3286 ac
1076 3256 1192 3286 Carissi-

128 3304 208 3323 mam
225 3294 324 3324 Filiam
339 3294 427 3324 nostri
451 3293 631 3332 Imperatoris
651 3293 685 3324 &
709 3293 835 3323 Amitam
857 3292 947 3323 nostri
968 3294 1137 3326 Archiducis
1161 3297 1194 3326 &

128 3331 266 3370 Principis
290 3336 479 3370 Margaretam
499 3332 621 3371 Austriae
644 3330 876 3368 &Burgundiae‚
902 3330 963 3365 &c.
981 3333 1119 3371 Duciffizm
1143 3337 1195 3364 Vi-

130 3371 211 3400 duam
232 3369 374 3400 Sabaudeae
395 3380 428 3401 ex
450 3371 525 3408 uni,
544 3374 576 3401 ὗε
604 3369 816 3401 Sereniffimum
842 3368 1008 3407 Principem
1030 3373 1195 3410 Henricum,

130 3408 240 3439 Divina
261 3409 372 3439 favente
401 3409 564 3440 Clementia
580 3432 590 3447 ,
615 3408 729 3445 Angliae
754 3411 850 3445 Regem
875 3410 1022 3438 Dominum
1051 3410 1194 3441 Hiberniae

130 3447 261 3477 Fratrem
281 3446 522 3478 Conr‘oederatum
546 3448 580 3478 ὅ(
603 3447 857 3483 Consanguineum
880 3446 970 3476 nostri
999 3451 1171 3486 Imperatoris
1188 3474 1198 3488 ,

134 3486 299 3516 Dominum
316 3486 349 3516 &
365 3486 504 3517 Socerum
520 3485 611 3517 nostri
625 3484 788 3516 Archiducis
801 3483 839 3520 ὠ·
857 3486 987 3523 Principis
1003 3485 1198 3528 Cariffimum,

131 3524 259 3555 Partibus
275 3533 308 3553 ex
323 3523 424 3562 altera,

171 3562 227 3592 Per
251 3562 387 3592 Oratores
408 3561 521 3593 nostros
543 3563 577 3594 &
592 3563 655 3594 suos
666 3562 802 3594 hincinde
817 3560 986 3594 sufficienter
1000 3564 1199 3604 auctorisatos,

136 3601 322 3639 constitutos,
341 3601 375 3632 &
390 3600 555 3639 deputatos,

174 3639 234 3670 Pro
248 3639 457 3676 Matrimonio,
475 3641 547 3670 inter
559 3639 627 3670 Nos
642 3640 792 3678 praefatum
806 3639 940 3669 Karolum
955 3639 1137 3671 Archiducem
1159 3641 1199 3677 &-

137 3679 286 3716 Principem
299 3680 332 3710 &
349 3677 558 3709 Sereniffimam
580 3677 776 3717 Principissam
799 3678 964 3709 Dominam
987 3682 1112 3709 Mariam
1125 3688 1200 3719 prae-

130 3714 193 3754 fati
209 3720 284 3754 Regis
298 3716 411 3754 Angliae
424 3716 539 3754 Filiam,
554 3716 623 3747 Deo
645 3717 748 3756 Duce,
769 3717 919 3755 babendo,
937 3718 1149 3757 contrahendo,
1165 3721 1199 3750 &

138 3755 363 3793 solempnisando
372 3780 382 3793 ,

178 3793 284 3831 Nuper
298 3793 456 3825 Convento
466 3817 476 3832 ,
494 3792 682 3824 Concordato
697 3795 730 3824 &
750 3793 916 3832 Concluso,

178 3830 215 3861 Et
235 3841 283 3869 per
304 3833 365 3862 Nos
382 3836 573 3870 Imperatorem
595 3832 777 3862 Archiducem
795 3835 944 3871 Principem
955 3832 1154 3873 Hispaniarum
1167 3835 1202 3867 &

143 3867 240 3898 Filiam
263 3871 295 3900 &
320 3874 450 3900 Amitam
473 3870 599 3901 nostram
622 3873 858 3908 praenominatam
879 3874 913 3902 &
935 3874 1084 3910 praefatum
1107 3876 1203 3912 Regem

103 3924 127 3942 .,
145 3906 274 3945 Angliae,
301 3918 351 3945 per
373 3909 478 3939 nostras
501 3910 534 3940 &
554 3909 612 3940 suas
633 3908 777 3940 distinfftas
801 3911 835 3941 &
854 3910 986 3948 separatas
1007 3911 1127 3943 Litteras
1148 3913 1203 3944 Pa-

145 3952 252 3981 rentes,
271 3946 386 3983 Magnis
407 3947 510 3984 Sigillis
531 3947 633 3977 nostris
657 3949 690 3978 &
711 3948 764 3978 suis
787 3948 930 3988 sigillatas,
946 3950 980 3980 &
996 3948 1134 3982 Manibus
1149 3961 1204 3981 no-

145 3981 207 4013 stris
221 3982 273 4012 suis
285 3984 462 4023 subscriptas,
477 3984 676 4025 confirmato,
692 3985 866 4026 Ratificat0‚
884 3989 918 4019 &
931 3988 1121 4028 Approbato,

182 4020 259 4052 Inter
272 4030 372 4053 caetera
383 4026 558 4055 contineatur
566 4047 576 4063 ,

559 175 1367 228 coNVENrroNEQ

98 2242 104 2249 ,
124 2212 409 2274 MAximilianus,
427 2211 524 2243 divina
547 2211 661 2243 favente
683 2210 861 2248 Clementia,
881 2210 992 2240 Elec‘i‘us
1014 2212 1196 2241 Romanorum

219 2251 429 2283 IMPERATOR
453 2252 563 2289 semper
585 2250 746 2290 Augustus,
771 2260 806 2280 ac
829 2253 1000 2287 Germania,
1026 2252 1196 2288 Hungariae,

1425 174 1822 223 LITERAE,

1211 263 1323 301 praefata
1347 261 1480 292 Domina
1502 260 1598 292 Maria
1621 260 1714 298 Regis
1738 260 1854 298 Angliae
1871 259 1960 299 Filia,
1977 259 2109 302 nostrique
2120 259 2287 294 ‘Archiducis
2302 255 2380 290 Ann.
2390 257 2436 290 D.

1213 301 1252 338 &
1272 304 1402 338 Principis
1416 299 1614 339 Hispaniarum
1630 299 1807 330 conthoralis
1823 298 1964 338 Cartffima
1973 323 1984 339 ,
2002 299 2080 340 infra
2139 303 2290 341 uadragin-

2323 297 2409 338 1508.

1214 348 1247 370 ta
1260 343 1326 370 Dies
1345 341 1471 378 proxime
1496 337 1535 374 (θ’
1558 338 1713 370 immediate
1725 338 1868 380 sequentes
1885 337 2026 380 postquam
2048 341 2110 369 Nos
2149 344 2212 373 'elus-
2234 343 2290 373 Ar-
2301 341 2368 367 Hen.
2384 347 2413 374 7.

1213 379 1319 410 chidux
1341 381 1375 410 &
1395 378 1531 417 Princeps
1552 377 1824 417 Qartumdecimum
1850 380 1964 408 AEtatis
1980 377 2077 417 nostrae
2107 382 2289 420 erimpleveri-

1214 429 1271 448 mus
1286 420 1423 457 Annum,
1442 420 1652 447 Matrimonium
1665 424 1717 455 per
1730 417 1819 447 Verba
1833 416 1866 446 de
1879 417 2014 457 Praesenti
2034 423 2082 448 rea
2095 420 2147 448 iter
2169 419 2208 455 ό·
2228 433 2288 452 cum

1213 469 1227 486 e
1250 458 1309 486 edlu
1321 456 1536 487 contrahet-emus
1545 479 1555 495 ,
1567 455 1606 490 &
1621 455 1693 485 idem
1710 458 1920 486 Matrimonium
1932 459 1963 486 in
1971 453 2048 495 facie
2062 455 2184 498 Ecclesiae
2199 458 2288 490 debite*

1227 495 1445 535 olemnisaremus
1459 520 1468 534 ‚
1491 498 1571 525 Locis
1586 519 1595 533 ,
1621 497 1754 524 Terminis
1769 518 1780 535 ,
1807 494 1952 535 Modiffiue
1975 493 2015 531 ό
2042 498 2146 526 Formis
2165 499 2196 527 in
2215 498 2289 529 dida

1213 534 1517 574 TraHatuspecificatis
1524 558 1534 572 ,

1250 573 1385 613 Quodque
1400 574 1461 602 Nos
1476 572 1636 611 Imperator
1651 571 1712 602 tam
1726 579 1758 602 ut
1772 571 1976 604 Romanorum
1994 572 2063 604 Rex
2086 574 2145 606 five
2166 573 2295 612 Impera-

1216 620 1262 643 tor
1284 613 1402 642 Nomine
1427 611 1515 652 nostro
1531 614 1658 650 proprio,
1675 611 1758 651 quam
1778 618 1810 641 ut
1832 612 1912 643 Avus
1929 620 2078 650 paternus,
2095 614 2210 653 Tutor,
2226 612 2295 644 Gu-

1216 652 1368 688 bernator,
1386 651 1420 681 &
1436 649 1662 680 Administrator
1677 651 1829 689 legittimus
1850 650 1976 691 Persbnae
1996 650 2036 687 ὠ
2061 655 2201 683 Bonorum
2214 659 2291 689 prae-

1209 687 1273 729 fati
1285 689 1368 727 nostri
1384 688 1486 719 Karoli
1500 689 1670 720 Archiducis
1684 690 1718 719 &
1731 689 1890 730 Principis,
1908 688 1991 731 quam
2005 693 2089 720 etiam
2109 692 2171 721 Nos
2191 690 2289 722 Karo-

1217 730 1260 759 lus
1280 729 1398 758 Nomine
1420 739 1454 758 no
1479 738 1508 757 ro
1526 731 1650 766 proprio,
1664 727 1844 758 Audiomate
1865 735 1960 758 tamen
1973 727 2013 764 ὠ·
2027 729 2291 770 expreffoconsensu

1219 766 1258 801 &-
1275 765 1394 806 Affinfi
1410 778 1443 796 no
1467 770 1493 796 ri
1508 765 1687 804 Imperatoris
1701 774 1732 796 ut
1750 769 1817 797 Avi
1845 771 1955 806 aterni,
1973 771 2099 808 Tutoris,
2116 769 2292 799 Gubernato-

1219 809 1278 843 ris,
1304 804 1342 840 <ly
1366 805 1610 846 Administratoris
1624 806 1751 844 praedic‘ii
1764 829 1774 843 ,
1799 808 1824 836 Ο
1843 805 1988 843 ligaremur
2006 802 2067 837 Nos
2091 809 2221 839 Haeredes
2250 806 2291 843 ῤ’

1220 842 1376 883 Succeffores
1398 844 1498 883 nostros
1513 868 1522 883 ,
1547 848 1641 882 Regna
1657 868 1666 883 ,
1690 847 1804 874 Patria:
1817 867 1828 883 ,
1849 848 1967 882 Terras,
1988 843 2027 880 ῥ’
2047 849 2178 877 Dominia
2201 846 2294 886 nostra

1219 893 1406 923 quaecumque,
1423 895 1455 913 ac
1476 886 1557 913 Bona
1579 882 1669 923 nostra
1688 888 1779 913 omnia
1797 882 1907 913 mobilia
1931 883 1970 919 όν
1988 885 2133 915 immobilia
2141 884 2295 926 praesentia

1222 920 1367 962 &sutura
1383 922 1535 963 ubicumque
1541 920 1651 962 fuerint
1664 929 1771 961 reperta
1781 944 1790 959 ,
1809 934 1910 952 necnon
1925 921 2059 962 Personas
2078 922 2116 958 ό·
2137 928 2217 954 Bona
2238 935 2298 954 om-

1222 964 1297 991 nium
1316 959 1354 995 ᾤ’
1367 961 1534 1001 singulorum
1556 960 1728 991 Subditorum
1751 960 1898 1001 nostrorum
1915 961 2073 1001 cujufiumq5
2093 964 2206 1002 Status,
2221 966 2299 993 Gra·

1221 1000 1290 1038 dus,
1313 1007 1363 1029 aut
1385 1000 1552 1030 Conditionis
1573 999 1712 1038 existant,
1738 1000 1857 1037 praefaro
1880 999 1957 1040 Regi
1981 1001 2093 1040 Angli-2
2108 1024 2118 1039 ,
2134 1001 2190 1040 βψ
2213 1004 2298 1032 Poena

1224 1038 1425 1069 Ducentarum
1449 1041 1482 1069 &
1505 1039 1719 1079 Qiinquaginta
1744 1038 1873 1069 Millium
1893 1039 2078 1070 Coronarum
2102 1042 2200 1078 Auri,
2225 1040 2303 1082 quad

1222 1077 1381 1116 praedio‘t'um
1397 1080 1607 1107 Macrin-ionium
1620 1081 1694 1107 inter
1710 1078 1770 1106 Nos
1786 1077 1950 1115 Principem
1973 1077 2176 1116 Hispaniarum
2202 1079 2305 1118 praedi-

1226 1118 1298 1146 Hum
1313 1115 1351 1150 ὠ·
1362 1116 1524 1154 praedid‘lam
1539 1117 1701 1147 Dominam
1721 1115 1847 1146 Mariam
1863 1117 1996 1155 Angliae,
2016 1128 2074 1146 cum
2089 1117 2130 1146 ad
2139 1117 2303 1154 legitumam

1226 1155 1358 1184 Nubendi
1370 1158 1501 1185 AEtatem
1519 1163 1736 1193 pervenerimus,
1751 1155 1886 1194 debitum,
1896 1156 1987 1194 juxta
1997 1154 2122 1195 fhrmam
2142 1157 2211 1187 dicii
2231 1160 2304 1187 Tra-

1227 1195 1319 1224 clatris
1330 1193 1459 1233 sortietur
1471 1193 1594 1233 effiHum
1602 1217 1610 1231 ,

1268 1233 1369 1272 Quod,
1378 1231 1492 1273 fiforte
1503 1232 1608 1272 steterit
1621 1240 1669 1271 per
1690 1233 1750 1262 Nos
1769 1232 1996 1272 Imperatorem,
2014 1232 2053 1268 (ἐν
2074 1235 2134 1264 Nos
2155 1233 2304 1266 Karolum

1229 1272 1446 1310 Archiducem,
1469 1273 1530 1303 &c.
1551 1280 1601 1310 per
1624 1274 1754 1300 Parentes
1776 1272 1892 1310 nostros,
1915 1271 1966 1302 vel
1983 1283 2073 1302 eorum
2092 1273 2228 1314 aliquem,
2252 1279 2304 1304 aut

1228 1310 1312 1340 alium
1325 1321 1509 1352 quemcumque
1519 1333 1528 1348 ,
1547 1319 1598 1340 aut
1616 1318 1664 1348 per
1677 1320 1862 1351 quemcumque
1878 1311 1982 1340 modum
2003 1311 2054 1341 vel
2068 1319 2219 1350 eventum,
2231 1320 2308 1351 prae-

1228 1357 1352 1392 terquam
1368 1357 1417 1387 per
1434 1347 1586 1388 praesatam
1612 1349 1774 1379 Dominam
1801 1349 1941 1388 Mariam,
1959 1357 2009 1379 aut
2031 1351 2088 1388 ejus
2108 1353 2241 1391 Partem,
2259 1349 2311 1381 vel

1225 1397 1275 1427 per
1299 1392 1422 1418 Mortem
1441 1387 1556 1418 alterius
1577 1387 1696 1426 nostrum
1717 1388 1944 1418 Contrahentium
1967 1391 2051 1429 (quod
2069 1391 2146 1418 Deus
2173 1390 2305 1428 avertat)

1230 1431 1368 1467 quominus
1389 1427 1490 1456 dib't'um
1513 1429 1743 1464 Matrimonium,
1760 1435 1810 1465 per
1830 1427 1916 1456 Verba
1939 1428 1972 1456 de
1995 1430 2058 1457 Prae
2071 1431 2144 1465 enti,
2157 1428 2217 1468 post
2236 1439 2306 1459 com-

1228 1466 1330 1504 pletum
1352 1466 1624 1505 ,Quartumdecimum
1646 1467 1758 1495 AEtatis
1774 1465 1858 1505 nostri
1881 1465 2022 1504 Principis
2077 1467 2146 1497 aroli
2171 1471 2308 1507 Annum,

1231 1512 1263 1534 ut
1281 1509 1463 1543 praemittitur
1475 1529 1484 1541 ,
1513 1503 1711 1543 contrahatur,
1736 1503 1775 1539 &
1795 1504 1904 1544 stlodIs,
1922 1508 2070 1542 Terminis,
2088 1508 2168 1536 Locis
2190 1517 2222 1536 ac
2240 1509 2309 1537 For-

1232 1548 1299 1583 mir,
1317 1547 1347 1573 in
1361 1543 1518 1584 supraditflo
1539 1545 1674 1574 Tradatu
1694 1546 1830 1573 contentis
1844 1567 1854 1582 ,
1869 1546 1898 1573 in
1920 1547 1998 1574 Facie
2018 1543 2142 1584 Ecclefiae
2156 1544 2248 1575 debite
2261 1545 2311 1585 f—

1234 1581 1423 1621 lempnisbtur,
1442 1589 1508 1612 tnnc
1521 1581 1560 1617 ὠ
1572 1587 1602 1612 in
1617 1593 1646 1612 eo
1663 1581 1733 1621 Casii
1747 1583 1807 1611 Nos
1818 1605 1827 1618 ‚
1848 1582 2003 1620 Imperator
2029 1581 2067 1618 ὠ·
2092 1584 2159 1615 Nos
2184 1583 2310 1616 Karolus

1228 1619 1346 1660 praefati
1364 1645 1373 1660 ,
1399 1621 1530 1651 Haeredes
1542 1620 1581 1656 &
1594 1621 1750 1659 Succefflores
1760 1619 1859 1660 nostri,
1875 1622 1977 1650 diHam
1998 1625 2134 1653 Summam
2158 1621 2313 1654 Ducenta-

1235 1670 1299 1690 rum
1318 1662 1351 1691 ὃς
1377 1660 1595 1699 Qinquaginta
1618 1659 1748 1690 Minium
1771 1658 1957 1690 Coronarum
1983 1661 2078 1699 Auri,
2101 1661 2140 1698 ὠ·
2181 1661 2313 1692 uamlibet

1237 1700 1294 1737 ejus
1308 1701 1438 1737 Partem,
1453 1703 1483 1729 in
1498 1700 1610 1729 Poenam
1636 1698 1786 1737 hujusmodi
1805 1698 2028 1735 Repudiationis,
2045 1699 2126 1730 diCto
2149 1673 2225 1739 ffegi
2249 1701 2313 1730 An-

1237 1739 1320 1777 glire,
1336 1736 1533 1776 Haeredibufve
1549 1744 1600 1767 aut
1613 1736 1799 1776 Successoribus
1813 1736 1891 1776 ficis,
1901 1736 1962 1777 fine
1984 1735 2128 1768 Dilatione
2145 1745 2196 1768 aut
2216 1741 2313 1770 Excu-

1230 1778 1342 1816 satione
1376 1787 1519 1817 uacumque
1525 1775 1639 1816 fhlvere
1653 1783 1804 1806 teneremur
1813 1797 1822 1811 ,

1277 1815 1343 1855 9410
1363 1827 1413 1856 que
1437 1823 1522 1845 ettam
1539 1814 1632 1845 liceret
1650 1812 1772 1854 praefato
1795 1813 1873 1853 Regi
1896 1813 2131 1855 Angliae‚fi1isve
2149 1815 2315 1847 Heredibut

1238 1854 1278 1890 όν
1300 1854 1487 1894 Succeffiribus
1502 1877 1512 1893 ‚
1535 1854 1639 1884 dicium
1659 1857 1795 1883 Summam
1816 1852 2017 1884 Ducentarum
2037 1855 2072 1884 ὃς
2096 1854 2315 1895 Qinquaginm

1241 1894 1370 1925 Milliurn
1395 1892 1580 1925 Coronarum
1603 1893 1692 1928 Auri,
1717 1891 1756 1927 ῤ’
1774 1890 1922 1932 quamlibet
1944 1903 2001 1930 ejus
2024 1893 2139 1922 Partem
2154 1916 2163 1930 ,
2187 1897 2216 1924 in
2239 1893 2313 1934 Cassa

1239 1944 1291 1974 quo
1314 1933 1389 1962 modo
1420 1930 1458 1968 ὠ·
1474 1931 1571 1972 sori-:ri
1592 1935 1620 1961 in
1643 1932 1715 1961 dicio
1733 1931 1868 1960 Traciatu
1883 1934 2032 1969 contentis,
2048 1942 2102 1961 non
2110 1931 2266 1972 solvatur,
2280 1933 2315 1964 de

1240 1971 1279 2007 όν
1295 1971 1378 2010 ficper
1398 1974 1514 2009 Regnis,
1532 1973 1652 2008 Patris's,
1674 1972 1779 2008 Terris,
1797 1968 1836 2005 ὠ·
1859 1972 1995 2000 Dominiis
2018 1969 2114 2010 nostris
2135 1969 2175 2006 ό·
2190 1971 2313 2014 ιιιίιιῇιιε

1241 2013 1261 2030 ²¹³
1285 2010 1416 2050 Ncstrim
1437 2010 1653 2050 quibuscumque,
1671 2021 1703 2039 ac
1723 2011 1807 2039 Bonis
1826 2008 1922 2048 nostris
1944 2008 2063 2039 omnibus
2081 2009 2120 2045 ὠ·
2129 2010 2244 2050 fingulis
2258 2023 2313 2041 mo-

1240 2048 1335 2079 bilibus
1356 2048 1395 2084 ὠ·
1416 2049 1591 2078 immobxlibur
1605 2047 1783 2087 praesentibus
1805 2046 1844 2083 ῤ’
1879 2052 1980 2086 utaris,
2003 2059 2105 2079 necnon
2126 2049 2158 2078 de
2178 2049 2218 2085 ό·
2230 2050 2314 2090 staper

1241 2088 1366 2128 Personis
1393 2087 1431 2123 όν
1455 2090 1540 2118 Bonis
1568 2091 1685 2117 omnium
1712 2086 1751 2123 ὠ
1772 2086 1853 2128 fingu
1866 2097 1941 2116 orum
1969 2087 2140 2118 Subditorum
2163 2088 2312 2129 nostrorum

1234 2129 1427 2167 prasinorum
1448 2139 1480 2156 ac
1499 2127 1647 2156 Haeredum
1666 2124 1704 2161 (ῥ’
1728 2124 1903 2165 Succeſjbrum
1925 2126 2074 2165 nostrorum
2094 2127 2227 2169 ubicumq,·
2249 2128 2312 2159 tdm

1235 2176 1286 2206 per
1303 2171 1416 2196 Terram
1436 2166 1518 2206 quarn
1533 2174 1584 2205 per
1607 2168 1690 2195 Mare
1713 2173 1841 2204 repertis,
1859 2165 1919 2205 fine
1940 2165 2159 2197 contradictione
2180 2174 2231 2197 aut
2254 2171 2310 2198 Re-

1232 2206 1360 2246 sistentia
1372 2216 1548 2246 quacumque,
1567 2204 1650 2235 libere
1665 2208 1785 2243 exigere,
1803 2203 1917 2243 levare,
1934 2212 2040 2243 capere,
2052 2204 2180 2245 poffidere
2192 2204 2231 2242 ὠ·
2243 2207 2315 2244 deti-⁶

1241 2256 1321 2283 nere,

1278 2323 1348 2354 Nos
1363 2323 1468 2360 igitur,
1489 2325 1642 2361 Imperator
1672 2322 1731 2353 tam
1748 2331 1801 2361 pro
1812 2319 1914 2352 Nobis
1928 2330 2014 2360 quam
2024 2330 2110 2359 prout
2124 2321 2207 2355 Avus
2221 2328 2317 2363 pater-¹

1238 2372 1310 2400 nus,
1325 2361 1440 2399 Tutor,
1454 2362 1609 2399 legittimus
1630 2347 1817 2392 Gubernator
1831 2361 1880 2398 ‚&
1897 2360 2116 2392 Administrator
2131 2362 2263 2394 Personae
2279 2364 2314 2394 &

1237 2400 1388 2431 Bonorum
1403 2402 1511 2439 praefati
1527 2400 1618 2431 nostri
1632 2399 1733 2430 Karoli
1748 2398 1915 2430 Archiducis
1927 2400 2051 2439 Austriae
2069 2402 2199 2440 Principis
2213 2401 2277 2442 His
2284 2415 2317 2432 a·

1235 2443 1344 2470 niarum
1355 2463 1365 2478 ,
1391 2438 1452 2475 &a
1471 2439 1542 2471 Nos
1563 2441 1648 2470 etiam
1664 2440 1741 2470 idem
1750 2438 1899 2468 Archidux
1915 2438 1953 2474 &
1971 2442 2111 2478 Princeps,
2126 2449 2181 2477 pro
2196 2440 2317 2480 Nobis²

1236 2479 1416 2510 Auooritate
1429 2489 1525 2510 tamen
1540 2479 1574 2509 ὅ(
1588 2478 1718 2516 expresso
1735 2477 1882 2508 Consensu
1903 2479 1936 2509 &
1952 2477 2072 2509 Affensu
2089 2478 2180 2508 nostri
2196 2482 2318 2519 Impera-

1236 2521 1322 2557 toris,
1331 2517 1387 2549 Avi
1403 2519 1528 2556 paterni,
1538 2517 1658 2548 Tutoris
1668 2541 1677 2556 ,
1688 2517 1898 2548 Gubernatoris
1912 2517 1945 2547 &
1956 2516 2201 2548 Administratoris
2214 2519 2318 2556 praedi-

1237 2558 1275 2587 c'Ii
1291 2579 1301 2594 ‚
1317 2557 1452 2587 omnibus
1475 2557 1508 2587 &
1530 2556 1642 2595 singulis
1657 2556 1797 2596 praedietis
1807 2563 1823 2594 ,³
1842 2554 1979 2586 Nomine
2003 2555 2103 2585 nostro
2115 2556 2150 2587 &
2171 2557 2317 2596 utriusque

1237 2595 1271 2625 N
1275 2595 1385 2625 ostrum
1396 2595 1536 2633 promissis
1545 2619 1554 2634 ,
1562 2595 1758 2632 concordatis,
1769 2595 1801 2625 δε
1814 2593 1968 2631 conclusis,
1979 2593 2133 2625 satisfacere
2151 2597 2297 2633 cupientes
2302 2608 2315 2635 3

1238 2634 1359 2665 Terrore
1378 2634 1564 2665 Praesentium
1582 2657 1592 2672 ,
1617 2634 1825 2664 OBLroAMus
1845 2633 1916 2664 Nos
1933 2656 1942 2671 ,
1960 2633 2099 2665 Haeredes
2113 2634 2147 2664 &
2162 2633 2315 2665 Successo-

1238 2683 1284 2703 ees
1305 2673 1419 2704 nost-ros
1431 2698 1441 2712 ,
1468 2672 1571 2712 Regna
1585 2697 1596 2712 ,
1621 2673 1726 2703 Pan-ias
1737 2696 1747 2711 ,
1762 2672 1867 2703 Terras
1883 2695 1894 2711 ,
1919 2673 1953 2704 &
1966 2672 2108 2703 Dominia
2122 2672 2218 2703 nostra
2235 2684 2316 2711 quae-

1240 2721 1387 2750 cumque,
1403 2722 1436 2743 ac
1458 2711 1537 2742 Bona
1557 2711 1651 2742 nostra
1672 2712 1770 2741 omnia
1783 2710 1902 2741 mobilia
1919 2711 1952 2741 δε
1968 2711 2150 2749 immobilia,
2166 2712 2315 2750 praesentIa

1239 2751 1273 2781 &
1293 2751 1387 2782 futura
1411 2751 1587 2787 ubicumque
1608 2750 1713 2779 fuerint
1734 2758 1840 2786 reperta
1854 2772 1864 2787 ,
1893 2759 2008 2781 necnon
2030 2749 2165 2781 Personas
2186 2750 2220 2780 &
2235 2749 2316 2782 Bona

1239 2790 1374 2820 omnium
1391 2788 1425 2819 &
1441 2788 1613 2826 singulorum
1628 2787 1815 2817 Subditorum
1831 2786 1996 2816 nostrorum
2021 2787 2229 2826 cujuscumque
2252 2789 2317 2821 Sta-

1239 2827 1304 2865 tus,
1321 2826 1457 2864 Gradus,
1475 2835 1522 2857 aut
1532 2824 1718 2856 Conditionis
1735 2824 1999 2863 existant,praefato
2014 2827 2080 2864 Regi
2087 2825 2221 2866 Angliae,
2237 2826 2313 2859 Hae-

1236 2866 1351 2897 redibus
1370 2867 1403 2897 &
1419 2864 1633 2896 Successoribus
1645 2864 1715 2902 suis,
1733 2865 1763 2894 in
1779 2866 1911 2893 Ducentis
1925 2862 1963 2899 ῤ’
1987 2864 2204 2906 ,Quinquaginta
2219 2866 2314 2898 Milli-

1238 2905 1286 2935 hus
1298 2909 1464 2935 Coronarum
1478 2906 1575 2942 Auri,
1592 2903 1710 2934 nomine
1726 2912 1841 2940 poenae,
1859 2903 1941 2940 quod
1956 2902 2068 2934 dictum
2086 2903 2311 2937 Matrimonium

1237 2945 1311 2974 inter
1333 2944 1576 2982 praenominatum
1601 2941 1735 2972 Karolum
1758 2940 1956 2972 Archiducem
1983 2941 2018 2973 &
2039 2942 2205 2981 Principem
2220 2944 2254 2975 &
2267 2944 2313 2975 di-

1238 2983 1313 3013 ‹stam
1336 2985 1485 3013 Dominam
1499 2984 1625 3011 Mariam
1639 3004 1650 3019 ,
1675 2981 1746 3011 cum
1764 2981 1800 3011 ad
1823 2980 1830 3009 l
1869 2981 1992 3012 ittimam
2017 2980 2162 3012 Nubendi
2177 2980 2311 3013 AEtatem

1237 3022 1448 3059 pervenerimus
1472 3045 1482 3059 ,
1509 3021 1589 3059 juxta
1615 3019 1745 3051 formam
1767 3018 1838 3050 dieti
1891 3017 2014 3050 rad'catfis
2025 3043 2036 3058 ,
2058 3019 2156 3052 debite
2179 3020 2313 3058 perficie-

1238 3070 1284 3091 tur

1277 3084 1315 3129 Bt
1328 3123 1338 3136 ,
1364 3098 1385 3128 fi
1399 3097 1476 3128 forte
1492 3096 1595 3128 steterit
1613 3107 1663 3135 per
1680 3096 1749 3127 Nos
1768 3098 1981 3135 Imperatorem,
2005 3105 2056 3135 per
2068 3095 2138 3127 Nos
2153 3097 2311 3138 Karolum,

1237 3137 1283 3168 vel
1298 3137 1431 3168 Parentes
1444 3135 1573 3174 nostros,
1591 3144 1637 3166 aut
1653 3135 1688 3166 N
1690 3133 1804 3166 ostrum
1817 3135 1939 3173 aliquem
1949 3157 1959 3172 ,
1972 3143 2021 3166 aut
2032 3134 2120 3166 alium
2138 3145 2313 3174 quemcum-

1238 3186 1310 3213 que,
1329 3185 1377 3207 aut
1392 3185 1442 3214 per
1457 3184 1670 3213 quemcumque
1685 3174 1806 3205 modum
1825 3175 1870 3204 vel
1883 3182 2037 3211 eventurn,
2053 3183 2244 3213 praeterquam
2260 3185 2313 3214 per

1238 3215 1384 3252 praefatam
1407 3214 1572 3245 Dominam
1593 3216 1719 3243 Mariam
1731 3235 1741 3251 ,
1759 3221 1807 3244 aut
1820 3213 1879 3251 ejus
1891 3212 2027 3251 Partem,
2046 3213 2092 3243 vel
2109 3223 2158 3250 per
2173 3213 2310 3245 Mortem

1239 3254 1393 3284 naturalem
1415 3253 1524 3284 alterius
1544 3251 1678 3283 nostrum
1697 3250 1941 3283 Contrahentium
1969 3250 2060 3289 (quod
2086 3251 2169 3282 Deus
2188 3253 2308 3291 avertat)

1240 3293 1396 3329 quominus
1418 3291 1527 3322 dictum
1548 3290 1775 3322 Matrimonium
1789 3312 1799 3329 ,
1828 3299 1879 3328 per
1896 3289 1992 3321 Verba
2010 3290 2047 3321 de
2066 3289 2218 3329 PraesentI,
2235 3292 2310 3323 infra

1242 3331 1437 3371 Quadraginta
1462 3329 1534 3361 Dies
1547 3352 1557 3368 ,
1577 3331 1708 3368 proxime
1732 3330 1766 3361 &
1790 3328 1957 3359 immediate
1978 3327 2124 3367 sequentes
2141 3328 2208 3366 post
2223 3339 2311 3361 com-

1240 3370 1349 3407 pletum
1368 3369 1662 3408 Qartumdecimum
1675 3367 1764 3398 nostri
1787 3366 1889 3397 Karoli
1903 3366 2008 3398 AEtatis
2029 3367 2167 3404 Annum,
2187 3366 2311 3407 Modis,

1240 3409 1387 3438 Terminis
1400 3431 1409 3446 ,
1433 3408 1520 3437 Locis
1536 3431 1545 3443 ,
1572 3408 1605 3437 &
1618 3407 1731 3438 Formis
1743 3407 1771 3436 in
1787 3405 1927 3444 praediCto
1940 3405 2077 3436 Τῐαᾶαω
2091 3404 2258 3442 specificatis
2274 3409 2310 3440 &

1242 3448 1384 3477 contentis
1400 3469 1409 3483 ‚
1437 3445 1617 3476 contrahatur
1631 3467 1641 3482 ,
1660 3445 1691 3476 ὅ(
1705 3446 1734 3474 in
1751 3445 1824 3475 facie
1837 3442 1974 3474 Ecclesxae
1989 3443 2086 3474 debite
2099 3443 2311 3485 solemniietur,

1242 3494 1312 3516 tunc
1328 3486 1361 3516 &
1379 3486 1408 3514 in
1422 3494 1458 3514 eo
1473 3483 1547 3514 Casu
1562 3482 1631 3512 Nos
1649 3486 1666 3512 1
1708 3489 1800 3511 erator
1823 3489 1969 3518 tamquam
1988 3481 2147 3519 Imperator
2170 3484 2205 3516 &
2223 3485 2311 3515 etiam

1244 3532 1390 3561 tamquam
1408 3522 1488 3552 Avus
1509 3529 1639 3559 paternus
1651 3491 1793 3558 ,nssutoss
1809 3519 1963 3564 legittimus
1976 3519 2179 3558 Gubernator,
2198 3523 2234 3554 δε
2247 3522 2311 3554 Ad·-

1243 3562 1417 3592 ministrator
1439 3559 1571 3590 Personae
1593 3559 1627 3590 &
1642 3558 1792 3590 Bonorum
1811 3557 1962 3596 supradicti
1983 3558 2073 3590 nostri
2087 3560 2190 3590 Karoli
2204 3560 2314 3593 Archi..

1244 3602 1326 3632 ducis
1347 3602 1381 3632 &
1403 3599 1561 3636 Principis,
1581 3599 1641 3630 &c.
1660 3597 1730 3628 Nos
1744 3599 1817 3628 vero
1834 3596 1911 3629 idem
1926 3596 2067 3636 Karalus,
2079 3598 2259 3630 Auctoritate
2275 3600 2312 3632 &

1243 3638 1373 3677 expreffo
1381 3637 1526 3668 Consensu
1539 3638 1573 3668 &
1586 3636 1675 3667 nostri
1688 3635 2006 3675 Imperatoris,Assensu
2014 3636 2071 3668 Avi
2086 3638 2206 3676 paterni,
2213 3637 2314 3670 Tuto-

1245 3680 1280 3708 ris
1291 3701 1300 3716 ,
1310 3677 1534 3714 Gubernatoris,
1542 3677 1576 3708 &
1585 3675 1824 3706 Administratoris
1835 3674 1964 3711 praedicti
1973 3697 1982 3712 ,
1990 3677 2058 3704 Reco
2074 3675 2201 3714 nofiimus
2212 3677 2312 3708 &Fa-

1243 3715 1575 3755 temur,perPraesenteS,
1584 3714 1653 3744 Nos
1663 3714 1768 3744 debere
1784 3712 1902 3751 praefato
1910 3716 1975 3751 Regi
1984 3715 2052 3751 Ang
2064 3717 2098 3743 iae
2110 3713 2217 3746 dietam
2224 3714 2311 3746 Sum-

1245 3766 1324 3787 mam
1344 3758 1530 3786 Ducentarum
1551 3752 1590 3788 &
1639 3755 1817 3793 uinquaginta
1833 3750 1958 3781 Millium
1979 3755 2145 3782 Coronarum
2155 3755 2233 3783 Auri
2274 3752 2310 3784 &¹

1245 3793 1400 3834 quamlibet
1415 3793 1473 3830 ejus
1485 3791 1616 3828 Partem,
1661 3790 1890 3834 romittimusque
1901 3799 1950 3830 per
1969 3789 2124 3822 praesentes
2138 3790 2219 3829 quod
2228 3775 2316 3831 Nos,

1245 3832 1385 3865 I-Iaeredee
1403 3831 1447 3862 vel
1465 3829 1646 3861 Succeffores
1667 3829 1756 3860 nostri
1778 3828 1886 3859 dietam
1906 3829 2059 3860 Summam
2073 3831 2261 3860 Ducentarum
2274 3828 2315 3866 &-

1249 3872 1460 3914 Qinquaginta
1475 3868 1597 3899 Millium
1607 3872 1771 3899 Coronarum
1780 3870 1872 3905 Auri,
1889 3868 1923 3900 &
1938 3867 2095 3905 quamlibet
2111 3867 2169 3904 ejus
2180 3866 2317 3908 Partem,

1248 3913 1329 3943 dic‘co
1348 3913 1413 3946 Regi
1430 3907 1543 3946 Angliae
1559 3931 1569 3947 ,
1595 3907 1801 3938 Haeredibusve
1813 3914 1860 3937 aut
1876 3905 2090 3937 Succefforibus
2110 3905 2180 3943 suis,
2199 3906 2229 3937 in
2242 3906 2316 3938 Poe-

1247 3959 1316 3982 narn
1327 3947 1487 3986 hujusmodi
1510 3945 1725 3984 Repudiationis
1740 3969 1749 3984 ,
1774 3945 1832 3975 fine
1845 3944 1978 3976 dilatione
1992 3951 2040 3975 aut
2054 3943 2234 3986 excusatione
2247 3955 2318 3985 qua·

1251 3997 1376 4027 cumque
1391 3985 1531 4018 solvemus
1545 3985 1654 4017 solvive
1668 3985 1803 4016 faciemus
1812 4007 1822 4023 ,

1288 4026 1432 4057 Volumus
1447 4025 1559 4063 insuper
1573 4025 1606 4057 &
1623 4034 1673 4062 per
1692 4022 1844 4055 Praesentoe
1864 4021 2061 4053 concedimus
2073 4020 2154 4060 quod
2168 4045 2179 4060 ,
2197 4022 2228 4053 in
2243 4020 2317 4054 Casu

1250 4065 1396 4105 praediisve
1420 4062 1635 4101 Repudiationis
1654 4064 1688 4095 &
1705 4072 1766 4093 non
1786 4061 1941 4092 Solutionis
1957 4059 2089 4091 Summae
2107 4060 2269 4099 praedic'tae,
2284 4061 2319 4090 h·-

190 4096 283 4138 de
298 4097 359 4128 Nos
383 4097 531 4132 Archidux
550 4100 675 4134 Austriae
696 4102 833 4141 Princeps
855 4102 1072 4143 Hispaniarum,
1090 4103 1152 4136 ὅτε.
1168 4103 1209 4140 ό·
1252 4105 1330 4137 cebit
1348 4101 1470 4142 praefato
1488 4105 1554 4140 Regi
1574 4100 1709 4140 Angliae,
1731 4099 1818 4133 suisve
1831 4097 2002 4131 Haeredibus
2018 4107 2067 4133 aut
2080 4098 2317 4167 succeffffiifflss

2332 2010 2350 2028 *
2370 2012 2455 2042 XIII.

2330 2053 2396 2084 226,
