<?xml version="1.0" encoding="UTF-8"?>
<!DOCTYPE html PUBLIC "-//W3C//DTD XHTML 1.0 Transitional//EN"
    "http://www.w3.org/TR/xhtml1/DTD/xhtml1-transitional.dtd">
<html xmlns="http://www.w3.org/1999/xhtml" xml:lang="en" lang="en">
 <head>
  <title>
</title>
<meta http-equiv="Content-Type" content="text/html;charset=utf-8" />
  <meta name='ocr-system' content='tesseract 3.04.00' />
  <meta name='ocr-capabilities' content='ocr_page ocr_carea ocr_par ocr_line ocrx_word'/>
</head>
<body>
  <div class='ocr_page' id='page_1' title='image "./fderaconventione05ryme/fderaconventione05ryme_0510.png"; bbox 0 0 2555 4266; ppageno 0'>
   <div class='ocr_carea' id='block_1_1' title="bbox 38 857 169 892">
    <p class='ocr_par' dir='ltr' id='par_1_1' title="bbox 38 857 169 892">
     <span class='ocr_line' id='line_1_1' title="bbox 38 857 169 892; baseline -0.031 0"><span class='ocrx_word' id='word_1_1' title='bbox 38 860 116 892; x_wconf 80' lang='lat' dir='ltr'>Ann.</span> <span class='ocrx_word' id='word_1_2' title='bbox 125 857 169 889; x_wconf 93' lang='lat' dir='ltr'>D.</span> 
     </span>
    </p>
   </div>
   <div class='ocr_carea' id='block_1_2' title="bbox 38 899 161 967">
    <p class='ocr_par' dir='ltr' id='par_1_2' title="bbox 38 899 161 967">
     <span class='ocr_line' id='line_1_2' title="bbox 60 899 146 938; baseline 0 -10"><span class='ocrx_word' id='word_1_3' title='bbox 60 899 146 938; x_wconf 81' lang='lat'><em>1478.</em></span> 
     </span>
     <span class='ocr_line' id='line_1_3' title="bbox 38 937 161 967; baseline -0.016 0"><span class='ocrx_word' id='word_1_4' title='bbox 38 942 93 967; x_wconf 79' lang='lat' dir='ltr'>An.</span> <span class='ocrx_word' id='word_1_5' title='bbox 117 937 161 966; x_wconf 86' lang='lat'>18.</span> 
     </span>
    </p>
   </div>
   <div class='ocr_carea' id='block_1_3' title="bbox 84 3292 200 3320">
    <p class='ocr_par' dir='ltr' id='par_1_3' title="bbox 84 3292 200 3320">
     <span class='ocr_line' id='line_1_4' title="bbox 84 3292 200 3320; baseline -0.017 1"><span class='ocrx_word' id='word_1_6' title='bbox 84 3293 106 3311; x_wconf 71' lang='lat'>⁸</span> <span class='ocrx_word' id='word_1_7' title='bbox 128 3292 200 3320; x_wconf 76' lang='lat' dir='ltr'>xxi.</span> 
     </span>
    </p>
   </div>
   <div class='ocr_carea' id='block_1_4' title="bbox 181 148 239 187">
    <p class='ocr_par' dir='ltr' id='par_1_4' title="bbox 181 148 239 187">
     <span class='ocr_line' id='line_1_5' title="bbox 181 148 239 187; baseline -0.017 0"><span class='ocrx_word' id='word_1_8' title='bbox 181 148 239 187; x_wconf 86' lang='lat'>94</span> 
     </span>
    </p>
   </div>
   <div class='ocr_carea' id='block_1_5' title="bbox 981 364 1099 397">
    <p class='ocr_par' dir='ltr' id='par_1_5' title="bbox 981 364 1099 397">
     <span class='ocr_line' id='line_1_6' title="bbox 981 364 1099 397; baseline -0.008 -1"><span class='ocrx_word' id='word_1_9' title='bbox 981 364 1099 397; x_wconf 52' lang='lat' dir='ltr'>Lora</span> 
     </span>
    </p>
   </div>
   <div class='ocr_carea' id='block_1_6' title="bbox 187 439 1257 530">
    <p class='ocr_par' dir='ltr' id='par_1_6' title="bbox 187 439 1257 530">
     <span class='ocr_line' id='line_1_7' title="bbox 225 439 1257 488; baseline -0.011 -7"><span class='ocrx_word' id='word_1_10' title='bbox 225 453 278 482; x_wconf 77' lang='lat' dir='ltr'>Per</span> <span class='ocrx_word' id='word_1_11' title='bbox 297 453 413 488; x_wconf 83' lang='lat' dir='ltr'>Regem,</span> <span class='ocrx_word' id='word_1_12' title='bbox 431 448 515 479; x_wconf 84' lang='lat' dir='ltr'>vobis</span> <span class='ocrx_word' id='word_1_13' title='bbox 539 445 698 485; x_wconf 88' lang='lat' dir='ltr'>Magistris,</span> <span class='ocrx_word' id='word_1_14' title='bbox 717 444 850 484; x_wconf 73' lang='lat' dir='ltr'>Johaane</span> <span class='ocrx_word' id='word_1_15' title='bbox 869 443 1008 474; x_wconf 82' lang='lat' dir='ltr'>Chambon</span> <span class='ocrx_word' id='word_1_16' title='bbox 1031 440 1172 482; x_wconf 82' lang='lat' dir='ltr'>Magistro</span> <span class='ocrx_word' id='word_1_17' title='bbox 1193 439 1257 470; x_wconf 86' lang='lat' dir='ltr'>Re-</span> 
     </span>
     <span class='ocr_line' id='line_1_8' title="bbox 187 482 1098 530; baseline -0.012 -8"><span class='ocrx_word' id='word_1_18' title='bbox 187 489 349 530; x_wconf 82' lang='lat' dir='ltr'>questarum</span> <span class='ocrx_word' id='word_1_19' title='bbox 362 487 502 525; x_wconf 88' lang='lat' dir='ltr'>Hospitii,</span> <span class='ocrx_word' id='word_1_20' title='bbox 522 485 629 525; x_wconf 81' lang='lat' dir='ltr'>Jacobo</span> <span class='ocrx_word' id='word_1_21' title='bbox 642 488 772 523; x_wconf 81' lang='lat' dir='ltr'>Louvet,</span> <span class='ocrx_word' id='word_1_22' title='bbox 790 485 823 515; x_wconf 91' lang='lat'>&amp;</span> <span class='ocrx_word' id='word_1_23' title='bbox 837 483 894 514; x_wconf 89' lang='lat' dir='ltr'>aliis</span> <span class='ocrx_word' id='word_1_24' title='bbox 908 482 1098 521; x_wconf 78' lang='lat' dir='ltr'>praesentibus.</span> 
     </span>
    </p>
   </div>
   <div class='ocr_carea' id='block_1_7' title="bbox 402 553 1257 642">
    <p class='ocr_par' dir='ltr' id='par_1_7' title="bbox 402 553 1257 642">
     <span class='ocr_line' id='line_1_9' title="bbox 402 553 1257 602; baseline -0.013 -7"><span class='ocrx_word' id='word_1_25' title='bbox 402 563 457 596; x_wconf 78' lang='lat' dir='ltr'>Sub</span> <span class='ocrx_word' id='word_1_26' title='bbox 474 562 566 602; x_wconf 77' lang='lat' dir='ltr'>sigillo</span> <span class='ocrx_word' id='word_1_27' title='bbox 585 565 690 602; x_wconf 83' lang='lat' dir='ltr'>Magno</span> <span class='ocrx_word' id='word_1_28' title='bbox 701 561 754 602; x_wconf 70' lang='grc' dir='ltr'>βο</span> <span class='ocrx_word' id='word_1_29' title='bbox 770 572 835 591; x_wconf 80' lang='lat' dir='ltr'>cerae</span> <span class='ocrx_word' id='word_1_30' title='bbox 851 559 922 591; x_wconf 78' lang='lat' dir='ltr'>albae</span> <span class='ocrx_word' id='word_1_31' title='bbox 936 582 947 599; x_wconf 90' lang='lat'>,</span> <span class='ocrx_word' id='word_1_32' title='bbox 970 558 1105 598; x_wconf 82' lang='lat' dir='ltr'><em>pendente</em></span> <span class='ocrx_word' id='word_1_33' title='bbox 1124 567 1142 586; x_wconf 86' lang='lat' dir='ltr'>a</span> <span class='ocrx_word' id='word_1_34' title='bbox 1161 553 1257 586; x_wconf 62' lang='lat' dir='ltr'>Caudi</span> 
     </span>
     <span class='ocr_line' id='line_1_10' title="bbox 455 605 637 642; baseline -0.011 -9"><span class='ocrx_word' id='word_1_35' title='bbox 455 605 637 642; x_wconf 70' lang='lat' dir='ltr'>Pergamenae.</span> 
     </span>
    </p>
   </div>
   <div class='ocr_carea' id='block_1_8' title="bbox 1234 665 1251 677">
    <p class='ocr_par' dir='ltr' id='par_1_8' title="bbox 1234 665 1251 677">
     <span class='ocr_line' id='line_1_11' title="bbox 1234 665 1251 677; baseline 0 0"><span class='ocrx_word' id='word_1_36' title='bbox 1234 665 1251 677; x_wconf 62' lang='lat'><em>0</em></span> 
     </span>
    </p>
   </div>
   <div class='ocr_carea' id='block_1_9' title="bbox 352 679 1227 698">
    <p class='ocr_par' dir='ltr' id='par_1_9' title="bbox 352 679 1227 698">
     <span class='ocr_line' id='line_1_12' title="bbox 352 679 1227 698; baseline -0.007 -6"><span class='ocrx_word' id='word_1_37' title='bbox 352 679 1227 698; x_wconf 51' lang='grc' dir='ltr'><em>Μ</em></span> 
     </span>
    </p>
   </div>
   <div class='ocr_carea' id='block_1_10' title="bbox 224 694 340 700">
    <p class='ocr_par' dir='ltr' id='par_1_10' title="bbox 224 694 340 700">
     <span class='ocr_line' id='line_1_13' title="bbox 224 694 340 700; baseline 0 0"><span class='ocrx_word' id='word_1_38' title='bbox 224 694 340 700; x_wconf 95' lang='lat' dir='ltr'> </span> 
     </span>
    </p>
   </div>
   <div class='ocr_carea' id='block_1_11' title="bbox 303 736 1147 795">
    <p class='ocr_par' dir='ltr' id='par_1_11' title="bbox 303 736 1147 795">
     <span class='ocr_line' id='line_1_14' title="bbox 303 736 1147 795; baseline -0.017 -13"><span class='ocrx_word' id='word_1_39' title='bbox 303 750 398 795; x_wconf 77' lang='lat' dir='ltr'>Super</span> <span class='ocrx_word' id='word_1_40' title='bbox 415 748 578 781; x_wconf 62' lang='lat' dir='ltr'>Vacatmne</span> <span class='ocrx_word' id='word_1_41' title='bbox 591 744 628 782; x_wconf 63' lang='grc' dir='ltr'>ὠ·</span> <span class='ocrx_word' id='word_1_42' title='bbox 651 740 788 787; x_wconf 84' lang='lat' dir='ltr'>Custodia</span> <span class='ocrx_word' id='word_1_43' title='bbox 806 740 997 787; x_wconf 77' lang='lat' dir='ltr'>Epiftopatus</span> <span class='ocrx_word' id='word_1_44' title='bbox 1015 736 1147 780; x_wconf 77' lang='lat' dir='ltr'>Eliensis.</span> 
     </span>
    </p>
   </div>
   <div class='ocr_carea' id='block_1_12' title="bbox 196 835 1263 999">
    <p class='ocr_par' dir='ltr' id='par_1_12' title="bbox 196 835 1263 999">
     <span class='ocr_line' id='line_1_15' title="bbox 245 835 873 890; baseline -0.021 -13"><span class='ocrx_word' id='word_1_45' title='bbox 245 843 305 878; x_wconf 86' lang='lat' dir='ltr'>EX</span> <span class='ocrx_word' id='word_1_46' title='bbox 323 842 486 890; x_wconf 68' lang='lat' dir='ltr'>OmnibuS,</span> <span class='ocrx_word' id='word_1_47' title='bbox 503 840 537 872; x_wconf 74' lang='lat' dir='ltr'>ad</span> <span class='ocrx_word' id='word_1_48' title='bbox 552 848 642 878; x_wconf 74' lang='lat' dir='ltr'>quoa,</span> <span class='ocrx_word' id='word_1_49' title='bbox 657 837 719 868; x_wconf 83' lang='lat' dir='ltr'>&amp;c.</span> <span class='ocrx_word' id='word_1_50' title='bbox 738 835 873 866; x_wconf 87' lang='lat' dir='ltr'>Salutem.</span> 
     </span>
     <span class='ocr_line' id='line_1_16' title="bbox 231 880 1263 954; baseline -0.018 0"><span class='ocrx_word' id='word_1_51' title='bbox 231 880 501 954; x_wconf 49' lang='lat' dir='ltr'>Cursrslilitcscslelsitiidss’t</span> <span class='ocrx_word' id='word_1_52' title='bbox 516 916 702 954; x_wconf 82' lang='lat' dir='ltr'>Episcopatus</span> <span class='ocrx_word' id='word_1_53' title='bbox 716 911 849 948; x_wconf 87' lang='lat' dir='ltr'>Eliensis,</span> <span class='ocrx_word' id='word_1_54' title='bbox 869 919 917 948; x_wconf 89' lang='lat' dir='ltr'>per</span> <span class='ocrx_word' id='word_1_55' title='bbox 936 908 1085 951; x_wconf 81' lang='lat' dir='ltr'>Mortem,</span> <span class='ocrx_word' id='word_1_56' title='bbox 1100 907 1189 951; x_wconf 77' lang='lat' dir='ltr'>bonae</span> <span class='ocrx_word' id='word_1_57' title='bbox 1200 915 1263 950; x_wconf 75' lang='lat' dir='ltr'>rne-</span> 
     </span>
     <span class='ocr_line' id='line_1_17' title="bbox 196 945 1260 999; baseline -0.019 -5"><span class='ocrx_word' id='word_1_58' title='bbox 196 963 316 999; x_wconf 83' lang='lat' dir='ltr'>moriae,</span> <span class='ocrx_word' id='word_1_59' title='bbox 336 957 476 991; x_wconf 71' lang='lat' dir='ltr'>Willielmi</span> <span class='ocrx_word' id='word_1_60' title='bbox 494 959 570 993; x_wconf 80' lang='lat' dir='ltr'>Gray</span> <span class='ocrx_word' id='word_1_61' title='bbox 592 962 680 990; x_wconf 83' lang='lat' dir='ltr'>nuper</span> <span class='ocrx_word' id='word_1_62' title='bbox 703 953 736 982; x_wconf 91' lang='lat'>&amp;</span> <span class='ocrx_word' id='word_1_63' title='bbox 759 950 848 994; x_wconf 64' lang='lat' dir='ltr'>ultimi</span> <span class='ocrx_word' id='word_1_64' title='bbox 869 948 991 988; x_wconf 80' lang='lat' dir='ltr'>Epiftopi</span> <span class='ocrx_word' id='word_1_65' title='bbox 1007 947 1084 977; x_wconf 89' lang='lat' dir='ltr'>Loci</span> <span class='ocrx_word' id='word_1_66' title='bbox 1098 945 1186 983; x_wconf 84' lang='lat' dir='ltr'>illius,</span> <span class='ocrx_word' id='word_1_67' title='bbox 1201 954 1260 984; x_wconf 73' lang='lat' dir='ltr'>jam</span> 
     </span>
    </p>
   </div>
   <div class='ocr_carea' id='block_1_13' title="bbox 38 987 825 1109">
    <p class='ocr_par' dir='ltr' id='par_1_13' title="bbox 38 987 825 1109">
     <span class='ocr_line' id='line_1_18' title="bbox 39 987 825 1044; baseline -0.02 -10"><span class='ocrx_word' id='word_1_68' title='bbox 39 987 153 1044; x_wconf 44' lang='grc' dir='ltr'>Ρζιῖις,</span> <span class='ocrx_word' id='word_1_69' title='bbox 193 1009 296 1032; x_wconf 88' lang='lat' dir='ltr'>vacent</span> <span class='ocrx_word' id='word_1_70' title='bbox 311 1000 344 1030; x_wconf 83' lang='lat'>&amp;</span> <span class='ocrx_word' id='word_1_71' title='bbox 358 996 479 1027; x_wconf 86' lang='lat' dir='ltr'>Pastoris</span> <span class='ocrx_word' id='word_1_72' title='bbox 494 994 600 1024; x_wconf 85' lang='lat' dir='ltr'>Solatio</span> <span class='ocrx_word' id='word_1_73' title='bbox 616 992 668 1021; x_wconf 88' lang='lat' dir='ltr'>sint</span> <span class='ocrx_word' id='word_1_74' title='bbox 683 989 825 1025; x_wconf 74' lang='lat' dir='ltr'>destituti,</span> 
     </span>
     <span class='ocr_line' id='line_1_19' title="bbox 38 1058 228 1109; baseline -0.011 -27"><span class='ocrx_word' id='word_1_75' title='bbox 38 1058 170 1090; x_wconf 76' lang='lat' dir='ltr'>E.4.p.2.</span> <span class='ocrx_word' id='word_1_76' title='bbox 194 1078 228 1109; x_wconf 57' lang='grc' dir='ltr'>ἃ</span> 
     </span>
    </p>
   </div>
   <div class='ocr_carea' id='block_1_14' title="bbox 40 1100 134 1128">
    <p class='ocr_par' dir='ltr' id='par_1_14' title="bbox 40 1100 134 1128">
     <span class='ocr_line' id='line_1_20' title="bbox 40 1100 134 1128; baseline 0 -8"><span class='ocrx_word' id='word_1_77' title='bbox 40 1102 76 1120; x_wconf 82' lang='lat' dir='ltr'>m.</span> <span class='ocrx_word' id='word_1_78' title='bbox 89 1100 134 1128; x_wconf 85' lang='lat'>25.</span> 
     </span>
    </p>
   </div>
   <div class='ocr_carea' id='block_1_15' title="bbox 192 1021 1318 4079">
    <p class='ocr_par' dir='ltr' id='par_1_15' title="bbox 192 1021 1286 2309">
     <span class='ocr_line' id='line_1_21' title="bbox 229 1021 1264 1076; baseline -0.017 -7"><span class='ocrx_word' id='word_1_79' title='bbox 229 1039 267 1070; x_wconf 90' lang='lat' dir='ltr'>Et</span> <span class='ocrx_word' id='word_1_80' title='bbox 282 1036 362 1076; x_wconf 79' lang='lat' dir='ltr'>quod</span> <span class='ocrx_word' id='word_1_81' title='bbox 381 1033 498 1070; x_wconf 87' lang='lat' dir='ltr'>Nobis,</span> <span class='ocrx_word' id='word_1_82' title='bbox 517 1042 566 1070; x_wconf 89' lang='lat' dir='ltr'>per</span> <span class='ocrx_word' id='word_1_83' title='bbox 584 1033 705 1061; x_wconf 83' lang='lat' dir='ltr'><em>Priorem</em></span> <span class='ocrx_word' id='word_1_84' title='bbox 724 1027 762 1071; x_wconf 54' lang='grc' dir='ltr'>ῤ’</span> <span class='ocrx_word' id='word_1_85' title='bbox 786 1023 1016 1070; x_wconf 23' lang='grc' dir='ltr'>(ξοηνεηιιιηιιάε</span> <span class='ocrx_word' id='word_1_86' title='bbox 1039 1022 1093 1071; x_wconf 60' lang='lat' dir='ltr'>Ely</span> <span class='ocrx_word' id='word_1_87' title='bbox 1110 1021 1264 1061; x_wconf 69' lang='lat' dir='ltr'>praedicta,</span> 
     </span>
     <span class='ocr_line' id='line_1_22' title="bbox 251 1061 1264 1109; baseline -0.016 -2"><span class='ocrx_word' id='word_1_88' title='bbox 251 1074 431 1107; x_wconf 85' lang='lat' dir='ltr'>Succeffores</span> <span class='ocrx_word' id='word_1_89' title='bbox 456 1073 537 1109; x_wconf 86' lang='lat' dir='ltr'>suOS,</span> <span class='ocrx_word' id='word_1_90' title='bbox 554 1080 608 1108; x_wconf 89' lang='lat' dir='ltr'>pro</span> <span class='ocrx_word' id='word_1_91' title='bbox 622 1066 766 1099; x_wconf 68' lang='lat' dir='ltr'>Custodia</span> <span class='ocrx_word' id='word_1_92' title='bbox 780 1066 901 1102; x_wconf 70' lang='lat' dir='ltr'>eiusdem</span> <span class='ocrx_word' id='word_1_93' title='bbox 917 1063 1103 1101; x_wconf 87' lang='lat' dir='ltr'>Episcopatus</span> <span class='ocrx_word' id='word_1_94' title='bbox 1117 1063 1150 1093; x_wconf 92' lang='lat'>&amp;</span> <span class='ocrx_word' id='word_1_95' title='bbox 1167 1061 1264 1092; x_wconf 90' lang='lat' dir='ltr'>Tem-</span> 
     </span>
     <span class='ocr_line' id='line_1_23' title="bbox 192 1100 1266 1156; baseline -0.016 -10"><span class='ocrx_word' id='word_1_96' title='bbox 192 1116 332 1156; x_wconf 85' lang='lat' dir='ltr'>poralium</span> <span class='ocrx_word' id='word_1_97' title='bbox 355 1111 476 1151; x_wconf 85' lang='lat' dir='ltr'>ejusdem</span> <span class='ocrx_word' id='word_1_98' title='bbox 500 1106 686 1147; x_wconf 71' lang='lat' dir='ltr'>Episcopatus</span> <span class='ocrx_word' id='word_1_99' title='bbox 701 1128 710 1144; x_wconf 86' lang='lat'>,</span> <span class='ocrx_word' id='word_1_100' title='bbox 735 1104 905 1143; x_wconf 83' lang='lat' dir='ltr'>Episcopatu</span> <span class='ocrx_word' id='word_1_101' title='bbox 929 1103 978 1132; x_wconf 86' lang='lat' dir='ltr'>illo</span> <span class='ocrx_word' id='word_1_102' title='bbox 997 1101 1149 1139; x_wconf 80' lang='lat' dir='ltr'>Vacante,</span> <span class='ocrx_word' id='word_1_103' title='bbox 1174 1100 1193 1130; x_wconf 91' lang='lat' dir='ltr'>fi</span> <span class='ocrx_word' id='word_1_104' title='bbox 1215 1109 1266 1138; x_wconf 87' lang='lat' dir='ltr'>per</span> 
     </span>
     <span class='ocr_line' id='line_1_24' title="bbox 194 1140 1267 1186; baseline -0.016 -1"><span class='ocrx_word' id='word_1_105' title='bbox 194 1164 285 1186; x_wconf 89' lang='lat' dir='ltr'>unum</span> <span class='ocrx_word' id='word_1_106' title='bbox 303 1152 423 1184; x_wconf 83' lang='lat' dir='ltr'>Annum</span> <span class='ocrx_word' id='word_1_107' title='bbox 439 1149 597 1186; x_wconf 84' lang='lat' dir='ltr'>vacaverit,</span> <span class='ocrx_word' id='word_1_108' title='bbox 615 1147 652 1177; x_wconf 91' lang='lat' dir='ltr'>de</span> <span class='ocrx_word' id='word_1_109' title='bbox 668 1145 794 1176; x_wconf 91' lang='lat' dir='ltr'>Duobus</span> <span class='ocrx_word' id='word_1_110' title='bbox 808 1141 935 1173; x_wconf 83' lang='lat' dir='ltr'>Millibus</span> <span class='ocrx_word' id='word_1_111' title='bbox 953 1140 1103 1171; x_wconf 85' lang='lat' dir='ltr'>Librarum</span> <span class='ocrx_word' id='word_1_112' title='bbox 1113 1143 1267 1182; x_wconf 31' lang='lat' dir='ltr'>pro-Anno</span> 
     </span>
     <span class='ocr_line' id='line_1_25' title="bbox 196 1179 1269 1231; baseline -0.016 -7"><span class='ocrx_word' id='word_1_113' title='bbox 196 1192 263 1231; x_wconf 88' lang='lat' dir='ltr'>illo,</span> <span class='ocrx_word' id='word_1_114' title='bbox 278 1193 311 1223; x_wconf 92' lang='lat'>&amp;</span> <span class='ocrx_word' id='word_1_115' title='bbox 321 1213 331 1229; x_wconf 89' lang='lat'>,</span> <span class='ocrx_word' id='word_1_116' title='bbox 347 1190 367 1221; x_wconf 88' lang='lat' dir='ltr'>fi</span> <span class='ocrx_word' id='word_1_117' title='bbox 380 1189 486 1220; x_wconf 85' lang='lat' dir='ltr'>minori</span> <span class='ocrx_word' id='word_1_118' title='bbox 500 1187 546 1218; x_wconf 88' lang='lat' dir='ltr'>vel</span> <span class='ocrx_word' id='word_1_119' title='bbox 561 1186 658 1224; x_wconf 88' lang='lat' dir='ltr'>majori</span> <span class='ocrx_word' id='word_1_120' title='bbox 674 1192 805 1221; x_wconf 84' lang='lat' dir='ltr'>tempore</span> <span class='ocrx_word' id='word_1_121' title='bbox 819 1182 909 1225; x_wconf 48' lang='lat' dir='ltr'>qu‘am⁴</span> <span class='ocrx_word' id='word_1_122' title='bbox 920 1190 970 1218; x_wconf 86' lang='lat' dir='ltr'>per</span> <span class='ocrx_word' id='word_1_123' title='bbox 986 1180 1106 1211; x_wconf 89' lang='lat' dir='ltr'>Annum</span> <span class='ocrx_word' id='word_1_124' title='bbox 1122 1179 1269 1216; x_wconf 75' lang='lat' dir='ltr'>hujusmo-</span> 
     </span>
     <span class='ocr_line' id='line_1_26' title="bbox 195 1217 1271 1264; baseline -0.016 -1"><span class='ocrx_word' id='word_1_125' title='bbox 195 1232 225 1263; x_wconf 88' lang='lat' dir='ltr'>di</span> <span class='ocrx_word' id='word_1_126' title='bbox 246 1231 365 1262; x_wconf 86' lang='lat' dir='ltr'>Vacatio</span> <span class='ocrx_word' id='word_1_127' title='bbox 383 1228 539 1264; x_wconf 82' lang='lat' dir='ltr'>duraverit,</span> <span class='ocrx_word' id='word_1_128' title='bbox 555 1234 625 1255; x_wconf 91' lang='lat' dir='ltr'>tunc</span> <span class='ocrx_word' id='word_1_129' title='bbox 647 1233 697 1261; x_wconf 90' lang='lat' dir='ltr'>per</span> <span class='ocrx_word' id='word_1_130' title='bbox 721 1221 837 1252; x_wconf 90' lang='lat' dir='ltr'>eosdem</span> <span class='ocrx_word' id='word_1_131' title='bbox 864 1219 991 1249; x_wconf 87' lang='lat' dir='ltr'>Priorem</span> <span class='ocrx_word' id='word_1_132' title='bbox 1008 1219 1042 1249; x_wconf 76' lang='grc' dir='ltr'>δε</span> <span class='ocrx_word' id='word_1_133' title='bbox 1059 1217 1248 1249; x_wconf 89' lang='lat' dir='ltr'>Conventum</span> <span class='ocrx_word' id='word_1_134' title='bbox 1260 1239 1271 1255; x_wconf 88' lang='lat'>,</span> 
     </span>
     <span class='ocr_line' id='line_1_27' title="bbox 197 1256 1269 1303; baseline -0.015 -1"><span class='ocrx_word' id='word_1_135' title='bbox 197 1271 232 1302; x_wconf 73' lang='grc' dir='ltr'>δε</span> <span class='ocrx_word' id='word_1_136' title='bbox 247 1267 429 1301; x_wconf 82' lang='lat' dir='ltr'>Succeffores</span> <span class='ocrx_word' id='word_1_137' title='bbox 442 1265 503 1296; x_wconf 89' lang='lat' dir='ltr'>suos</span> <span class='ocrx_word' id='word_1_138' title='bbox 521 1262 672 1303; x_wconf 60' lang='lat' dir='ltr'>praedictos</span> <span class='ocrx_word' id='word_1_139' title='bbox 681 1285 690 1299; x_wconf 93' lang='lat'>,</span> <span class='ocrx_word' id='word_1_140' title='bbox 707 1260 744 1291; x_wconf 88' lang='lat' dir='ltr'>de</span> <span class='ocrx_word' id='word_1_141' title='bbox 757 1260 831 1290; x_wconf 89' lang='lat' dir='ltr'>Rata</span> <span class='ocrx_word' id='word_1_142' title='bbox 845 1258 993 1289; x_wconf 63' lang='lat' dir='ltr'>didiorum</span> <span class='ocrx_word' id='word_1_143' title='bbox 1007 1260 1131 1287; x_wconf 84' lang='lat' dir='ltr'>Duorum</span> <span class='ocrx_word' id='word_1_144' title='bbox 1145 1256 1269 1287; x_wconf 72' lang='lat' dir='ltr'>Millium</span> 
     </span>
     <span class='ocr_line' id='line_1_28' title="bbox 199 1295 1273 1346; baseline -0.014 -6"><span class='ocrx_word' id='word_1_145' title='bbox 199 1309 349 1341; x_wconf 80' lang='lat' dir='ltr'>Librarum</span> <span class='ocrx_word' id='word_1_146' title='bbox 363 1314 414 1346; x_wconf 86' lang='lat' dir='ltr'>per</span> <span class='ocrx_word' id='word_1_147' title='bbox 436 1307 553 1335; x_wconf 89' lang='lat' dir='ltr'>Annum</span> <span class='ocrx_word' id='word_1_148' title='bbox 570 1326 580 1342; x_wconf 89' lang='lat'>,</span> <span class='ocrx_word' id='word_1_149' title='bbox 599 1311 652 1340; x_wconf 87' lang='lat' dir='ltr'>pio</span> <span class='ocrx_word' id='word_1_150' title='bbox 670 1300 744 1331; x_wconf 86' lang='lat' dir='ltr'>Rata</span> <span class='ocrx_word' id='word_1_151' title='bbox 766 1298 945 1337; x_wconf 69' lang='lat' dir='ltr'>Temporis„</span> <span class='ocrx_word' id='word_1_152' title='bbox 968 1295 1068 1327; x_wconf 85' lang='lat' dir='ltr'>Nobis</span> <span class='ocrx_word' id='word_1_153' title='bbox 1087 1296 1206 1334; x_wconf 88' lang='lat' dir='ltr'>proinde</span> <span class='ocrx_word' id='word_1_154' title='bbox 1229 1305 1273 1326; x_wconf 85' lang='lat' dir='ltr'>re-</span> 
     </span>
     <span class='ocr_line' id='line_1_29' title="bbox 252 1346 445 1378; baseline -0.021 0"><span class='ocrx_word' id='word_1_155' title='bbox 252 1347 288 1378; x_wconf 90' lang='lat' dir='ltr'>nd</span> <span class='ocrx_word' id='word_1_156' title='bbox 309 1349 330 1377; x_wconf 92' lang='lat' dir='ltr'>ri</span> <span class='ocrx_word' id='word_1_157' title='bbox 346 1346 445 1376; x_wconf 88' lang='lat' dir='ltr'>debeat</span> 
     </span>
     <span class='ocr_line' id='line_1_30' title="bbox 198 1349 1273 1418; baseline -0.013 0"><span class='ocrx_word' id='word_1_158' title='bbox 198 1349 411 1417; x_wconf 59' lang='lat' dir='ltr'>sp(iDeeGratizi</span> <span class='ocrx_word' id='word_1_159' title='bbox 433 1366 530 1413; x_wconf 67' lang='lat' dir='ltr'>nbstra</span> <span class='ocrx_word' id='word_1_160' title='bbox 553 1378 664 1418; x_wconf 88' lang='lat' dir='ltr'>speciali</span> <span class='ocrx_word' id='word_1_161' title='bbox 683 1387 717 1409; x_wconf 86' lang='lat' dir='ltr'>ac</span> <span class='ocrx_word' id='word_1_162' title='bbox 737 1386 772 1407; x_wconf 84' lang='lat' dir='ltr'>ex</span> <span class='ocrx_word' id='word_1_163' title='bbox 796 1374 872 1406; x_wconf 70' lang='lat' dir='ltr'>certa</span> <span class='ocrx_word' id='word_1_164' title='bbox 893 1372 1016 1407; x_wconf 66' lang='lat' dir='ltr'>Scientia</span> <span class='ocrx_word' id='word_1_165' title='bbox 1034 1374 1067 1405; x_wconf 89' lang='lat'>&amp;</span> <span class='ocrx_word' id='word_1_166' title='bbox 1083 1383 1165 1405; x_wconf 89' lang='lat' dir='ltr'>mero</span> <span class='ocrx_word' id='word_1_167' title='bbox 1182 1373 1273 1404; x_wconf 88' lang='lat' dir='ltr'>Motu</span> 
     </span>
     <span class='ocr_line' id='line_1_31' title="bbox 201 1411 1273 1459; baseline -0.013 -3"><span class='ocrx_word' id='word_1_168' title='bbox 201 1426 305 1459; x_wconf 84' lang='lat' dir='ltr'>nostris</span> <span class='ocrx_word' id='word_1_169' title='bbox 318 1424 429 1454; x_wconf 89' lang='lat' dir='ltr'>Damus</span> <span class='ocrx_word' id='word_1_170' title='bbox 442 1422 475 1453; x_wconf 89' lang='lat'>&amp;</span> <span class='ocrx_word' id='word_1_171' title='bbox 488 1418 707 1454; x_wconf 88' lang='lat' dir='ltr'>Concedimus,</span> <span class='ocrx_word' id='word_1_172' title='bbox 724 1426 777 1454; x_wconf 89' lang='lat' dir='ltr'>pro</span> <span class='ocrx_word' id='word_1_173' title='bbox 788 1414 889 1444; x_wconf 85' lang='lat' dir='ltr'>Nobis</span> <span class='ocrx_word' id='word_1_174' title='bbox 903 1415 937 1445; x_wconf 88' lang='lat'>&amp;</span> <span class='ocrx_word' id='word_1_175' title='bbox 957 1412 1130 1443; x_wconf 86' lang='lat' dir='ltr'>Haeredibus</span> <span class='ocrx_word' id='word_1_176' title='bbox 1155 1411 1273 1450; x_wconf 86' lang='lat' dir='ltr'>nostris,</span> 
     </span>
     <span class='ocr_line' id='line_1_32' title="bbox 202 1449 1272 1500; baseline -0.011 -6"><span class='ocrx_word' id='word_1_177' title='bbox 202 1462 353 1497; x_wconf 76' lang='lat' dir='ltr'>Willielmo</span> <span class='ocrx_word' id='word_1_178' title='bbox 367 1463 416 1490; x_wconf 82' lang='lat' dir='ltr'>Ha</span> <span class='ocrx_word' id='word_1_179' title='bbox 434 1471 517 1500; x_wconf 84' lang='lat' dir='ltr'>ynges</span> <span class='ocrx_word' id='word_1_180' title='bbox 530 1458 566 1488; x_wconf 92' lang='lat' dir='ltr'>de</span> <span class='ocrx_word' id='word_1_181' title='bbox 580 1456 740 1495; x_wconf 72' lang='lat' dir='ltr'>Hastynges</span> <span class='ocrx_word' id='word_1_182' title='bbox 754 1453 859 1498; x_wconf 78' lang='lat' dir='ltr'>Militi,</span> <span class='ocrx_word' id='word_1_183' title='bbox 872 1450 982 1496; x_wconf 65' lang='lat' dir='ltr'>Thomae</span> <span class='ocrx_word' id='word_1_184' title='bbox 999 1449 1095 1496; x_wconf 72' lang='lat' dir='ltr'>Burgh</span> <span class='ocrx_word' id='word_1_185' title='bbox 1114 1451 1220 1490; x_wconf 82' lang='lat' dir='ltr'>Militi,</span> <span class='ocrx_word' id='word_1_186' title='bbox 1238 1452 1272 1482; x_wconf 72' lang='grc' dir='ltr'>ὅτ.</span> 
     </span>
     <span class='ocr_line' id='line_1_33' title="bbox 199 1490 1273 1536; baseline -0.012 -2"><span class='ocrx_word' id='word_1_187' title='bbox 199 1503 308 1536; x_wconf 82' lang='lat' dir='ltr'>Thomae</span> <span class='ocrx_word' id='word_1_188' title='bbox 328 1503 403 1532; x_wconf 85' lang='lat' dir='ltr'>Seint</span> <span class='ocrx_word' id='word_1_189' title='bbox 415 1509 473 1536; x_wconf 86' lang='lat' dir='ltr'>eger</span> <span class='ocrx_word' id='word_1_190' title='bbox 497 1496 604 1534; x_wconf 84' lang='lat' dir='ltr'>Militi,</span> <span class='ocrx_word' id='word_1_191' title='bbox 621 1496 654 1525; x_wconf 92' lang='lat'>&amp;</span> <span class='ocrx_word' id='word_1_192' title='bbox 676 1492 908 1535; x_wconf 83' lang='lat' dir='ltr'>Assignatissuis,</span> <span class='ocrx_word' id='word_1_193' title='bbox 927 1490 1009 1529; x_wconf 82' lang='lat' dir='ltr'>quod</span> <span class='ocrx_word' id='word_1_194' title='bbox 1026 1495 1093 1529; x_wconf 76' lang='lat' dir='ltr'>lpil,</span> <span class='ocrx_word' id='word_1_195' title='bbox 1110 1501 1127 1521; x_wconf 87' lang='lat' dir='ltr'>a</span> <span class='ocrx_word' id='word_1_196' title='bbox 1142 1498 1273 1527; x_wconf 85' lang='lat' dir='ltr'>tempore</span> 
     </span>
     <span class='ocr_line' id='line_1_34' title="bbox 203 1529 1272 1574; baseline -0.013 -1"><span class='ocrx_word' id='word_1_197' title='bbox 203 1541 312 1574; x_wconf 84' lang='lat' dir='ltr'>Mortis</span> <span class='ocrx_word' id='word_1_198' title='bbox 334 1539 406 1570; x_wconf 69' lang='lat' dir='ltr'>dieti</span> <span class='ocrx_word' id='word_1_199' title='bbox 427 1535 573 1568; x_wconf 74' lang='lat' dir='ltr'>Willielmi</span> <span class='ocrx_word' id='word_1_200' title='bbox 597 1536 694 1573; x_wconf 83' lang='lat' dir='ltr'>Gray,</span> <span class='ocrx_word' id='word_1_201' title='bbox 718 1530 855 1571; x_wconf 86' lang='lat' dir='ltr'>quamdiu</span> <span class='ocrx_word' id='word_1_202' title='bbox 876 1529 1079 1568; x_wconf 87' lang='lat' dir='ltr'>Episcopatum</span> <span class='ocrx_word' id='word_1_203' title='bbox 1101 1529 1272 1567; x_wconf 75' lang='lat' dir='ltr'>praedictum</span> 
     </span>
     <span class='ocr_line' id='line_1_35' title="bbox 201 1568 1274 1618; baseline -0.013 -6"><span class='ocrx_word' id='word_1_204' title='bbox 201 1581 238 1613; x_wconf 90' lang='lat' dir='ltr'>de</span> <span class='ocrx_word' id='word_1_205' title='bbox 257 1579 403 1618; x_wconf 83' lang='lat' dir='ltr'>Episcopo</span> <span class='ocrx_word' id='word_1_206' title='bbox 416 1577 503 1607; x_wconf 63' lang='lat' dir='ltr'>dieiae</span> <span class='ocrx_word' id='word_1_207' title='bbox 519 1573 651 1605; x_wconf 80' lang='lat' dir='ltr'>Ecclefiae</span> <span class='ocrx_word' id='word_1_208' title='bbox 667 1570 784 1602; x_wconf 84' lang='lat' dir='ltr'>Eliensis</span> <span class='ocrx_word' id='word_1_209' title='bbox 800 1578 897 1599; x_wconf 92' lang='lat' dir='ltr'>vacare</span> <span class='ocrx_word' id='word_1_210' title='bbox 913 1569 1086 1605; x_wconf 87' lang='lat' dir='ltr'>contigerit,</span> <span class='ocrx_word' id='word_1_211' title='bbox 1105 1568 1225 1598; x_wconf 87' lang='lat' dir='ltr'>habeant</span> <span class='ocrx_word' id='word_1_212' title='bbox 1240 1568 1274 1598; x_wconf 75' lang='grc' dir='ltr'>δε</span> 
     </span>
     <span class='ocr_line' id='line_1_36' title="bbox 202 1606 1273 1658; baseline -0.013 -8"><span class='ocrx_word' id='word_1_213' title='bbox 202 1619 378 1658; x_wconf 81' lang='lat' dir='ltr'>percipiant,</span> <span class='ocrx_word' id='word_1_214' title='bbox 397 1625 447 1653; x_wconf 87' lang='lat' dir='ltr'>per</span> <span class='ocrx_word' id='word_1_215' title='bbox 462 1613 566 1644; x_wconf 87' lang='lat' dir='ltr'>Manus</span> <span class='ocrx_word' id='word_1_216' title='bbox 582 1614 685 1642; x_wconf 83' lang='lat' dir='ltr'>Prioris</span> <span class='ocrx_word' id='word_1_217' title='bbox 701 1609 739 1645; x_wconf 55' lang='grc' dir='ltr'>ὠ*</span> <span class='ocrx_word' id='word_1_218' title='bbox 753 1608 911 1639; x_wconf 67' lang='lat' dir='ltr'>conventus</span> <span class='ocrx_word' id='word_1_219' title='bbox 925 1607 1011 1638; x_wconf 67' lang='lat' dir='ltr'>diet-ae</span> <span class='ocrx_word' id='word_1_220' title='bbox 1025 1606 1161 1637; x_wconf 87' lang='lat' dir='ltr'>Ecclesiae</span> <span class='ocrx_word' id='word_1_221' title='bbox 1178 1606 1273 1637; x_wconf 87' lang='lat' dir='ltr'>Elien-</span> 
     </span>
     <span class='ocr_line' id='line_1_37' title="bbox 203 1644 1276 1691; baseline -0.02 -2"><span class='ocrx_word' id='word_1_222' title='bbox 203 1658 238 1690; x_wconf 91' lang='lat' dir='ltr'>sis</span> <span class='ocrx_word' id='word_1_223' title='bbox 251 1659 284 1690; x_wconf 90' lang='lat'>&amp;</span> <span class='ocrx_word' id='word_1_224' title='bbox 299 1654 502 1687; x_wconf 89' lang='lat' dir='ltr'>Successorum</span> <span class='ocrx_word' id='word_1_225' title='bbox 512 1677 523 1691; x_wconf 98' lang='lat'>,</span> <span class='ocrx_word' id='word_1_226' title='bbox 540 1651 616 1682; x_wconf 68' lang='lat' dir='ltr'>dicta</span> <span class='ocrx_word' id='word_1_227' title='bbox 632 1653 695 1681; x_wconf 85' lang='lat' dir='ltr'>Duo</span> <span class='ocrx_word' id='word_1_228' title='bbox 713 1647 808 1677; x_wconf 79' lang='lat' dir='ltr'>Millia</span> <span class='ocrx_word' id='word_1_229' title='bbox 834 1646 1004 1684; x_wconf 82' lang='lat' dir='ltr'>Librarum,</span> <span class='ocrx_word' id='word_1_230' title='bbox 1020 1645 1040 1675; x_wconf 87' lang='lat' dir='ltr'>si</span> <span class='ocrx_word' id='word_1_231' title='bbox 1060 1645 1179 1676; x_wconf 89' lang='lat' dir='ltr'>Vacatio</span> <span class='ocrx_word' id='word_1_232' title='bbox 1204 1644 1276 1683; x_wconf 81' lang='lat' dir='ltr'>Epi-</span> 
     </span>
     <span class='ocr_line' id='line_1_38' title="bbox 203 1683 1276 1735; baseline -0.012 -8"><span class='ocrx_word' id='word_1_233' title='bbox 203 1695 337 1735; x_wconf 74' lang='lat' dir='ltr'>scopatus</span> <span class='ocrx_word' id='word_1_234' title='bbox 357 1694 428 1724; x_wconf 91' lang='lat' dir='ltr'>illius</span> <span class='ocrx_word' id='word_1_235' title='bbox 449 1703 465 1722; x_wconf 90' lang='lat' dir='ltr'>a</span> <span class='ocrx_word' id='word_1_236' title='bbox 487 1700 616 1728; x_wconf 88' lang='lat' dir='ltr'>tempore</span> <span class='ocrx_word' id='word_1_237' title='bbox 637 1688 745 1719; x_wconf 83' lang='lat' dir='ltr'>Mortis</span> <span class='ocrx_word' id='word_1_238' title='bbox 765 1686 836 1717; x_wconf 69' lang='lat' dir='ltr'>dieti</span> <span class='ocrx_word' id='word_1_239' title='bbox 860 1683 1004 1716; x_wconf 76' lang='lat' dir='ltr'>Willielmi</span> <span class='ocrx_word' id='word_1_240' title='bbox 1021 1686 1098 1725; x_wconf 80' lang='lat' dir='ltr'>Gray</span> <span class='ocrx_word' id='word_1_241' title='bbox 1109 1694 1159 1723; x_wconf 89' lang='lat' dir='ltr'>per</span> <span class='ocrx_word' id='word_1_242' title='bbox 1183 1694 1276 1715; x_wconf 89' lang='lat' dir='ltr'>unum</span> 
     </span>
     <span class='ocr_line' id='line_1_39' title="bbox 235 1733 482 1765; baseline -0.02 0"><span class='ocrx_word' id='word_1_243' title='bbox 235 1744 325 1765; x_wconf 88' lang='lat' dir='ltr'>nnum</span> <span class='ocrx_word' id='word_1_244' title='bbox 341 1733 482 1764; x_wconf 81' lang='lat' dir='ltr'>duraverit</span> 
     </span>
     <span class='ocr_line' id='line_1_40' title="bbox 203 1735 1279 1812; baseline -0.013 -7"><span class='ocrx_word' id='word_1_245' title='bbox 203 1735 232 1767; x_wconf 78' lang='grc' dir='ltr'><strong>Α</strong></span> <span class='ocrx_word' id='word_1_246' title='bbox 243 1773 300 1812; x_wconf 89' lang='lat' dir='ltr'>Et,</span> <span class='ocrx_word' id='word_1_247' title='bbox 320 1773 339 1803; x_wconf 88' lang='lat' dir='ltr'>fi</span> <span class='ocrx_word' id='word_1_248' title='bbox 353 1753 553 1809; x_wconf 80' lang='lat' dir='ltr'>Episcopa&#39;tum</span> <span class='ocrx_word' id='word_1_249' title='bbox 568 1767 648 1797; x_wconf 89' lang='lat' dir='ltr'>illum</span> <span class='ocrx_word' id='word_1_250' title='bbox 665 1765 769 1795; x_wconf 88' lang='lat' dir='ltr'>minori</span> <span class='ocrx_word' id='word_1_251' title='bbox 783 1763 828 1795; x_wconf 79' lang='lat' dir='ltr'>vel</span> <span class='ocrx_word' id='word_1_252' title='bbox 843 1763 942 1800; x_wconf 79' lang='lat' dir='ltr'>majori</span> <span class='ocrx_word' id='word_1_253' title='bbox 966 1771 1097 1802; x_wconf 89' lang='lat' dir='ltr'>ternpore</span> <span class='ocrx_word' id='word_1_254' title='bbox 1117 1763 1205 1801; x_wconf 60' lang='lat' dir='ltr'>qufatn</span> <span class='ocrx_word' id='word_1_255' title='bbox 1227 1771 1279 1801; x_wconf 86' lang='lat' dir='ltr'>per</span> 
     </span>
     <span class='ocr_line' id='line_1_41' title="bbox 205 1801 1279 1845; baseline -0.011 -1"><span class='ocrx_word' id='word_1_256' title='bbox 205 1823 299 1844; x_wconf 88' lang='lat' dir='ltr'>unum</span> <span class='ocrx_word' id='word_1_257' title='bbox 315 1812 434 1842; x_wconf 88' lang='lat' dir='ltr'>Annum</span> <span class='ocrx_word' id='word_1_258' title='bbox 448 1819 463 1839; x_wconf 90' lang='lat' dir='ltr'>a</span> <span class='ocrx_word' id='word_1_259' title='bbox 479 1816 608 1845; x_wconf 89' lang='lat' dir='ltr'>tempore</span> <span class='ocrx_word' id='word_1_260' title='bbox 624 1804 730 1836; x_wconf 86' lang='lat' dir='ltr'>Mortis</span> <span class='ocrx_word' id='word_1_261' title='bbox 743 1804 814 1834; x_wconf 64' lang='lat' dir='ltr'>dieti</span> <span class='ocrx_word' id='word_1_262' title='bbox 831 1801 976 1832; x_wconf 83' lang='lat' dir='ltr'>Willielmi</span> <span class='ocrx_word' id='word_1_263' title='bbox 993 1811 1076 1840; x_wconf 82' lang='lat' dir='ltr'>nuper</span> <span class='ocrx_word' id='word_1_264' title='bbox 1089 1802 1211 1842; x_wconf 67' lang='lat' dir='ltr'>Episcopi</span> <span class='ocrx_word' id='word_1_265' title='bbox 1227 1812 1279 1832; x_wconf 86' lang='lat' dir='ltr'>va—</span> 
     </span>
     <span class='ocr_line' id='line_1_42' title="bbox 210 1840 1278 1886; baseline -0.014 -3"><span class='ocrx_word' id='word_1_266' title='bbox 210 1862 275 1883; x_wconf 85' lang='lat' dir='ltr'>care</span> <span class='ocrx_word' id='word_1_267' title='bbox 297 1849 470 1886; x_wconf 88' lang='lat' dir='ltr'>contigerit,</span> <span class='ocrx_word' id='word_1_268' title='bbox 497 1845 578 1885; x_wconf 81' lang='lat' dir='ltr'>quod</span> <span class='ocrx_word' id='word_1_269' title='bbox 600 1853 669 1874; x_wconf 89' lang='lat' dir='ltr'>tunc</span> <span class='ocrx_word' id='word_1_270' title='bbox 691 1842 780 1873; x_wconf 88' lang='lat' dir='ltr'>iidem</span> <span class='ocrx_word' id='word_1_271' title='bbox 796 1866 805 1879; x_wconf 77' lang='lat'>,</span> <span class='ocrx_word' id='word_1_272' title='bbox 832 1840 998 1873; x_wconf 79' lang='lat' dir='ltr'>Willielmus</span> <span class='ocrx_word' id='word_1_273' title='bbox 1017 1840 1167 1881; x_wconf 76' lang='lat' dir='ltr'>Hastynges</span> <span class='ocrx_word' id='word_1_274' title='bbox 1180 1864 1192 1879; x_wconf 78' lang='lat'>,</span> <span class='ocrx_word' id='word_1_275' title='bbox 1208 1840 1278 1871; x_wconf 72' lang='lat' dir='ltr'>Tiba-</span> 
     </span>
     <span class='ocr_line' id='line_1_43' title="bbox 208 1880 1278 1926; baseline -0.01 -6"><span class='ocrx_word' id='word_1_276' title='bbox 208 1902 268 1921; x_wconf 86' lang='lat' dir='ltr'>mas</span> <span class='ocrx_word' id='word_1_277' title='bbox 284 1887 396 1926; x_wconf 81' lang='lat' dir='ltr'>Burgh,</span> <span class='ocrx_word' id='word_1_278' title='bbox 414 1887 447 1917; x_wconf 90' lang='lat'>&amp;</span> <span class='ocrx_word' id='word_1_279' title='bbox 462 1886 577 1916; x_wconf 82' lang='lat' dir='ltr'>Thomas</span> <span class='ocrx_word' id='word_1_280' title='bbox 591 1881 757 1920; x_wconf 77' lang='lat' dir='ltr'>Seintleger,</span> <span class='ocrx_word' id='word_1_281' title='bbox 775 1882 809 1912; x_wconf 76' lang='grc' dir='ltr'>δε</span> <span class='ocrx_word' id='word_1_282' title='bbox 823 1880 952 1918; x_wconf 84' lang='lat' dir='ltr'>assignati</span> <span class='ocrx_word' id='word_1_283' title='bbox 968 1881 1008 1910; x_wconf 89' lang='lat' dir='ltr'>sui</span> <span class='ocrx_word' id='word_1_284' title='bbox 1022 1880 1142 1910; x_wconf 89' lang='lat' dir='ltr'>habeant</span> <span class='ocrx_word' id='word_1_285' title='bbox 1156 1881 1189 1911; x_wconf 93' lang='lat'>&amp;</span> <span class='ocrx_word' id='word_1_286' title='bbox 1214 1889 1278 1918; x_wconf 87' lang='lat' dir='ltr'>per-</span> 
     </span>
     <span class='ocr_line' id='line_1_44' title="bbox 207 1918 1279 1967; baseline -0.014 -7"><span class='ocrx_word' id='word_1_287' title='bbox 207 1930 316 1967; x_wconf 88' lang='lat' dir='ltr'>cipiant</span> <span class='ocrx_word' id='word_1_288' title='bbox 331 1937 380 1967; x_wconf 89' lang='lat' dir='ltr'>per</span> <span class='ocrx_word' id='word_1_289' title='bbox 396 1926 502 1956; x_wconf 87' lang='lat' dir='ltr'>Manus</span> <span class='ocrx_word' id='word_1_290' title='bbox 517 1924 666 1955; x_wconf 62' lang='lat' dir='ltr'>dietorurn</span> <span class='ocrx_word' id='word_1_291' title='bbox 684 1923 786 1950; x_wconf 76' lang='lat' dir='ltr'>Prioris</span> <span class='ocrx_word' id='word_1_292' title='bbox 800 1918 839 1955; x_wconf 48' lang='grc' dir='ltr'>ό,</span> <span class='ocrx_word' id='word_1_293' title='bbox 853 1923 1010 1949; x_wconf 78' lang='lat' dir='ltr'>Conventus</span> <span class='ocrx_word' id='word_1_294' title='bbox 1022 1920 1056 1951; x_wconf 87' lang='lat'>&amp;</span> <span class='ocrx_word' id='word_1_295' title='bbox 1071 1918 1279 1950; x_wconf 86' lang='lat' dir='ltr'>Successorum</span> 
     </span>
     <span class='ocr_line' id='line_1_45' title="bbox 209 1957 1278 2004; baseline -0.013 -4"><span class='ocrx_word' id='word_1_296' title='bbox 209 1969 324 2000; x_wconf 87' lang='lat' dir='ltr'>suorum</span> <span class='ocrx_word' id='word_1_297' title='bbox 343 1989 352 2004; x_wconf 89' lang='lat'>‚</span> <span class='ocrx_word' id='word_1_298' title='bbox 377 1974 480 1996; x_wconf 88' lang='lat' dir='ltr'>omnes</span> <span class='ocrx_word' id='word_1_299' title='bbox 501 1973 536 1994; x_wconf 85' lang='lat' dir='ltr'>ac</span> <span class='ocrx_word' id='word_1_300' title='bbox 559 1970 648 1992; x_wconf 86' lang='lat' dir='ltr'>tantas</span> <span class='ocrx_word' id='word_1_301' title='bbox 667 1960 699 1991; x_wconf 75' lang='grc' dir='ltr'>δε</span> <span class='ocrx_word' id='word_1_302' title='bbox 720 1958 879 1996; x_wconf 85' lang='lat' dir='ltr'>hujusmodi</span> <span class='ocrx_word' id='word_1_303' title='bbox 903 1957 1098 1988; x_wconf 89' lang='lat' dir='ltr'>Denariorum</span> <span class='ocrx_word' id='word_1_304' title='bbox 1121 1958 1255 1988; x_wconf 85' lang='lat' dir='ltr'>Summas</span> <span class='ocrx_word' id='word_1_305' title='bbox 1268 1979 1278 1995; x_wconf 83' lang='lat'>‚</span> 
     </span>
     <span class='ocr_line' id='line_1_46' title="bbox 208 1996 1280 2044; baseline -0.011 -7"><span class='ocrx_word' id='word_1_306' title='bbox 208 2017 275 2044; x_wconf 82' lang='lat' dir='ltr'>quae</span> <span class='ocrx_word' id='word_1_307' title='bbox 289 2005 323 2037; x_wconf 91' lang='lat' dir='ltr'>ad</span> <span class='ocrx_word' id='word_1_308' title='bbox 339 2005 409 2035; x_wconf 83' lang='lat' dir='ltr'>Nos</span> <span class='ocrx_word' id='word_1_309' title='bbox 424 2014 472 2041; x_wconf 87' lang='lat' dir='ltr'>per</span> <span class='ocrx_word' id='word_1_310' title='bbox 490 2002 623 2032; x_wconf 88' lang='lat' dir='ltr'>Mortem</span> <span class='ocrx_word' id='word_1_311' title='bbox 639 1998 745 2035; x_wconf 82' lang='lat' dir='ltr'>praefati</span> <span class='ocrx_word' id='word_1_312' title='bbox 761 1996 906 2027; x_wconf 81' lang='lat' dir='ltr'>Willielmi</span> <span class='ocrx_word' id='word_1_313' title='bbox 924 2004 1005 2035; x_wconf 87' lang='lat' dir='ltr'>nuper</span> <span class='ocrx_word' id='word_1_314' title='bbox 1020 1996 1158 2036; x_wconf 78' lang='lat' dir='ltr'>Epifiopi,</span> <span class='ocrx_word' id='word_1_315' title='bbox 1180 1997 1213 2027; x_wconf 67' lang='grc' dir='ltr'>ὅ(</span> <span class='ocrx_word' id='word_1_316' title='bbox 1237 2006 1280 2026; x_wconf 88' lang='lat' dir='ltr'>ra-</span> 
     </span>
     <span class='ocr_line' id='line_1_47' title="bbox 208 2037 1282 2078; baseline -0.01 -1"><span class='ocrx_word' id='word_1_317' title='bbox 208 2047 288 2078; x_wconf 83' lang='lat' dir='ltr'>tione</span> <span class='ocrx_word' id='word_1_318' title='bbox 304 2043 467 2075; x_wconf 80' lang='lat' dir='ltr'>vacationis</span> <span class='ocrx_word' id='word_1_319' title='bbox 481 2037 665 2078; x_wconf 75' lang='lat' dir='ltr'>Episcopatus</span> <span class='ocrx_word' id='word_1_320' title='bbox 682 2038 769 2073; x_wconf 85' lang='lat' dir='ltr'>illius,</span> <span class='ocrx_word' id='word_1_321' title='bbox 787 2037 925 2074; x_wconf 84' lang='lat' dir='ltr'>pertinent</span> <span class='ocrx_word' id='word_1_322' title='bbox 938 2044 985 2065; x_wconf 89' lang='lat' dir='ltr'>aut</span> <span class='ocrx_word' id='word_1_323' title='bbox 1005 2037 1143 2072; x_wconf 90' lang='lat' dir='ltr'>pertinere</span> <span class='ocrx_word' id='word_1_324' title='bbox 1159 2037 1282 2073; x_wconf 87' lang='lat' dir='ltr'>poterint</span> 
     </span>
     <span class='ocr_line' id='line_1_48' title="bbox 209 2073 1281 2119; baseline -0.012 -3"><span class='ocrx_word' id='word_1_325' title='bbox 209 2085 257 2116; x_wconf 89' lang='lat' dir='ltr'>seu</span> <span class='ocrx_word' id='word_1_326' title='bbox 270 2083 419 2113; x_wconf 83' lang='lat' dir='ltr'>debuerint</span> <span class='ocrx_word' id='word_1_327' title='bbox 428 2104 437 2119; x_wconf 95' lang='lat'>,</span> <span class='ocrx_word' id='word_1_328' title='bbox 449 2081 526 2119; x_wconf 65' lang='lat' dir='ltr'>quta</span> <span class='ocrx_word' id='word_1_329' title='bbox 542 2078 647 2109; x_wconf 67' lang='lat' dir='ltr'>Raram</span> <span class='ocrx_word' id='word_1_330' title='bbox 661 2079 783 2106; x_wconf 85' lang='lat' dir='ltr'>Duorum</span> <span class='ocrx_word' id='word_1_331' title='bbox 800 2074 922 2104; x_wconf 85' lang='lat' dir='ltr'>Millium</span> <span class='ocrx_word' id='word_1_332' title='bbox 937 2073 1087 2104; x_wconf 83' lang='lat' dir='ltr'>Librarum</span> <span class='ocrx_word' id='word_1_333' title='bbox 1095 2082 1145 2113; x_wconf 88' lang='lat' dir='ltr'>per</span> <span class='ocrx_word' id='word_1_334' title='bbox 1153 2077 1281 2112; x_wconf 80' lang='lat' dir='ltr'>Annum,</span> 
     </span>
     <span class='ocr_line' id='line_1_49' title="bbox 209 2112 1283 2163; baseline -0.011 -9"><span class='ocrx_word' id='word_1_335' title='bbox 209 2133 264 2163; x_wconf 82' lang='lat' dir='ltr'>pro</span> <span class='ocrx_word' id='word_1_336' title='bbox 281 2121 356 2153; x_wconf 91' lang='lat' dir='ltr'>Rata</span> <span class='ocrx_word' id='word_1_337' title='bbox 370 2119 527 2159; x_wconf 75' lang='lat' dir='ltr'>Temporis</span> <span class='ocrx_word' id='word_1_338' title='bbox 540 2127 598 2154; x_wconf 84' lang='lat' dir='ltr'>quo</span> <span class='ocrx_word' id='word_1_339' title='bbox 612 2115 814 2153; x_wconf 84' lang='lat' dir='ltr'>Episcopatum</span> <span class='ocrx_word' id='word_1_340' title='bbox 832 2112 911 2143; x_wconf 89' lang='lat' dir='ltr'>illum</span> <span class='ocrx_word' id='word_1_341' title='bbox 921 2136 931 2153; x_wconf 94' lang='lat'>,</span> <span class='ocrx_word' id='word_1_342' title='bbox 949 2123 964 2144; x_wconf 93' lang='lat' dir='ltr'>a</span> <span class='ocrx_word' id='word_1_343' title='bbox 977 2122 1108 2149; x_wconf 89' lang='lat' dir='ltr'>tempore</span> <span class='ocrx_word' id='word_1_344' title='bbox 1117 2112 1225 2143; x_wconf 86' lang='lat' dir='ltr'>Mortis</span> <span class='ocrx_word' id='word_1_345' title='bbox 1241 2112 1283 2142; x_wconf 91' lang='lat' dir='ltr'>di-</span> 
     </span>
     <span class='ocr_line' id='line_1_50' title="bbox 212 2151 1283 2225; baseline -0.008 -34"><span class='ocrx_word' id='word_1_346' title='bbox 212 2163 254 2194; x_wconf 65' lang='lat' dir='ltr'>&amp;i</span> <span class='ocrx_word' id='word_1_347' title='bbox 271 2163 310 2191; x_wconf 89' lang='lat' dir='ltr'><em>W</em></span> <span class='ocrx_word' id='word_1_348' title='bbox 313 2159 416 2190; x_wconf 76' lang='lat' dir='ltr'>illielrm&#39;</span> <span class='ocrx_word' id='word_1_349' title='bbox 430 2166 511 2196; x_wconf 82' lang='lat' dir='ltr'>nuper</span> <span class='ocrx_word' id='word_1_350' title='bbox 526 2155 663 2225; x_wconf 45' lang='lat' dir='ltr'>Epffcopi,</span> <span class='ocrx_word' id='word_1_351' title='bbox 683 2163 732 2191; x_wconf 89' lang='lat' dir='ltr'>per</span> <span class='ocrx_word' id='word_1_352' title='bbox 747 2153 838 2183; x_wconf 86' lang='lat' dir='ltr'>minus</span> <span class='ocrx_word' id='word_1_353' title='bbox 853 2152 897 2181; x_wconf 90' lang='lat' dir='ltr'>vel</span> <span class='ocrx_word' id='word_1_354' title='bbox 922 2152 1010 2189; x_wconf 90' lang='lat' dir='ltr'>majus</span> <span class='ocrx_word' id='word_1_355' title='bbox 1031 2151 1162 2190; x_wconf 87' lang='lat' dir='ltr'>Tempus</span> <span class='ocrx_word' id='word_1_356' title='bbox 1184 2161 1283 2182; x_wconf 87' lang='lat' dir='ltr'>vacare</span> 
     </span>
     <span class='ocr_line' id='line_1_51' title="bbox 212 2189 1286 2238; baseline -0.01 -7"><span class='ocrx_word' id='word_1_357' title='bbox 212 2200 364 2238; x_wconf 80' lang='lat' dir='ltr'>contigerit</span> <span class='ocrx_word' id='word_1_358' title='bbox 373 2222 382 2236; x_wconf 85' lang='lat'>‚</span> <span class='ocrx_word' id='word_1_359' title='bbox 399 2198 432 2229; x_wconf 79' lang='grc' dir='ltr'>ὃ(</span> <span class='ocrx_word' id='word_1_360' title='bbox 447 2205 536 2228; x_wconf 82' lang='lat' dir='ltr'>omne</span> <span class='ocrx_word' id='word_1_361' title='bbox 552 2197 558 2224; x_wconf 92' lang='lat' dir='ltr'>i</span> <span class='ocrx_word' id='word_1_362' title='bbox 595 2192 673 2232; x_wconf 87' lang='lat' dir='ltr'>quod</span> <span class='ocrx_word' id='word_1_363' title='bbox 687 2191 725 2222; x_wconf 62' lang='lat' dir='ltr'>ad‘</span> <span class='ocrx_word' id='word_1_364' title='bbox 738 2192 805 2223; x_wconf 87' lang='lat' dir='ltr'>Nos</span> <span class='ocrx_word' id='word_1_365' title='bbox 817 2190 854 2221; x_wconf 87' lang='lat' dir='ltr'>de</span> <span class='ocrx_word' id='word_1_366' title='bbox 868 2190 980 2220; x_wconf 77' lang='lat' dir='ltr'>Duobus</span> <span class='ocrx_word' id='word_1_367' title='bbox 991 2189 1117 2220; x_wconf 80' lang='lat' dir='ltr'>Millibus</span> <span class='ocrx_word' id='word_1_368' title='bbox 1134 2190 1286 2220; x_wconf 85' lang='lat' dir='ltr'>Librarum</span> 
     </span>
     <span class='ocr_line' id='line_1_52' title="bbox 211 2229 1284 2278; baseline -0.009 -8"><span class='ocrx_word' id='word_1_369' title='bbox 211 2239 374 2278; x_wconf 63' lang='lat' dir='ltr'>praedietis,</span> <span class='ocrx_word' id='word_1_370' title='bbox 392 2235 543 2267; x_wconf 81' lang='lat' dir='ltr'>occasione</span> <span class='ocrx_word' id='word_1_371' title='bbox 565 2232 726 2264; x_wconf 84' lang='lat' dir='ltr'>Vacationis</span> <span class='ocrx_word' id='word_1_372' title='bbox 746 2229 913 2269; x_wconf 69' lang='lat' dir='ltr'>praedietae,</span> <span class='ocrx_word' id='word_1_373' title='bbox 933 2230 1052 2267; x_wconf 84' lang='lat' dir='ltr'>pertinet</span> <span class='ocrx_word' id='word_1_374' title='bbox 1074 2239 1122 2260; x_wconf 84' lang='lat' dir='ltr'>aut</span> <span class='ocrx_word' id='word_1_375' title='bbox 1145 2231 1284 2268; x_wconf 87' lang='lat' dir='ltr'>pertinere</span> 
     </span>
     <span class='ocr_line' id='line_1_53' title="bbox 213 2275 490 2309; baseline -0.018 0"><span class='ocrx_word' id='word_1_376' title='bbox 213 2277 315 2309; x_wconf 70' lang='lat' dir='ltr'>debeat</span> <span class='ocrx_word' id='word_1_377' title='bbox 328 2277 373 2307; x_wconf 90' lang='lat' dir='ltr'>seu</span> <span class='ocrx_word' id='word_1_378' title='bbox 439 2275 490 2306; x_wconf 89' lang='lat' dir='ltr'>erit</span> 
     </span>
    </p>

    <p class='ocr_par' dir='ltr' id='par_1_16' title="bbox 210 2283 1288 2396">
     <span class='ocr_line' id='line_1_54' title="bbox 254 2283 1287 2352; baseline -0.012 -5"><span class='ocrx_word' id='word_1_379' title='bbox 254 2283 594 2352; x_wconf 48' lang='lat' dir='ltr'>HabendalsinTenendas</span> <span class='ocrx_word' id='word_1_380' title='bbox 604 2333 615 2349; x_wconf 88' lang='lat'>,</span> <span class='ocrx_word' id='word_1_381' title='bbox 631 2310 664 2341; x_wconf 89' lang='lat'>&amp;</span> <span class='ocrx_word' id='word_1_382' title='bbox 688 2307 888 2347; x_wconf 77' lang='lat' dir='ltr'>percipiendas</span> <span class='ocrx_word' id='word_1_383' title='bbox 904 2306 1008 2337; x_wconf 79' lang='lat' dir='ltr'>eisdem</span> <span class='ocrx_word' id='word_1_384' title='bbox 1023 2329 1033 2345; x_wconf 96' lang='lat'>,</span> <span class='ocrx_word' id='word_1_385' title='bbox 1051 2305 1202 2337; x_wconf 74' lang='lat' dir='ltr'>Willielmo</span> <span class='ocrx_word' id='word_1_386' title='bbox 1223 2310 1287 2337; x_wconf 87' lang='lat' dir='ltr'>Ha-</span> 
     </span>
     <span class='ocr_line' id='line_1_55' title="bbox 210 2345 1288 2396; baseline -0.011 -11"><span class='ocrx_word' id='word_1_387' title='bbox 210 2355 315 2396; x_wconf 65' lang='lat' dir='ltr'>styngex</span> <span class='ocrx_word' id='word_1_388' title='bbox 327 2377 337 2393; x_wconf 92' lang='lat'>,</span> <span class='ocrx_word' id='word_1_389' title='bbox 355 2353 462 2384; x_wconf 83' lang='lat' dir='ltr'>Thomae</span> <span class='ocrx_word' id='word_1_390' title='bbox 486 2350 581 2389; x_wconf 82' lang='lat' dir='ltr'>Burgh</span> <span class='ocrx_word' id='word_1_391' title='bbox 596 2373 606 2389; x_wconf 89' lang='lat'>,</span> <span class='ocrx_word' id='word_1_392' title='bbox 624 2350 657 2380; x_wconf 71' lang='grc' dir='ltr'>ὃ(</span> <span class='ocrx_word' id='word_1_393' title='bbox 677 2348 784 2378; x_wconf 87' lang='lat' dir='ltr'>Thomae</span> <span class='ocrx_word' id='word_1_394' title='bbox 805 2345 957 2389; x_wconf 26' lang='lat' dir='ltr'>Seyntlelger</span> <span class='ocrx_word' id='word_1_395' title='bbox 972 2368 981 2384; x_wconf 88' lang='lat'>,</span> <span class='ocrx_word' id='word_1_396' title='bbox 1008 2346 1041 2376; x_wconf 91' lang='lat'>&amp;</span> <span class='ocrx_word' id='word_1_397' title='bbox 1063 2345 1213 2384; x_wconf 83' lang='lat' dir='ltr'>Affignatis</span> <span class='ocrx_word' id='word_1_398' title='bbox 1235 2346 1288 2377; x_wconf 85' lang='lat' dir='ltr'>suis</span> 
     </span>
    </p>

    <p class='ocr_par' dir='ltr' id='par_1_17' title="bbox 239 2385 1289 2425">
     <span class='ocr_line' id='line_1_56' title="bbox 239 2385 1289 2425; baseline -0.01 0"><span class='ocrx_word' id='word_1_399' title='bbox 239 2395 359 2425; x_wconf 70' lang='lat' dir='ltr'>raedi&#39;ctis</span> <span class='ocrx_word' id='word_1_400' title='bbox 395 2392 430 2423; x_wconf 87' lang='lat' dir='ltr'>de</span> <span class='ocrx_word' id='word_1_401' title='bbox 451 2391 544 2422; x_wconf 91' lang='lat' dir='ltr'>Dono</span> <span class='ocrx_word' id='word_1_402' title='bbox 566 2387 681 2425; x_wconf 87' lang='lat' dir='ltr'>nostro,</span> <span class='ocrx_word' id='word_1_403' title='bbox 699 2387 774 2418; x_wconf 73' lang='lat' dir='ltr'>adeo</span> <span class='ocrx_word' id='word_1_404' title='bbox 799 2386 882 2425; x_wconf 79' lang='lat' dir='ltr'>plene</span> <span class='ocrx_word' id='word_1_405' title='bbox 907 2386 1016 2423; x_wconf 75' lang='lat' dir='ltr'>integre</span> <span class='ocrx_word' id='word_1_406' title='bbox 1035 2385 1068 2415; x_wconf 89' lang='lat'>&amp;</span> <span class='ocrx_word' id='word_1_407' title='bbox 1090 2385 1178 2415; x_wconf 79' lang='lat' dir='ltr'>libere</span> <span class='ocrx_word' id='word_1_408' title='bbox 1203 2394 1289 2423; x_wconf 87' lang='lat' dir='ltr'>prout</span> 
     </span>
    </p>

    <p class='ocr_par' dir='ltr' id='par_1_18' title="bbox 216 2415 1289 2542">
     <span class='ocr_line' id='line_1_57' title="bbox 255 2415 1289 2466; baseline -0.009 -3"><span class='ocrx_word' id='word_1_409' title='bbox 255 2443 287 2463; x_wconf 91' lang='lat' dir='ltr'>os</span> <span class='ocrx_word' id='word_1_410' title='bbox 302 2432 347 2462; x_wconf 93' lang='lat' dir='ltr'>vel</span> <span class='ocrx_word' id='word_1_411' title='bbox 360 2415 496 2461; x_wconf 61' lang='lat' dir='ltr'>siferedoe</span> <span class='ocrx_word' id='word_1_412' title='bbox 512 2428 617 2465; x_wconf 90' lang='lat' dir='ltr'>nostri,</span> <span class='ocrx_word' id='word_1_413' title='bbox 632 2426 782 2457; x_wconf 76' lang='lat' dir='ltr'>occasione</span> <span class='ocrx_word' id='word_1_414' title='bbox 806 2423 966 2466; x_wconf 73' lang='lat' dir='ltr'>hujusmodi</span> <span class='ocrx_word' id='word_1_415' title='bbox 981 2422 1143 2454; x_wconf 89' lang='lat' dir='ltr'>Vacationis</span> <span class='ocrx_word' id='word_1_416' title='bbox 1167 2423 1289 2461; x_wconf 84' lang='lat' dir='ltr'>Episco-</span> 
     </span>
     <span class='ocr_line' id='line_1_58' title="bbox 216 2460 1288 2511; baseline -0.008 -9"><span class='ocrx_word' id='word_1_417' title='bbox 216 2470 299 2511; x_wconf 72' lang='lat' dir='ltr'>patus</span> <span class='ocrx_word' id='word_1_418' title='bbox 312 2470 455 2507; x_wconf 66' lang='lat' dir='ltr'>praedicti,</span> <span class='ocrx_word' id='word_1_419' title='bbox 473 2468 638 2509; x_wconf 74' lang='lat' dir='ltr'>haberemus</span> <span class='ocrx_word' id='word_1_420' title='bbox 649 2473 697 2496; x_wconf 85' lang='lat' dir='ltr'>aut</span> <span class='ocrx_word' id='word_1_421' title='bbox 715 2464 931 2502; x_wconf 86' lang='lat' dir='ltr'>perciperemus</span> <span class='ocrx_word' id='word_1_422' title='bbox 950 2464 969 2492; x_wconf 81' lang='lat' dir='ltr'>ii</span> <span class='ocrx_word' id='word_1_423' title='bbox 993 2461 1114 2500; x_wconf 70' lang='lat' dir='ltr'>praesens</span> <span class='ocrx_word' id='word_1_424' title='bbox 1131 2460 1288 2494; x_wconf 82' lang='lat' dir='ltr'>Conceffio</span> 
     </span>
     <span class='ocr_line' id='line_1_59' title="bbox 216 2506 596 2542; baseline -0.013 -1"><span class='ocrx_word' id='word_1_425' title='bbox 216 2509 311 2542; x_wconf 81' lang='lat' dir='ltr'>nostra</span> <span class='ocrx_word' id='word_1_426' title='bbox 324 2509 395 2540; x_wconf 63' lang='lat' dir='ltr'>fasta</span> <span class='ocrx_word' id='word_1_427' title='bbox 406 2517 469 2537; x_wconf 82' lang='lat' dir='ltr'>non</span> <span class='ocrx_word' id='word_1_428' title='bbox 488 2506 596 2542; x_wconf 79' lang='lat' dir='ltr'>fuisset,</span> 
     </span>
    </p>

    <p class='ocr_par' dir='ltr' id='par_1_19' title="bbox 219 2539 1301 3242">
     <span class='ocr_line' id='line_1_60' title="bbox 257 2539 1290 2584; baseline -0.01 -5"><span class='ocrx_word' id='word_1_429' title='bbox 257 2548 295 2579; x_wconf 86' lang='lat' dir='ltr'>Et</span> <span class='ocrx_word' id='word_1_430' title='bbox 316 2547 425 2584; x_wconf 88' lang='lat' dir='ltr'>insuper</span> <span class='ocrx_word' id='word_1_431' title='bbox 441 2568 451 2584; x_wconf 93' lang='lat'>,</span> <span class='ocrx_word' id='word_1_432' title='bbox 476 2544 512 2574; x_wconf 91' lang='lat' dir='ltr'>de</span> <span class='ocrx_word' id='word_1_433' title='bbox 529 2543 628 2574; x_wconf 84' lang='lat' dir='ltr'>Gratia</span> <span class='ocrx_word' id='word_1_434' title='bbox 644 2541 740 2572; x_wconf 88' lang='lat' dir='ltr'>nostra</span> <span class='ocrx_word' id='word_1_435' title='bbox 757 2540 867 2579; x_wconf 86' lang='lat' dir='ltr'>speciali</span> <span class='ocrx_word' id='word_1_436' title='bbox 884 2564 894 2578; x_wconf 97' lang='lat'>,</span> <span class='ocrx_word' id='word_1_437' title='bbox 920 2550 954 2571; x_wconf 89' lang='lat' dir='ltr'>ac</span> <span class='ocrx_word' id='word_1_438' title='bbox 969 2549 1004 2570; x_wconf 85' lang='lat' dir='ltr'>ex</span> <span class='ocrx_word' id='word_1_439' title='bbox 1020 2549 1095 2571; x_wconf 86' lang='lat' dir='ltr'>certa</span> <span class='ocrx_word' id='word_1_440' title='bbox 1114 2539 1236 2571; x_wconf 89' lang='lat' dir='ltr'>Scientia</span> <span class='ocrx_word' id='word_1_441' title='bbox 1257 2540 1290 2571; x_wconf 74' lang='grc' dir='ltr'>ὃ(</span> 
     </span>
     <span class='ocr_line' id='line_1_61' title="bbox 220 2578 1293 2619; baseline -0.009 -1"><span class='ocrx_word' id='word_1_442' title='bbox 220 2597 305 2618; x_wconf 86' lang='lat' dir='ltr'>mero</span> <span class='ocrx_word' id='word_1_443' title='bbox 328 2585 415 2616; x_wconf 75' lang='lat' dir='ltr'>Moru</span> <span class='ocrx_word' id='word_1_444' title='bbox 435 2583 534 2613; x_wconf 86' lang='lat' dir='ltr'>nostris</span> <span class='ocrx_word' id='word_1_445' title='bbox 551 2581 709 2619; x_wconf 70' lang='lat' dir='ltr'>praediffis,</span> <span class='ocrx_word' id='word_1_446' title='bbox 727 2580 838 2610; x_wconf 89' lang='lat' dir='ltr'>Damus</span> <span class='ocrx_word' id='word_1_447' title='bbox 858 2580 891 2610; x_wconf 66' lang='grc' dir='ltr'>ὅ(</span> <span class='ocrx_word' id='word_1_448' title='bbox 911 2578 1128 2617; x_wconf 84' lang='lat' dir='ltr'>Concedimus,</span> <span class='ocrx_word' id='word_1_449' title='bbox 1147 2589 1200 2616; x_wconf 91' lang='lat' dir='ltr'>pro</span> <span class='ocrx_word' id='word_1_450' title='bbox 1221 2579 1293 2610; x_wconf 89' lang='lat' dir='ltr'>No·</span> 
     </span>
     <span class='ocr_line' id='line_1_62' title="bbox 221 2617 1294 2658; baseline -0.009 -1"><span class='ocrx_word' id='word_1_451' title='bbox 221 2627 264 2657; x_wconf 88' lang='lat' dir='ltr'>bis</span> <span class='ocrx_word' id='word_1_452' title='bbox 286 2627 319 2656; x_wconf 92' lang='lat'>&amp;</span> <span class='ocrx_word' id='word_1_453' title='bbox 339 2623 511 2654; x_wconf 83' lang='lat' dir='ltr'>Haeredibus</span> <span class='ocrx_word' id='word_1_454' title='bbox 527 2620 628 2651; x_wconf 88' lang='lat' dir='ltr'>nostris</span> <span class='ocrx_word' id='word_1_455' title='bbox 646 2619 788 2658; x_wconf 76' lang='lat' dir='ltr'>praediCtis</span> <span class='ocrx_word' id='word_1_456' title='bbox 804 2642 814 2654; x_wconf 91' lang='lat'>,</span> <span class='ocrx_word' id='word_1_457' title='bbox 842 2617 979 2655; x_wconf 79' lang='lat' dir='ltr'>praefatis,</span> <span class='ocrx_word' id='word_1_458' title='bbox 1004 2617 1155 2647; x_wconf 84' lang='lat' dir='ltr'>Willielmo</span> <span class='ocrx_word' id='word_1_459' title='bbox 1172 2617 1294 2658; x_wconf 82' lang='lat' dir='ltr'>Hastyn-</span> 
     </span>
     <span class='ocr_line' id='line_1_63' title="bbox 219 2655 1292 2703; baseline -0.007 -9"><span class='ocrx_word' id='word_1_460' title='bbox 219 2676 282 2703; x_wconf 79' lang='lat' dir='ltr'>ges,</span> <span class='ocrx_word' id='word_1_461' title='bbox 301 2662 407 2693; x_wconf 83' lang='lat' dir='ltr'>Thomae</span> <span class='ocrx_word' id='word_1_462' title='bbox 428 2659 537 2698; x_wconf 84' lang='lat' dir='ltr'>Burgh,</span> <span class='ocrx_word' id='word_1_463' title='bbox 553 2660 586 2690; x_wconf 90' lang='lat'>&amp;</span> <span class='ocrx_word' id='word_1_464' title='bbox 602 2657 710 2688; x_wconf 79' lang='lat' dir='ltr'>Thomae</span> <span class='ocrx_word' id='word_1_465' title='bbox 730 2656 882 2697; x_wconf 84' lang='lat' dir='ltr'>Seyntleger</span> <span class='ocrx_word' id='word_1_466' title='bbox 894 2678 902 2692; x_wconf 96' lang='lat'>,</span> <span class='ocrx_word' id='word_1_467' title='bbox 927 2657 961 2686; x_wconf 92' lang='lat'>&amp;</span> <span class='ocrx_word' id='word_1_468' title='bbox 981 2655 1132 2694; x_wconf 75' lang='lat' dir='ltr'>Astignatis</span> <span class='ocrx_word' id='word_1_469' title='bbox 1149 2656 1202 2686; x_wconf 87' lang='lat' dir='ltr'>suis</span> <span class='ocrx_word' id='word_1_470' title='bbox 1219 2666 1292 2693; x_wconf 80' lang='lat' dir='ltr'>prae-</span> 
     </span>
     <span class='ocr_line' id='line_1_64' title="bbox 223 2693 1293 2740; baseline -0.009 -7"><span class='ocrx_word' id='word_1_471' title='bbox 223 2703 305 2733; x_wconf 66' lang='lat' dir='ltr'>dietis</span> <span class='ocrx_word' id='word_1_472' title='bbox 320 2724 330 2740; x_wconf 92' lang='lat'>,</span> <span class='ocrx_word' id='word_1_473' title='bbox 359 2701 457 2732; x_wconf 88' lang='lat' dir='ltr'>omnia</span> <span class='ocrx_word' id='word_1_474' title='bbox 484 2702 517 2730; x_wconf 86' lang='lat'>&amp;</span> <span class='ocrx_word' id='word_1_475' title='bbox 542 2695 714 2727; x_wconf 89' lang='lat' dir='ltr'>omnimoda</span> <span class='ocrx_word' id='word_1_476' title='bbox 734 2695 827 2726; x_wconf 86' lang='lat' dir='ltr'>Feoda</span> <span class='ocrx_word' id='word_1_477' title='bbox 848 2693 977 2724; x_wconf 84' lang='lat' dir='ltr'>Militum</span> <span class='ocrx_word' id='word_1_478' title='bbox 990 2716 999 2731; x_wconf 95' lang='lat'>‚</span> <span class='ocrx_word' id='word_1_479' title='bbox 1025 2703 1088 2731; x_wconf 81' lang='lat' dir='ltr'>quae</span> <span class='ocrx_word' id='word_1_480' title='bbox 1107 2702 1239 2724; x_wconf 79' lang='lat' dir='ltr'>tenentur</span> <span class='ocrx_word' id='word_1_481' title='bbox 1258 2694 1293 2724; x_wconf 88' lang='lat' dir='ltr'>de</span> 
     </span>
     <span class='ocr_line' id='line_1_65' title="bbox 223 2731 1294 2779; baseline -0.011 -6"><span class='ocrx_word' id='word_1_482' title='bbox 223 2741 397 2779; x_wconf 85' lang='lat' dir='ltr'>Episcopatu</span> <span class='ocrx_word' id='word_1_483' title='bbox 415 2737 570 2776; x_wconf 70' lang='lat' dir='ltr'>praediifito,</span> <span class='ocrx_word' id='word_1_484' title='bbox 588 2745 622 2765; x_wconf 86' lang='lat' dir='ltr'>ac</span> <span class='ocrx_word' id='word_1_485' title='bbox 644 2734 855 2765; x_wconf 85' lang='lat' dir='ltr'>Advocationes</span> <span class='ocrx_word' id='word_1_486' title='bbox 878 2731 1086 2769; x_wconf 85' lang='lat' dir='ltr'>Ecclesiarum,</span> <span class='ocrx_word' id='word_1_487' title='bbox 1102 2731 1294 2771; x_wconf 86' lang='lat' dir='ltr'>Capellarum,</span> 
     </span>
     <span class='ocr_line' id='line_1_66' title="bbox 224 2769 1296 2816; baseline -0.01 -5"><span class='ocrx_word' id='word_1_488' title='bbox 224 2780 442 2816; x_wconf 85' lang='lat' dir='ltr'>Cantariarurn,</span> <span class='ocrx_word' id='word_1_489' title='bbox 470 2774 679 2813; x_wconf 88' lang='lat' dir='ltr'>Hospitalium,</span> <span class='ocrx_word' id='word_1_490' title='bbox 701 2774 735 2803; x_wconf 87' lang='lat'>&amp;</span> <span class='ocrx_word' id='word_1_491' title='bbox 755 2772 874 2802; x_wconf 87' lang='lat' dir='ltr'>aliorum</span> <span class='ocrx_word' id='word_1_492' title='bbox 895 2770 1103 2801; x_wconf 77' lang='lat' dir='ltr'>Beneficiorum</span> <span class='ocrx_word' id='word_1_493' title='bbox 1123 2769 1296 2801; x_wconf 83' lang='lat' dir='ltr'>Ecclesiasti-</span> 
     </span>
     <span class='ocr_line' id='line_1_67' title="bbox 226 2809 1295 2856; baseline -0.011 -6"><span class='ocrx_word' id='word_1_494' title='bbox 226 2827 330 2850; x_wconf 88' lang='lat' dir='ltr'>corum</span> <span class='ocrx_word' id='word_1_495' title='bbox 353 2823 605 2856; x_wconf 87' lang='lat' dir='ltr'>quorumcumque</span> <span class='ocrx_word' id='word_1_496' title='bbox 622 2836 631 2849; x_wconf 86' lang='lat'><strong>‚</strong></span> <span class='ocrx_word' id='word_1_497' title='bbox 656 2813 689 2843; x_wconf 89' lang='lat'>&amp;</span> <span class='ocrx_word' id='word_1_498' title='bbox 716 2810 842 2841; x_wconf 87' lang='lat' dir='ltr'>Escaetas</span> <span class='ocrx_word' id='word_1_499' title='bbox 866 2809 1023 2840; x_wconf 86' lang='lat' dir='ltr'>Terrarum</span> <span class='ocrx_word' id='word_1_500' title='bbox 1040 2810 1073 2840; x_wconf 92' lang='lat'>&amp;</span> <span class='ocrx_word' id='word_1_501' title='bbox 1093 2809 1295 2839; x_wconf 80' lang='lat' dir='ltr'>Tenemento-</span> 
     </span>
     <span class='ocr_line' id='line_1_68' title="bbox 226 2848 1296 2894; baseline -0.011 -5"><span class='ocrx_word' id='word_1_502' title='bbox 226 2868 292 2889; x_wconf 87' lang='lat' dir='ltr'>rum</span> <span class='ocrx_word' id='word_1_503' title='bbox 309 2881 319 2894; x_wconf 92' lang='lat'>,</span> <span class='ocrx_word' id='word_1_504' title='bbox 344 2867 378 2887; x_wconf 89' lang='lat' dir='ltr'>ac</span> <span class='ocrx_word' id='word_1_505' title='bbox 394 2854 546 2886; x_wconf 86' lang='lat' dir='ltr'>Bonorum</span> <span class='ocrx_word' id='word_1_506' title='bbox 564 2853 597 2884; x_wconf 92' lang='lat'>&amp;</span> <span class='ocrx_word' id='word_1_507' title='bbox 614 2850 793 2882; x_wconf 87' lang='lat' dir='ltr'>Catallorurn</span> <span class='ocrx_word' id='word_1_508' title='bbox 812 2857 1067 2886; x_wconf 81' lang='lat' dir='ltr'>quorumcumque</span> <span class='ocrx_word' id='word_1_509' title='bbox 1080 2872 1089 2884; x_wconf 96' lang='lat'>,</span> <span class='ocrx_word' id='word_1_510' title='bbox 1116 2857 1187 2878; x_wconf 89' lang='lat' dir='ltr'>cum</span> <span class='ocrx_word' id='word_1_511' title='bbox 1206 2848 1296 2879; x_wconf 91' lang='lat' dir='ltr'>Perti-</span> 
     </span>
     <span class='ocr_line' id='line_1_69' title="bbox 226 2887 1296 2933; baseline -0.01 -6"><span class='ocrx_word' id='word_1_512' title='bbox 226 2898 327 2929; x_wconf 83' lang='lat' dir='ltr'>neritiis</span> <span class='ocrx_word' id='word_1_513' title='bbox 342 2917 351 2933; x_wconf 92' lang='lat'>,</span> <span class='ocrx_word' id='word_1_514' title='bbox 371 2893 508 2932; x_wconf 69' lang='lat' dir='ltr'>praedi&amp;0</span> <span class='ocrx_word' id='word_1_515' title='bbox 527 2890 713 2929; x_wconf 85' lang='lat' dir='ltr'>Episcopatui</span> <span class='ocrx_word' id='word_1_516' title='bbox 732 2888 836 2919; x_wconf 88' lang='lat' dir='ltr'>Elienfi</span> <span class='ocrx_word' id='word_1_517' title='bbox 854 2888 1101 2924; x_wconf 78' lang='lat' dir='ltr'>qualitercumque</span> <span class='ocrx_word' id='word_1_518' title='bbox 1120 2887 1296 2924; x_wconf 73' lang='lat' dir='ltr'>pertinentia,</span> 
     </span>
     <span class='ocr_line' id='line_1_70' title="bbox 228 2925 1297 2975; baseline -0.011 -9"><span class='ocrx_word' id='word_1_519' title='bbox 228 2935 398 2975; x_wconf 67' lang='lat' dir='ltr'>speeiantia,</span> <span class='ocrx_word' id='word_1_520' title='bbox 417 2932 474 2962; x_wconf 88' lang='lat' dir='ltr'>five</span> <span class='ocrx_word' id='word_1_521' title='bbox 488 2929 702 2964; x_wconf 83' lang='lat' dir='ltr'>incumbentia,</span> <span class='ocrx_word' id='word_1_522' title='bbox 721 2938 753 2957; x_wconf 91' lang='lat' dir='ltr'>ac</span> <span class='ocrx_word' id='word_1_523' title='bbox 771 2926 947 2958; x_wconf 80' lang='lat' dir='ltr'>Custodiam</span> <span class='ocrx_word' id='word_1_524' title='bbox 962 2926 1101 2956; x_wconf 88' lang='lat' dir='ltr'>omnium</span> <span class='ocrx_word' id='word_1_525' title='bbox 1114 2925 1297 2964; x_wconf 85' lang='lat' dir='ltr'>eorumdem,</span> 
     </span>
     <span class='ocr_line' id='line_1_71' title="bbox 228 2963 1297 3012; baseline -0.012 -9"><span class='ocrx_word' id='word_1_526' title='bbox 228 2983 294 3012; x_wconf 85' lang='lat' dir='ltr'>quae</span> <span class='ocrx_word' id='word_1_527' title='bbox 313 2983 362 3011; x_wconf 88' lang='lat' dir='ltr'>pei·</span> <span class='ocrx_word' id='word_1_528' title='bbox 384 2970 517 3001; x_wconf 83' lang='lat' dir='ltr'>Mortem</span> <span class='ocrx_word' id='word_1_529' title='bbox 535 2968 605 2998; x_wconf 68' lang='lat' dir='ltr'>dieti</span> <span class='ocrx_word' id='word_1_530' title='bbox 627 2965 773 2997; x_wconf 86' lang='lat' dir='ltr'>Willielmi</span> <span class='ocrx_word' id='word_1_531' title='bbox 787 2973 870 3003; x_wconf 81' lang='lat' dir='ltr'>nuper</span> <span class='ocrx_word' id='word_1_532' title='bbox 888 2963 1010 3004; x_wconf 79' lang='lat' dir='ltr'>Epifiopi</span> <span class='ocrx_word' id='word_1_533' title='bbox 1027 2987 1037 3002; x_wconf 86' lang='lat'>‚</span> <span class='ocrx_word' id='word_1_534' title='bbox 1061 2963 1179 2995; x_wconf 83' lang='lat' dir='ltr'>durante</span> <span class='ocrx_word' id='word_1_535' title='bbox 1205 2963 1297 2994; x_wconf 85' lang='lat' dir='ltr'>Vaca-</span> 
     </span>
     <span class='ocr_line' id='line_1_72' title="bbox 230 3002 1295 3049; baseline -0.01 -5"><span class='ocrx_word' id='word_1_536' title='bbox 230 3015 308 3044; x_wconf 87' lang='lat' dir='ltr'>tione</span> <span class='ocrx_word' id='word_1_537' title='bbox 323 3008 486 3049; x_wconf 86' lang='lat' dir='ltr'>hujusmodi</span> <span class='ocrx_word' id='word_1_538' title='bbox 505 3007 629 3044; x_wconf 82' lang='lat' dir='ltr'>ejusdem</span> <span class='ocrx_word' id='word_1_539' title='bbox 647 3002 831 3043; x_wconf 73' lang='lat' dir='ltr'>Episcopatus</span> <span class='ocrx_word' id='word_1_540' title='bbox 845 3027 856 3042; x_wconf 95' lang='lat'>,</span> <span class='ocrx_word' id='word_1_541' title='bbox 881 3004 916 3033; x_wconf 88' lang='lat' dir='ltr'>ad</span> <span class='ocrx_word' id='word_1_542' title='bbox 936 3003 1043 3034; x_wconf 84' lang='lat' dir='ltr'>Manus</span> <span class='ocrx_word' id='word_1_543' title='bbox 1061 3002 1167 3033; x_wconf 86' lang='lat' dir='ltr'>nostras</span> <span class='ocrx_word' id='word_1_544' title='bbox 1186 3002 1242 3032; x_wconf 87' lang='lat' dir='ltr'>five</span> <span class='ocrx_word' id='word_1_545' title='bbox 1260 3003 1295 3033; x_wconf 90' lang='lat' dir='ltr'>ad</span> 
     </span>
     <span class='ocr_line' id='line_1_73' title="bbox 230 3040 1298 3084; baseline -0.01 -1"><span class='ocrx_word' id='word_1_546' title='bbox 230 3051 297 3084; x_wconf 79' lang='lat' dir='ltr'>Nos</span> <span class='ocrx_word' id='word_1_547' title='bbox 314 3051 491 3081; x_wconf 80' lang='lat' dir='ltr'>devenerunt</span> <span class='ocrx_word' id='word_1_548' title='bbox 505 3055 552 3076; x_wconf 89' lang='lat' dir='ltr'>aut</span> <span class='ocrx_word' id='word_1_549' title='bbox 570 3045 750 3080; x_wconf 88' lang='lat' dir='ltr'>acciderunt,</span> <span class='ocrx_word' id='word_1_550' title='bbox 773 3042 818 3073; x_wconf 90' lang='lat' dir='ltr'>seu</span> <span class='ocrx_word' id='word_1_551' title='bbox 837 3042 971 3073; x_wconf 77' lang='lat' dir='ltr'>devenire</span> <span class='ocrx_word' id='word_1_552' title='bbox 985 3049 1032 3072; x_wconf 92' lang='lat' dir='ltr'>aut</span> <span class='ocrx_word' id='word_1_553' title='bbox 1046 3040 1174 3071; x_wconf 89' lang='lat' dir='ltr'>accidere</span> <span class='ocrx_word' id='word_1_554' title='bbox 1191 3041 1298 3072; x_wconf 85' lang='lat' dir='ltr'>debue-</span> 
     </span>
     <span class='ocr_line' id='line_1_74' title="bbox 230 3080 1297 3126; baseline -0.01 -5"><span class='ocrx_word' id='word_1_555' title='bbox 230 3099 315 3126; x_wconf 88' lang='lat' dir='ltr'>runt,</span> <span class='ocrx_word' id='word_1_556' title='bbox 339 3088 465 3126; x_wconf 83' lang='lat' dir='ltr'>debent,</span> <span class='ocrx_word' id='word_1_557' title='bbox 489 3093 535 3114; x_wconf 91' lang='lat' dir='ltr'>aut</span> <span class='ocrx_word' id='word_1_558' title='bbox 554 3083 718 3120; x_wconf 85' lang='lat' dir='ltr'>debebunt,</span> <span class='ocrx_word' id='word_1_559' title='bbox 743 3082 788 3112; x_wconf 83' lang='lat' dir='ltr'>seu</span> <span class='ocrx_word' id='word_1_560' title='bbox 804 3081 955 3111; x_wconf 83' lang='lat' dir='ltr'>devenient</span> <span class='ocrx_word' id='word_1_561' title='bbox 1004 3090 1020 3110; x_wconf 95' lang='lat' dir='ltr'>a</span> <span class='ocrx_word' id='word_1_562' title='bbox 1039 3088 1171 3118; x_wconf 90' lang='lat' dir='ltr'>tempore</span> <span class='ocrx_word' id='word_1_563' title='bbox 1192 3080 1297 3111; x_wconf 81' lang='lat' dir='ltr'>Mortis</span> 
     </span>
     <span class='ocr_line' id='line_1_75' title="bbox 231 3102 1300 3166; baseline -0.01 -7"><span class='ocrx_word' id='word_1_564' title='bbox 231 3129 356 3166; x_wconf 82' lang='lat' dir='ltr'>ejusdem</span> <span class='ocrx_word' id='word_1_565' title='bbox 372 3134 454 3164; x_wconf 85' lang='lat' dir='ltr'>nuper</span> <span class='ocrx_word' id='word_1_566' title='bbox 471 3124 608 3162; x_wconf 79' lang='lat' dir='ltr'>Episcopi,</span> <span class='ocrx_word' id='word_1_567' title='bbox 625 3121 744 3151; x_wconf 82' lang='lat' dir='ltr'>durante</span> <span class='ocrx_word' id='word_1_568' title='bbox 765 3119 925 3153; x_wconf 82' lang='lat' dir='ltr'>huiusmodi</span> <span class='ocrx_word' id='word_1_569' title='bbox 944 3102 1101 3150; x_wconf 59' lang='lat' dir='ltr'>V’acatione</span> <span class='ocrx_word' id='word_1_570' title='bbox 1115 3118 1240 3156; x_wconf 86' lang='lat' dir='ltr'>ejusdem</span> <span class='ocrx_word' id='word_1_571' title='bbox 1259 3119 1300 3149; x_wconf 82' lang='lat' dir='ltr'>E-</span> 
     </span>
     <span class='ocr_line' id='line_1_76' title="bbox 232 3157 1301 3206; baseline -0.007 -10"><span class='ocrx_word' id='word_1_572' title='bbox 232 3165 407 3206; x_wconf 71' lang='lat' dir='ltr'>piscopatus,</span> <span class='ocrx_word' id='word_1_573' title='bbox 426 3173 458 3193; x_wconf 91' lang='lat' dir='ltr'>ac</span> <span class='ocrx_word' id='word_1_574' title='bbox 476 3171 578 3193; x_wconf 86' lang='lat' dir='ltr'>omnes</span> <span class='ocrx_word' id='word_1_575' title='bbox 596 3159 793 3190; x_wconf 85' lang='lat' dir='ltr'>Denariorurn</span> <span class='ocrx_word' id='word_1_576' title='bbox 811 3157 946 3188; x_wconf 75' lang='lat' dir='ltr'>Summas</span> <span class='ocrx_word' id='word_1_577' title='bbox 959 3158 995 3188; x_wconf 92' lang='lat' dir='ltr'>de</span> <span class='ocrx_word' id='word_1_578' title='bbox 1011 3157 1165 3189; x_wconf 85' lang='lat' dir='ltr'>Praemissis</span> <span class='ocrx_word' id='word_1_579' title='bbox 1180 3157 1237 3188; x_wconf 91' lang='lat' dir='ltr'>five</span> <span class='ocrx_word' id='word_1_580' title='bbox 1252 3167 1301 3189; x_wconf 89' lang='lat' dir='ltr'>eo-</span> 
     </span>
     <span class='ocr_line' id='line_1_77' title="bbox 233 3200 1063 3242; baseline -0.016 -6"><span class='ocrx_word' id='word_1_581' title='bbox 233 3215 299 3236; x_wconf 88' lang='lat' dir='ltr'>rum</span> <span class='ocrx_word' id='word_1_582' title='bbox 313 3206 408 3242; x_wconf 81' lang='lat' dir='ltr'>aliquo</span> <span class='ocrx_word' id='word_1_583' title='bbox 421 3200 669 3241; x_wconf 71' lang='lat' dir='ltr'>provenientium,</span> <span class='ocrx_word' id='word_1_584' title='bbox 1039 3234 1043 3239; x_wconf 93' lang='lat'>.</span> <span class='ocrx_word' id='word_1_585' title='bbox 1058 3234 1063 3239; x_wconf 38' lang='grc'><em>.</em></span> 
     </span>
    </p>

    <p class='ocr_par' dir='ltr' id='par_1_20' title="bbox 235 3233 1310 3697">
     <span class='ocr_line' id='line_1_78' title="bbox 274 3233 1303 3274; baseline -0.012 -1"><span class='ocrx_word' id='word_1_586' title='bbox 274 3242 415 3274; x_wconf 83' lang='lat' dir='ltr'>Habenda</span> <span class='ocrx_word' id='word_1_587' title='bbox 435 3243 468 3273; x_wconf 90' lang='lat'>&amp;</span> <span class='ocrx_word' id='word_1_588' title='bbox 487 3237 629 3270; x_wconf 88' lang='lat' dir='ltr'>Tenenda</span> <span class='ocrx_word' id='word_1_589' title='bbox 644 3237 743 3267; x_wconf 84' lang='lat' dir='ltr'>omnia</span> <span class='ocrx_word' id='word_1_590' title='bbox 755 3234 855 3265; x_wconf 87' lang='lat' dir='ltr'>eadem</span> <span class='ocrx_word' id='word_1_591' title='bbox 882 3234 976 3265; x_wconf 80' lang='lat' dir='ltr'>Feoda</span> <span class='ocrx_word' id='word_1_592' title='bbox 998 3233 1147 3270; x_wconf 73' lang='lat' dir='ltr'>Militum,</span> <span class='ocrx_word' id='word_1_593' title='bbox 1168 3234 1303 3265; x_wconf 83' lang='lat' dir='ltr'>Advoca-</span> 
     </span>
     <span class='ocr_line' id='line_1_79' title="bbox 237 3271 1303 3319; baseline -0.013 -7"><span class='ocrx_word' id='word_1_594' title='bbox 237 3283 343 3319; x_wconf 73' lang='lat' dir='ltr'>tiones,</span> <span class='ocrx_word' id='word_1_595' title='bbox 362 3282 395 3312; x_wconf 91' lang='lat'>&amp;</span> <span class='ocrx_word' id='word_1_596' title='bbox 422 3279 548 3311; x_wconf 85' lang='lat' dir='ltr'>Escaetas</span> <span class='ocrx_word' id='word_1_597' title='bbox 572 3285 642 3307; x_wconf 90' lang='lat' dir='ltr'>cum</span> <span class='ocrx_word' id='word_1_598' title='bbox 661 3274 854 3311; x_wconf 76' lang='lat' dir='ltr'>PertinentiiS,</span> <span class='ocrx_word' id='word_1_599' title='bbox 870 3283 902 3303; x_wconf 89' lang='lat' dir='ltr'>ac</span> <span class='ocrx_word' id='word_1_600' title='bbox 927 3271 1100 3303; x_wconf 89' lang='lat' dir='ltr'>Custodiam</span> <span class='ocrx_word' id='word_1_601' title='bbox 1126 3274 1143 3290; x_wconf 70' lang='lat'>*¹</span> <span class='ocrx_word' id='word_1_602' title='bbox 1165 3274 1303 3303; x_wconf 69' lang='lat' dir='ltr'>omnium</span> 
     </span>
     <span class='ocr_line' id='line_1_80' title="bbox 239 3308 1305 3356; baseline -0.011 -5"><span class='ocrx_word' id='word_1_603' title='bbox 239 3320 426 3356; x_wconf 83' lang='lat' dir='ltr'>eorumdem,</span> <span class='ocrx_word' id='word_1_604' title='bbox 444 3320 478 3350; x_wconf 88' lang='lat'>&amp;</span> <span class='ocrx_word' id='word_1_605' title='bbox 493 3316 689 3347; x_wconf 86' lang='lat' dir='ltr'>Denariorum</span> <span class='ocrx_word' id='word_1_606' title='bbox 704 3312 856 3348; x_wconf 79' lang='lat' dir='ltr'>Summas,</span> <span class='ocrx_word' id='word_1_607' title='bbox 875 3311 998 3348; x_wconf 88' lang='lat' dir='ltr'>eisdem,</span> <span class='ocrx_word' id='word_1_608' title='bbox 1019 3308 1167 3352; x_wconf 63' lang='lat' dir='ltr'>Willielpio</span> <span class='ocrx_word' id='word_1_609' title='bbox 1184 3311 1305 3350; x_wconf 83' lang='lat' dir='ltr'>Hastyn-</span> 
     </span>
     <span class='ocr_line' id='line_1_81' title="bbox 235 3347 1306 3432; baseline -0.012 -5"><span class='ocrx_word' id='word_1_610' title='bbox 235 3347 1306 3432; x_wconf 15' lang='lat' dir='ltr'>aas{beawi*1&amp;assis{iiiiiizvifiiussifisssfixpff{aar</span> 
     </span>
     <span class='ocr_line' id='line_1_82' title="bbox 241 3424 1307 3472; baseline -0.014 -5"><span class='ocrx_word' id='word_1_611' title='bbox 241 3437 292 3468; x_wconf 90' lang='lat' dir='ltr'>diu</span> <span class='ocrx_word' id='word_1_612' title='bbox 311 3433 513 3472; x_wconf 88' lang='lat' dir='ltr'>Episcopatum</span> <span class='ocrx_word' id='word_1_613' title='bbox 532 3432 614 3461; x_wconf 79' lang='lat' dir='ltr'>illum</span> <span class='ocrx_word' id='word_1_614' title='bbox 629 3429 739 3459; x_wconf 84' lang='lat' dir='ltr'>Vacare</span> <span class='ocrx_word' id='word_1_615' title='bbox 754 3427 923 3463; x_wconf 82' lang='lat' dir='ltr'>contigerit,</span> <span class='ocrx_word' id='word_1_616' title='bbox 941 3436 974 3456; x_wconf 87' lang='lat' dir='ltr'>ac</span> <span class='ocrx_word' id='word_1_617' title='bbox 988 3435 1087 3456; x_wconf 87' lang='lat' dir='ltr'>omnia</span> <span class='ocrx_word' id='word_1_618' title='bbox 1105 3433 1205 3453; x_wconf 72' lang='lat' dir='ltr'>caetera</span> <span class='ocrx_word' id='word_1_619' title='bbox 1228 3424 1307 3466; x_wconf 77' lang='lat' dir='ltr'>Prae-</span> 
     </span>
     <span class='ocr_line' id='line_1_83' title="bbox 244 3461 1307 3509; baseline -0.012 -6"><span class='ocrx_word' id='word_1_620' title='bbox 244 3473 343 3509; x_wconf 79' lang='lat' dir='ltr'>missa,</span> <span class='ocrx_word' id='word_1_621' title='bbox 364 3472 465 3506; x_wconf 73' lang='lat' dir='ltr'>absque</span> <span class='ocrx_word' id='word_1_622' title='bbox 478 3471 572 3508; x_wconf 84' lang='lat' dir='ltr'>aliquo</span> <span class='ocrx_word' id='word_1_623' title='bbox 590 3468 689 3500; x_wconf 83' lang='lat' dir='ltr'>Nobis</span> <span class='ocrx_word' id='word_1_624' title='bbox 706 3467 749 3496; x_wconf 92' lang='lat' dir='ltr'>vel</span> <span class='ocrx_word' id='word_1_625' title='bbox 766 3465 935 3496; x_wconf 83' lang='lat' dir='ltr'>Haeredibus</span> <span class='ocrx_word' id='word_1_626' title='bbox 957 3463 1058 3494; x_wconf 90' lang='lat' dir='ltr'>nostris</span> <span class='ocrx_word' id='word_1_627' title='bbox 1075 3472 1129 3502; x_wconf 87' lang='lat' dir='ltr'>pro</span> <span class='ocrx_word' id='word_1_628' title='bbox 1154 3461 1307 3492; x_wconf 77' lang='lat' dir='ltr'>Praemissis</span> 
     </span>
     <span class='ocr_line' id='line_1_84' title="bbox 244 3499 1308 3548; baseline -0.013 -5"><span class='ocrx_word' id='word_1_629' title='bbox 244 3513 291 3544; x_wconf 90' lang='lat' dir='ltr'>seu</span> <span class='ocrx_word' id='word_1_630' title='bbox 305 3511 401 3548; x_wconf 85' lang='lat' dir='ltr'>aliquo</span> <span class='ocrx_word' id='word_1_631' title='bbox 418 3509 636 3539; x_wconf 81' lang='lat' dir='ltr'>Praemissorum</span> <span class='ocrx_word' id='word_1_632' title='bbox 651 3505 796 3537; x_wconf 87' lang='lat' dir='ltr'>reddendo</span> <span class='ocrx_word' id='word_1_633' title='bbox 810 3504 855 3534; x_wconf 87' lang='lat' dir='ltr'>seu</span> <span class='ocrx_word' id='word_1_634' title='bbox 870 3502 1018 3538; x_wconf 87' lang='lat' dir='ltr'>faciendo,</span> <span class='ocrx_word' id='word_1_635' title='bbox 1036 3502 1068 3532; x_wconf 87' lang='lat'>&amp;</span> <span class='ocrx_word' id='word_1_636' title='bbox 1091 3500 1192 3544; x_wconf 78' lang='lat' dir='ltr'>absque</span> <span class='ocrx_word' id='word_1_637' title='bbox 1211 3499 1308 3536; x_wconf 87' lang='lat' dir='ltr'>Impe-</span> 
     </span>
     <span class='ocr_line' id='line_1_85' title="bbox 244 3537 1308 3587; baseline -0.014 -5"><span class='ocrx_word' id='word_1_638' title='bbox 244 3553 362 3587; x_wconf 82' lang='lat' dir='ltr'>titione,</span> <span class='ocrx_word' id='word_1_639' title='bbox 386 3546 604 3584; x_wconf 87' lang='lat' dir='ltr'>Molestatione,</span> <span class='ocrx_word' id='word_1_640' title='bbox 631 3545 864 3580; x_wconf 78' lang='lat' dir='ltr'>Perturbatione,</span> <span class='ocrx_word' id='word_1_641' title='bbox 889 3541 945 3572; x_wconf 91' lang='lat' dir='ltr'>five</span> <span class='ocrx_word' id='word_1_642' title='bbox 968 3540 1174 3577; x_wconf 83' lang='lat' dir='ltr'>Inquietatione</span> <span class='ocrx_word' id='word_1_643' title='bbox 1202 3537 1308 3582; x_wconf 82' lang='lat' dir='ltr'>Nostri</span> 
     </span>
     <span class='ocr_line' id='line_1_86' title="bbox 244 3576 1310 3621; baseline -0.013 -2"><span class='ocrx_word' id='word_1_644' title='bbox 244 3590 291 3620; x_wconf 90' lang='lat' dir='ltr'>vel</span> <span class='ocrx_word' id='word_1_645' title='bbox 315 3586 473 3618; x_wconf 81' lang='lat' dir='ltr'>i-laeredum</span> <span class='ocrx_word' id='word_1_646' title='bbox 496 3585 675 3621; x_wconf 87' lang='lat' dir='ltr'>nostrorum,</span> <span class='ocrx_word' id='word_1_647' title='bbox 699 3582 940 3621; x_wconf 88' lang='lat' dir='ltr'>Justiciariorum,</span> <span class='ocrx_word' id='word_1_648' title='bbox 961 3578 1162 3615; x_wconf 78' lang='lat' dir='ltr'>Escaetorum,</span> <span class='ocrx_word' id='word_1_649' title='bbox 1185 3576 1310 3607; x_wconf 87' lang='lat' dir='ltr'>Viceco—</span> 
     </span>
     <span class='ocr_line' id='line_1_87' title="bbox 247 3616 1310 3664; baseline -0.012 -5"><span class='ocrx_word' id='word_1_650' title='bbox 247 3629 375 3664; x_wconf 85' lang='lat' dir='ltr'>mitum,</span> <span class='ocrx_word' id='word_1_651' title='bbox 393 3633 439 3655; x_wconf 89' lang='lat' dir='ltr'>aut</span> <span class='ocrx_word' id='word_1_652' title='bbox 453 3624 574 3653; x_wconf 87' lang='lat' dir='ltr'>aliorum</span> <span class='ocrx_word' id='word_1_653' title='bbox 590 3622 765 3653; x_wconf 88' lang='lat' dir='ltr'>Ballivorum</span> <span class='ocrx_word' id='word_1_654' title='bbox 779 3621 824 3652; x_wconf 90' lang='lat' dir='ltr'>seu</span> <span class='ocrx_word' id='word_1_655' title='bbox 841 3618 1046 3650; x_wconf 88' lang='lat' dir='ltr'>Ministrorum</span> <span class='ocrx_word' id='word_1_656' title='bbox 1068 3616 1232 3648; x_wconf 87' lang='lat' dir='ltr'>nostrorum</span> <span class='ocrx_word' id='word_1_657' title='bbox 1253 3616 1310 3646; x_wconf 90' lang='lat' dir='ltr'>five</span> 
     </span>
     <span class='ocr_line' id='line_1_88' title="bbox 249 3661 872 3697; baseline -0.013 0"><span class='ocrx_word' id='word_1_658' title='bbox 249 3666 412 3697; x_wconf 76' lang='lat' dir='ltr'>Haeiedum</span> <span class='ocrx_word' id='word_1_659' title='bbox 426 3661 590 3693; x_wconf 86' lang='lat' dir='ltr'>nostrorum</span> <span class='ocrx_word' id='word_1_660' title='bbox 606 3668 872 3697; x_wconf 82' lang='lat' dir='ltr'>quorumcumque,</span> 
     </span>
    </p>

    <p class='ocr_par' dir='ltr' id='par_1_21' title="bbox 249 3690 1314 3847">
     <span class='ocr_line' id='line_1_89' title="bbox 286 3690 1312 3739; baseline -0.013 -5"><span class='ocrx_word' id='word_1_661' title='bbox 286 3704 323 3734; x_wconf 84' lang='lat' dir='ltr'>Et</span> <span class='ocrx_word' id='word_1_662' title='bbox 339 3704 464 3739; x_wconf 75' lang='lat' dir='ltr'>insuper,</span> <span class='ocrx_word' id='word_1_663' title='bbox 482 3709 515 3730; x_wconf 88' lang='lat' dir='ltr'>ex</span> <span class='ocrx_word' id='word_1_664' title='bbox 531 3707 607 3729; x_wconf 82' lang='lat' dir='ltr'>certa</span> <span class='ocrx_word' id='word_1_665' title='bbox 620 3699 740 3729; x_wconf 83' lang='lat' dir='ltr'>Scientia</span> <span class='ocrx_word' id='word_1_666' title='bbox 754 3699 786 3729; x_wconf 87' lang='lat'>&amp;</span> <span class='ocrx_word' id='word_1_667' title='bbox 804 3708 887 3729; x_wconf 85' lang='lat' dir='ltr'>mero</span> <span class='ocrx_word' id='word_1_668' title='bbox 910 3695 996 3726; x_wconf 72' lang='lat' dir='ltr'>Motu</span> <span class='ocrx_word' id='word_1_669' title='bbox 1017 3693 1173 3732; x_wconf 60' lang='lat' dir='ltr'>praedietis,</span> <span class='ocrx_word' id='word_1_670' title='bbox 1193 3690 1312 3723; x_wconf 87' lang='lat' dir='ltr'>Conce-</span> 
     </span>
     <span class='ocr_line' id='line_1_90' title="bbox 249 3731 1310 3779; baseline -0.011 -7"><span class='ocrx_word' id='word_1_671' title='bbox 249 3741 344 3772; x_wconf 86' lang='lat' dir='ltr'>dimus</span> <span class='ocrx_word' id='word_1_672' title='bbox 358 3764 367 3779; x_wconf 94' lang='lat'>,</span> <span class='ocrx_word' id='word_1_673' title='bbox 391 3750 444 3779; x_wconf 90' lang='lat' dir='ltr'>pro</span> <span class='ocrx_word' id='word_1_674' title='bbox 466 3738 564 3769; x_wconf 86' lang='lat' dir='ltr'>Nobis</span> <span class='ocrx_word' id='word_1_675' title='bbox 585 3738 617 3766; x_wconf 83' lang='lat'>&amp;</span> <span class='ocrx_word' id='word_1_676' title='bbox 635 3736 807 3766; x_wconf 81' lang='lat' dir='ltr'>Haeredibus</span> <span class='ocrx_word' id='word_1_677' title='bbox 832 3735 933 3767; x_wconf 88' lang='lat' dir='ltr'>nostris</span> <span class='ocrx_word' id='word_1_678' title='bbox 956 3733 1092 3771; x_wconf 52' lang='lat' dir='ltr'>praedietis</span> <span class='ocrx_word' id='word_1_679' title='bbox 1108 3755 1118 3768; x_wconf 94' lang='lat'>,</span> <span class='ocrx_word' id='word_1_680' title='bbox 1142 3731 1222 3769; x_wconf 83' lang='lat' dir='ltr'>quod</span> <span class='ocrx_word' id='word_1_681' title='bbox 1250 3732 1310 3761; x_wconf 72' lang='lat' dir='ltr'>tam</span> 
     </span>
     <span class='ocr_line' id='line_1_91' title="bbox 250 3771 1314 3847; baseline -0.012 -37"><span class='ocrx_word' id='word_1_682' title='bbox 250 3781 380 3847; x_wconf 60' lang='lat' dir='ltr'>prztdissti</span> <span class='ocrx_word' id='word_1_683' title='bbox 396 3776 561 3821; x_wconf 52' lang='lat' dir='ltr'>Wilsielmus</span> <span class='ocrx_word' id='word_1_684' title='bbox 576 3774 744 3818; x_wconf 68' lang='lat' dir='ltr'>Hastynges,</span> <span class='ocrx_word' id='word_1_685' title='bbox 761 3774 876 3820; x_wconf 62' lang='lat' dir='ltr'>Tharrias</span> <span class='ocrx_word' id='word_1_686' title='bbox 896 3771 1008 3810; x_wconf 76' lang='lat' dir='ltr'>Burgh,</span> <span class='ocrx_word' id='word_1_687' title='bbox 1028 3772 1061 3802; x_wconf 90' lang='lat'>&amp;</span> <span class='ocrx_word' id='word_1_688' title='bbox 1079 3771 1194 3800; x_wconf 79' lang='lat' dir='ltr'>Thomas</span> <span class='ocrx_word' id='word_1_689' title='bbox 1218 3772 1314 3816; x_wconf 51' lang='lat' dir='ltr'>Segnt-</span> 
     </span>
    </p>

    <p class='ocr_par' dir='ltr' id='par_1_22' title="bbox 254 3809 1318 4079">
     <span class='ocr_line' id='line_1_92' title="bbox 254 3809 1316 3892; baseline -0.01 -6"><span class='ocrx_word' id='word_1_690' title='bbox 254 3809 1316 3892; x_wconf 47' lang='lat' dir='ltr'>Sffffozeff‘suissszigtiiclfis‘j&#39;giiii&amp;qqsssiss‘effl‘&#39;iistis&#39;‘vssss&#39;z&#39;ff‘rfflit</span> 
     </span>
     <span class='ocr_line' id='line_1_93' title="bbox 254 3884 1316 3930; baseline -0.008 -8"><span class='ocrx_word' id='word_1_691' title='bbox 254 3893 301 3922; x_wconf 75' lang='lat' dir='ltr'>hus</span> <span class='ocrx_word' id='word_1_692' title='bbox 317 3894 463 3922; x_wconf 78' lang='lat' dir='ltr'>Librarum</span> <span class='ocrx_word' id='word_1_693' title='bbox 473 3901 522 3930; x_wconf 85' lang='lat' dir='ltr'>per</span> <span class='ocrx_word' id='word_1_694' title='bbox 537 3893 673 3928; x_wconf 88' lang='lat' dir='ltr'>Annum,</span> <span class='ocrx_word' id='word_1_695' title='bbox 688 3889 720 3919; x_wconf 90' lang='lat'>&amp;</span> <span class='ocrx_word' id='word_1_696' title='bbox 736 3889 859 3925; x_wconf 80' lang='lat' dir='ltr'>qualibet</span> <span class='ocrx_word' id='word_1_697' title='bbox 871 3888 939 3918; x_wconf 78' lang='lat' dir='ltr'>inde</span> <span class='ocrx_word' id='word_1_698' title='bbox 956 3887 1080 3918; x_wconf 87' lang='lat' dir='ltr'>Parcella</span> <span class='ocrx_word' id='word_1_699' title='bbox 1095 3896 1147 3923; x_wconf 90' lang='lat' dir='ltr'>pro</span> <span class='ocrx_word' id='word_1_700' title='bbox 1165 3884 1255 3922; x_wconf 88' lang='lat' dir='ltr'>Rata,</span> <span class='ocrx_word' id='word_1_701' title='bbox 1271 3885 1316 3927; x_wconf 83' lang='lat' dir='ltr'>in-</span> 
     </span>
     <span class='ocr_line' id='line_1_94' title="bbox 254 3923 1318 3968; baseline -0.008 -8"><span class='ocrx_word' id='word_1_702' title='bbox 254 3930 293 3960; x_wconf 80' lang='lat' dir='ltr'>de</span> <span class='ocrx_word' id='word_1_703' title='bbox 314 3931 412 3961; x_wconf 86' lang='lat' dir='ltr'>Nobis</span> <span class='ocrx_word' id='word_1_704' title='bbox 435 3930 652 3968; x_wconf 79' lang='lat' dir='ltr'>pertinentibus,</span> <span class='ocrx_word' id='word_1_705' title='bbox 671 3937 724 3967; x_wconf 92' lang='lat' dir='ltr'>pro</span> <span class='ocrx_word' id='word_1_706' title='bbox 744 3926 893 3961; x_wconf 83' lang='lat' dir='ltr'>Tempore</span> <span class='ocrx_word' id='word_1_707' title='bbox 917 3936 976 3963; x_wconf 89' lang='lat' dir='ltr'>quo</span> <span class='ocrx_word' id='word_1_708' title='bbox 998 3925 1199 3962; x_wconf 84' lang='lat' dir='ltr'>Episcopatum</span> <span class='ocrx_word' id='word_1_709' title='bbox 1216 3923 1318 3961; x_wconf 79' lang='lat' dir='ltr'>praedi-</span> 
     </span>
     <span class='ocr_line' id='line_1_95' title="bbox 255 3961 1316 4005; baseline -0.008 -7"><span class='ocrx_word' id='word_1_710' title='bbox 255 3968 356 4003; x_wconf 69' lang='lat' dir='ltr'>istum,</span> <span class='ocrx_word' id='word_1_711' title='bbox 375 3979 389 3997; x_wconf 90' lang='lat' dir='ltr'>a</span> <span class='ocrx_word' id='word_1_712' title='bbox 410 3976 540 4005; x_wconf 90' lang='lat' dir='ltr'>tempore</span> <span class='ocrx_word' id='word_1_713' title='bbox 564 3967 668 3998; x_wconf 80' lang='lat' dir='ltr'>Mortis</span> <span class='ocrx_word' id='word_1_714' title='bbox 689 3965 761 3995; x_wconf 69' lang='lat' dir='ltr'>dieii</span> <span class='ocrx_word' id='word_1_715' title='bbox 782 3962 925 3994; x_wconf 76' lang='lat' dir='ltr'>Willielrm</span> <span class='ocrx_word' id='word_1_716' title='bbox 948 3972 1028 4002; x_wconf 85' lang='lat' dir='ltr'>nuper</span> <span class='ocrx_word' id='word_1_717' title='bbox 1049 3961 1187 4001; x_wconf 79' lang='lat' dir='ltr'>Episcopi,</span> <span class='ocrx_word' id='word_1_718' title='bbox 1207 3961 1316 3992; x_wconf 86' lang='lat' dir='ltr'>Vacare</span> 
     </span>
     <span class='ocr_line' id='line_1_96' title="bbox 255 3997 1318 4043; baseline -0.007 -7"><span class='ocrx_word' id='word_1_719' title='bbox 255 4006 425 4043; x_wconf 82' lang='lat' dir='ltr'>contigerit,</span> <span class='ocrx_word' id='word_1_720' title='bbox 443 4007 578 4042; x_wconf 90' lang='lat' dir='ltr'>pertinet,</span> <span class='ocrx_word' id='word_1_721' title='bbox 596 4005 765 4042; x_wconf 85' lang='lat' dir='ltr'>pertinebit,</span> <span class='ocrx_word' id='word_1_722' title='bbox 779 4011 825 4033; x_wconf 90' lang='lat' dir='ltr'>aut</span> <span class='ocrx_word' id='word_1_723' title='bbox 843 4003 980 4039; x_wconf 89' lang='lat' dir='ltr'>pertinere</span> <span class='ocrx_word' id='word_1_724' title='bbox 998 4002 1144 4038; x_wconf 85' lang='lat' dir='ltr'>debuerit,</span> <span class='ocrx_word' id='word_1_725' title='bbox 1161 4009 1226 4038; x_wconf 86' lang='lat' dir='ltr'>erga</span> <span class='ocrx_word' id='word_1_726' title='bbox 1248 3997 1318 4030; x_wconf 71' lang='lat' dir='ltr'>Nm</span> 
     </span>
     <span class='ocr_line' id='line_1_97' title="bbox 256 4038 1318 4079; baseline -0.006 -3"><span class='ocrx_word' id='word_1_727' title='bbox 256 4045 292 4076; x_wconf 67' lang='grc' dir='ltr'>ὅ(</span> <span class='ocrx_word' id='word_1_728' title='bbox 307 4043 443 4076; x_wconf 67' lang='lat' dir='ltr'>Haeredes</span> <span class='ocrx_word' id='word_1_729' title='bbox 455 4044 567 4076; x_wconf 87' lang='lat' dir='ltr'>nostros</span> <span class='ocrx_word' id='word_1_730' title='bbox 579 4042 777 4075; x_wconf 84' lang='lat' dir='ltr'>Exonerentur</span> <span class='ocrx_word' id='word_1_731' title='bbox 789 4041 824 4073; x_wconf 89' lang='lat'>&amp;</span> <span class='ocrx_word' id='word_1_732' title='bbox 846 4040 1056 4078; x_wconf 85' lang='lat' dir='ltr'>Acquietentur</span> <span class='ocrx_word' id='word_1_733' title='bbox 1076 4049 1126 4079; x_wconf 88' lang='lat' dir='ltr'>pet</span> <span class='ocrx_word' id='word_1_734' title='bbox 1147 4038 1318 4076; x_wconf 68' lang='lat' dir='ltr'>Praesente83</span> 
     </span>
    </p>
   </div>
   <div class='ocr_carea' id='block_1_16' title="bbox 645 117 1899 171">
    <p class='ocr_par' dir='ltr' id='par_1_23' title="bbox 645 117 1899 171">
     <span class='ocr_line' id='line_1_98' title="bbox 645 117 1899 171; baseline -0.008 -2"><span class='ocrx_word' id='word_1_735' title='bbox 645 117 1455 171; x_wconf 72' lang='lat' dir='ltr'>CONVENTIONES,</span> <span class='ocrx_word' id='word_1_736' title='bbox 1507 117 1899 167; x_wconf 85' lang='lat' dir='ltr'>LITERAE,</span> 
     </span>
    </p>
   </div>
   <div class='ocr_carea' id='block_1_17' title="bbox 26 208 1252 405">
    <p class='ocr_par' dir='ltr' id='par_1_24' title="bbox 29 208 1252 255">
     <span class='ocr_line' id='line_1_99' title="bbox 29 208 1252 255; baseline -0.011 -3"><span class='ocrx_word' id='word_1_737' title='bbox 29 223 108 255; x_wconf 78' lang='lat' dir='ltr'>Ann.</span> <span class='ocrx_word' id='word_1_738' title='bbox 124 220 166 251; x_wconf 89' lang='lat' dir='ltr'>D.</span> <span class='ocrx_word' id='word_1_739' title='bbox 222 219 291 251; x_wconf 86' lang='lat' dir='ltr'>Dat.</span> <span class='ocrx_word' id='word_1_740' title='bbox 309 218 338 249; x_wconf 84' lang='lat' dir='ltr'>in</span> <span class='ocrx_word' id='word_1_741' title='bbox 353 219 480 248; x_wconf 76' lang='lat' dir='ltr'>civitate</span> <span class='ocrx_word' id='word_1_742' title='bbox 491 212 583 254; x_wconf 60' lang='lat' dir='ltr'>nostrii</span> <span class='ocrx_word' id='word_1_743' title='bbox 598 214 794 255; x_wconf 81' lang='lat' dir='ltr'>Atrebatenfi,</span> <span class='ocrx_word' id='word_1_744' title='bbox 810 212 869 244; x_wconf 90' lang='lat' dir='ltr'>Die</span> <span class='ocrx_word' id='word_1_745' title='bbox 891 210 1019 244; x_wconf 70' lang='lat' dir='ltr'>Decimii</span> <span class='ocrx_word' id='word_1_746' title='bbox 1038 210 1121 242; x_wconf 71' lang='lat' dir='ltr'>tertia</span> <span class='ocrx_word' id='word_1_747' title='bbox 1144 208 1252 241; x_wconf 80' lang='lat' dir='ltr'>Mensis</span> 
     </span>
    </p>

    <p class='ocr_par' dir='ltr' id='par_1_25' title="bbox 26 249 1252 405">
     <span class='ocr_line' id='line_1_100' title="bbox 51 249 1252 301; baseline -0.009 -11"><span class='ocrx_word' id='word_1_748' title='bbox 51 260 153 301; x_wconf 50' lang='lat'>14783</span> <span class='ocrx_word' id='word_1_749' title='bbox 179 258 266 298; x_wconf 90' lang='lat' dir='ltr'>Julii,</span> <span class='ocrx_word' id='word_1_750' title='bbox 285 257 375 289; x_wconf 90' lang='lat' dir='ltr'>Anno</span> <span class='ocrx_word' id='word_1_751' title='bbox 392 258 410 275; x_wconf 64' lang='lat'>*⁴</span> <span class='ocrx_word' id='word_1_752' title='bbox 438 255 561 298; x_wconf 80' lang='lat' dir='ltr'>Domini</span> <span class='ocrx_word' id='word_1_753' title='bbox 578 252 756 297; x_wconf 32' lang='lat' dir='ltr'>Mille—simo,-</span> <span class='ocrx_word' id='word_1_754' title='bbox 768 249 1082 297; x_wconf 76' lang='lat' dir='ltr'>Qiadringentefimo,</span> <span class='ocrx_word' id='word_1_755' title='bbox 1099 249 1252 288; x_wconf 85' lang='lat' dir='ltr'>Septuage-</span> 
     </span>
     <span class='ocr_line' id='line_1_101' title="bbox 26 290 965 368; baseline -0.007 -41"><span class='ocrx_word' id='word_1_756' title='bbox 26 302 149 368; x_wconf 51' lang='grc' dir='ltr'>Ξάςιὰφι..</span> <span class='ocrx_word' id='word_1_757' title='bbox 183 296 257 328; x_wconf 87' lang='lat' dir='ltr'>fimo</span> <span class='ocrx_word' id='word_1_758' title='bbox 273 297 397 334; x_wconf 63' lang='lat' dir='ltr'>oeiavo,</span> <span class='ocrx_word' id='word_1_759' title='bbox 415 293 450 325; x_wconf 91' lang='lat'>&amp;</span> <span class='ocrx_word' id='word_1_760' title='bbox 466 292 564 333; x_wconf 85' lang='lat' dir='ltr'>Regni</span> <span class='ocrx_word' id='word_1_761' title='bbox 577 292 667 323; x_wconf 84' lang='lat' dir='ltr'>nostri</span> <span class='ocrx_word' id='word_1_762' title='bbox 681 291 811 322; x_wconf 88' lang='lat' dir='ltr'>Decimo</span> <span class='ocrx_word' id='word_1_763' title='bbox 824 290 965 330; x_wconf 88' lang='lat' dir='ltr'>Septimo.</span> 
     </span>
     <span class='ocr_line' id='line_1_102' title="bbox 30 376 77 405; baseline -0.021 0"><span class='ocrx_word' id='word_1_764' title='bbox 30 376 77 405; x_wconf 73' lang='lat'>88.</span> 
     </span>
    </p>
   </div>
   <div class='ocr_carea' id='block_1_18' title="bbox 1289 196 2511 513">
    <p class='ocr_par' dir='ltr' id='par_1_26' title="bbox 1289 196 2511 475">
     <span class='ocr_line' id='line_1_103' title="bbox 1289 196 2507 248; baseline -0.002 -12"><span class='ocrx_word' id='word_1_765' title='bbox 1289 216 1343 244; x_wconf 91' lang='lat' dir='ltr'>eo,</span> <span class='ocrx_word' id='word_1_766' title='bbox 1362 203 1444 243; x_wconf 79' lang='lat' dir='ltr'>quod</span> <span class='ocrx_word' id='word_1_767' title='bbox 1466 202 1590 248; x_wconf 53' lang='lat' dir='ltr'>expressa</span> <span class='ocrx_word' id='word_1_768' title='bbox 1615 205 1725 234; x_wconf 88' lang='lat' dir='ltr'>mentio</span> <span class='ocrx_word' id='word_1_769' title='bbox 1745 203 1784 234; x_wconf 85' lang='lat' dir='ltr'>de</span> <span class='ocrx_word' id='word_1_770' title='bbox 1805 213 1876 234; x_wconf 89' lang='lat' dir='ltr'>vero</span> <span class='ocrx_word' id='word_1_771' title='bbox 1889 202 1994 235; x_wconf 88' lang='lat' dir='ltr'>Valore</span> <span class='ocrx_word' id='word_1_772' title='bbox 2009 211 2106 235; x_wconf 80' lang='lat' dir='ltr'>annuo</span> <span class='ocrx_word' id='word_1_773' title='bbox 2121 201 2356 243; x_wconf 77' lang='lat' dir='ltr'>Praemissorum‚</span> <span class='ocrx_word' id='word_1_774' title='bbox 2372 196 2450 230; x_wconf 80' lang='lat' dir='ltr'>Ann.</span> <span class='ocrx_word' id='word_1_775' title='bbox 2461 200 2507 234; x_wconf 77' lang='lat' dir='ltr'>D.</span> 
     </span>
     <span class='ocr_line' id='line_1_104' title="bbox 1292 240 2481 280; baseline -0.004 -5"><span class='ocrx_word' id='word_1_776' title='bbox 1292 245 1348 275; x_wconf 89' lang='lat' dir='ltr'>five</span> <span class='ocrx_word' id='word_1_777' title='bbox 1370 252 1474 274; x_wconf 91' lang='lat' dir='ltr'>eorum</span> <span class='ocrx_word' id='word_1_778' title='bbox 1495 242 1627 279; x_wconf 67' lang='lat' dir='ltr'>alicuius,</span> <span class='ocrx_word' id='word_1_779' title='bbox 1645 249 1692 272; x_wconf 89' lang='lat' dir='ltr'>aut</span> <span class='ocrx_word' id='word_1_780' title='bbox 1715 241 1752 271; x_wconf 88' lang='lat' dir='ltr'>de</span> <span class='ocrx_word' id='word_1_781' title='bbox 1773 241 1832 272; x_wconf 87' lang='lat' dir='ltr'>aliis</span> <span class='ocrx_word' id='word_1_782' title='bbox 1852 241 1948 272; x_wconf 88' lang='lat' dir='ltr'>Donis</span> <span class='ocrx_word' id='word_1_783' title='bbox 1967 243 2014 273; x_wconf 84' lang='lat' dir='ltr'>seu</span> <span class='ocrx_word' id='word_1_784' title='bbox 2035 241 2281 273; x_wconf 77' lang='lat' dir='ltr'>concessionibus</span> <span class='ocrx_word' id='word_1_785' title='bbox 2305 252 2354 280; x_wconf 87' lang='lat' dir='ltr'>per</span> <span class='ocrx_word' id='word_1_786' title='bbox 2392 240 2481 278; x_wconf 70' lang='lat'><em>1478.</em></span> 
     </span>
     <span class='ocr_line' id='line_1_105' title="bbox 1292 279 2511 322; baseline -0.004 -9"><span class='ocrx_word' id='word_1_787' title='bbox 1292 283 1363 314; x_wconf 92' lang='lat' dir='ltr'>Nos</span> <span class='ocrx_word' id='word_1_788' title='bbox 1375 282 1481 313; x_wconf 88' lang='lat' dir='ltr'>eisdem</span> <span class='ocrx_word' id='word_1_789' title='bbox 1495 279 1643 311; x_wconf 85' lang='lat' dir='ltr'>Willielmo</span> <span class='ocrx_word' id='word_1_790' title='bbox 1658 279 1826 319; x_wconf 69' lang='lat' dir='ltr'>Haslynger,</span> <span class='ocrx_word' id='word_1_791' title='bbox 1841 279 1948 309; x_wconf 71' lang='lat' dir='ltr'>Thomae</span> <span class='ocrx_word' id='word_1_792' title='bbox 1963 280 2057 318; x_wconf 82' lang='lat' dir='ltr'>Burgh</span> <span class='ocrx_word' id='word_1_793' title='bbox 2066 304 2076 317; x_wconf 84' lang='lat'>‚</span> <span class='ocrx_word' id='word_1_794' title='bbox 2092 282 2126 312; x_wconf 89' lang='lat'>&amp;</span> <span class='ocrx_word' id='word_1_795' title='bbox 2138 280 2246 311; x_wconf 82' lang='lat' dir='ltr'>Thomae</span> <span class='ocrx_word' id='word_1_796' title='bbox 2259 284 2357 322; x_wconf 77' lang='lat' dir='ltr'>Seynt-</span> <span class='ocrx_word' id='word_1_797' title='bbox 2374 281 2438 308; x_wconf 66' lang='grc' dir='ltr'>ἱόν.</span> <span class='ocrx_word' id='word_1_798' title='bbox 2455 289 2487 316; x_wconf 80' lang='lat'>⁴·-</span> <span class='ocrx_word' id='word_1_799' title='bbox 2502 297 2511 303; x_wconf 73' lang='lat'><em>-</em></span> 
     </span>
     <span class='ocr_line' id='line_1_106' title="bbox 1292 318 2358 359; baseline -0.001 -7"><span class='ocrx_word' id='word_1_800' title='bbox 1292 320 1363 359; x_wconf 80' lang='lat' dir='ltr'>leger</span> <span class='ocrx_word' id='word_1_801' title='bbox 1388 321 1445 351; x_wconf 88' lang='lat' dir='ltr'>five</span> <span class='ocrx_word' id='word_1_802' title='bbox 1466 329 1567 350; x_wconf 85' lang='lat' dir='ltr'>eorum</span> <span class='ocrx_word' id='word_1_803' title='bbox 1586 319 1672 349; x_wconf 85' lang='lat' dir='ltr'>alicui</span> <span class='ocrx_word' id='word_1_804' title='bbox 1690 327 1756 348; x_wconf 90' lang='lat' dir='ltr'>ante</span> <span class='ocrx_word' id='word_1_805' title='bbox 1779 318 1842 347; x_wconf 82' lang='lat' dir='ltr'>haec</span> <span class='ocrx_word' id='word_1_806' title='bbox 1863 325 1992 354; x_wconf 86' lang='lat' dir='ltr'>tempora</span> <span class='ocrx_word' id='word_1_807' title='bbox 2007 319 2107 356; x_wconf 73' lang='lat' dir='ltr'>faffls,</span> <span class='ocrx_word' id='word_1_808' title='bbox 2120 320 2150 349; x_wconf 92' lang='lat' dir='ltr'>in</span> <span class='ocrx_word' id='word_1_809' title='bbox 2164 318 2358 351; x_wconf 83' lang='lat' dir='ltr'>Praesentibus</span> 
     </span>
     <span class='ocr_line' id='line_1_107' title="bbox 1294 355 2361 396; baseline -0.001 -6"><span class='ocrx_word' id='word_1_810' title='bbox 1294 360 1368 391; x_wconf 69' lang='lat' dir='ltr'>faeta</span> <span class='ocrx_word' id='word_1_811' title='bbox 1383 369 1444 390; x_wconf 90' lang='lat' dir='ltr'>non</span> <span class='ocrx_word' id='word_1_812' title='bbox 1456 357 1571 396; x_wconf 69' lang='lat' dir='ltr'>existet,</span> <span class='ocrx_word' id='word_1_813' title='bbox 1589 365 1636 387; x_wconf 92' lang='lat' dir='ltr'>aut</span> <span class='ocrx_word' id='word_1_814' title='bbox 1651 357 1746 395; x_wconf 86' lang='lat' dir='ltr'>aliquo</span> <span class='ocrx_word' id='word_1_815' title='bbox 1760 355 1891 392; x_wconf 75' lang='lat' dir='ltr'>Statum,</span> <span class='ocrx_word' id='word_1_816' title='bbox 1910 355 2005 393; x_wconf 68' lang='lat' dir='ltr'>Actu,</span> <span class='ocrx_word' id='word_1_817' title='bbox 2023 355 2228 396; x_wconf 88' lang='lat' dir='ltr'>Ordinatione,</span> <span class='ocrx_word' id='word_1_818' title='bbox 2254 358 2361 390; x_wconf 85' lang='lat' dir='ltr'>Provi-</span> 
     </span>
     <span class='ocr_line' id='line_1_108' title="bbox 1293 394 2360 437; baseline 0 -8"><span class='ocrx_word' id='word_1_819' title='bbox 1293 399 1387 437; x_wconf 90' lang='lat' dir='ltr'>fione,</span> <span class='ocrx_word' id='word_1_820' title='bbox 1413 397 1471 428; x_wconf 90' lang='lat' dir='ltr'>five</span> <span class='ocrx_word' id='word_1_821' title='bbox 1495 396 1692 427; x_wconf 70' lang='lat' dir='ltr'>Restrifflone</span> <span class='ocrx_word' id='word_1_822' title='bbox 1715 403 1916 432; x_wconf 83' lang='lat' dir='ltr'>quacumque,</span> <span class='ocrx_word' id='word_1_823' title='bbox 1941 401 2007 424; x_wconf 81' lang='lat' dir='ltr'>ante</span> <span class='ocrx_word' id='word_1_824' title='bbox 2030 394 2094 425; x_wconf 85' lang='lat' dir='ltr'>haec</span> <span class='ocrx_word' id='word_1_825' title='bbox 2117 403 2246 435; x_wconf 86' lang='lat' dir='ltr'>tempora</span> <span class='ocrx_word' id='word_1_826' title='bbox 2267 397 2360 437; x_wconf 72' lang='lat' dir='ltr'>fasta,</span> 
     </span>
     <span class='ocr_line' id='line_1_109' title="bbox 1294 431 1835 475; baseline -0.007 -8"><span class='ocrx_word' id='word_1_827' title='bbox 1294 437 1385 475; x_wconf 89' lang='lat' dir='ltr'>edita,</span> <span class='ocrx_word' id='word_1_828' title='bbox 1404 436 1460 467; x_wconf 88' lang='lat' dir='ltr'>five</span> <span class='ocrx_word' id='word_1_829' title='bbox 1472 435 1601 473; x_wconf 87' lang='lat' dir='ltr'>provisa,</span> <span class='ocrx_word' id='word_1_830' title='bbox 1620 444 1680 465; x_wconf 89' lang='lat' dir='ltr'>non</span> <span class='ocrx_word' id='word_1_831' title='bbox 1693 431 1835 464; x_wconf 89' lang='lat' dir='ltr'>obstante.</span> 
     </span>
    </p>

    <p class='ocr_par' dir='ltr' id='par_1_27' title="bbox 1332 474 1559 513">
     <span class='ocr_line' id='line_1_110' title="bbox 1332 474 1559 513; baseline -0.009 -7"><span class='ocrx_word' id='word_1_832' title='bbox 1332 475 1367 506; x_wconf 90' lang='lat' dir='ltr'>In</span> <span class='ocrx_word' id='word_1_833' title='bbox 1384 476 1478 513; x_wconf 83' lang='lat' dir='ltr'>cujus,</span> <span class='ocrx_word' id='word_1_834' title='bbox 1495 474 1559 504; x_wconf 71' lang='grc' dir='ltr'>ὅτε.</span> 
     </span>
    </p>
   </div>
   <div class='ocr_carea' id='block_1_19' title="bbox 1332 506 2255 625">
    <p class='ocr_par' dir='ltr' id='par_1_28' title="bbox 1332 506 2255 625">
     <span class='ocr_line' id='line_1_111' title="bbox 1332 506 2255 552; baseline -0.005 -8"><span class='ocrx_word' id='word_1_835' title='bbox 1332 512 1423 544; x_wconf 87' lang='lat' dir='ltr'>Teste</span> <span class='ocrx_word' id='word_1_836' title='bbox 1441 512 1524 552; x_wconf 89' lang='lat' dir='ltr'>Rege</span> <span class='ocrx_word' id='word_1_837' title='bbox 1538 511 1613 550; x_wconf 87' lang='lat' dir='ltr'>apud</span> <span class='ocrx_word' id='word_1_838' title='bbox 1627 508 1884 552; x_wconf 78' lang='lat' dir='ltr'>Wstmonasteri&#39;um</span> <span class='ocrx_word' id='word_1_839' title='bbox 1895 531 1906 549; x_wconf 88' lang='lat'>,</span> <span class='ocrx_word' id='word_1_840' title='bbox 1922 508 2032 541; x_wconf 72' lang='lat' dir='ltr'>oetavo</span> <span class='ocrx_word' id='word_1_841' title='bbox 2046 506 2107 539; x_wconf 83' lang='lat' dir='ltr'>Die</span> <span class='ocrx_word' id='word_1_842' title='bbox 2122 507 2255 548; x_wconf 83' lang='lat' dir='ltr'>Augusti.</span> 
     </span>
     <span class='ocr_line' id='line_1_112' title="bbox 1932 584 2204 625; baseline 0.004 -9"><span class='ocrx_word' id='word_1_843' title='bbox 1932 588 1987 616; x_wconf 84' lang='lat' dir='ltr'>Per</span> <span class='ocrx_word' id='word_1_844' title='bbox 2000 584 2083 625; x_wconf 78' lang='lat' dir='ltr'>ipfiam</span> <span class='ocrx_word' id='word_1_845' title='bbox 2098 588 2204 625; x_wconf 86' lang='lat' dir='ltr'>Regem.</span> 
     </span>
    </p>
   </div>
   <div class='ocr_carea' id='block_1_20' title="bbox 1642 710 2022 760">
    <p class='ocr_par' dir='ltr' id='par_1_29' title="bbox 1642 710 2022 760">
     <span class='ocr_line' id='line_1_113' title="bbox 1642 710 2022 760; baseline 0 -14"><span class='ocrx_word' id='word_1_846' title='bbox 1642 714 1691 746; x_wconf 84' lang='lat' dir='ltr'>De</span> <span class='ocrx_word' id='word_1_847' title='bbox 1716 711 1852 757; x_wconf 86' lang='lat' dir='ltr'>Monstro</span> <span class='ocrx_word' id='word_1_848' title='bbox 1875 710 2022 760; x_wconf 81' lang='lat' dir='ltr'>capiendo.</span> 
     </span>
    </p>
   </div>
   <div class='ocr_carea' id='block_1_21' title="bbox 1296 794 2514 1183">
    <p class='ocr_par' dir='ltr' id='par_1_30' title="bbox 1297 794 2501 853">
     <span class='ocr_line' id='line_1_114' title="bbox 1297 794 2501 853; baseline 0.002 -26"><span class='ocrx_word' id='word_1_849' title='bbox 1297 796 1429 853; x_wconf 79' lang='lat' dir='ltr'>REX,</span> <span class='ocrx_word' id='word_1_850' title='bbox 1446 796 1568 829; x_wconf 75' lang='lat' dir='ltr'>Dileffls</span> <span class='ocrx_word' id='word_1_851' title='bbox 1581 798 1614 830; x_wconf 89' lang='lat'>&amp;</span> <span class='ocrx_word' id='word_1_852' title='bbox 1632 798 1774 830; x_wconf 84' lang='lat' dir='ltr'>Fidelibus</span> <span class='ocrx_word' id='word_1_853' title='bbox 1787 797 1856 835; x_wconf 64' lang='lat' dir='ltr'>sun,</span> <span class='ocrx_word' id='word_1_854' title='bbox 1877 797 2025 828; x_wconf 85' lang='lat' dir='ltr'>Willielmo</span> <span class='ocrx_word' id='word_1_855' title='bbox 2041 796 2151 838; x_wconf 82' lang='lat' dir='ltr'>Stanley</span> <span class='ocrx_word' id='word_1_856' title='bbox 2169 794 2275 837; x_wconf 78' lang='lat' dir='ltr'>Militi,</span> <span class='ocrx_word' id='word_1_857' title='bbox 2292 797 2364 829; x_wconf 81' lang='lat' dir='ltr'>Yho-</span> <span class='ocrx_word' id='word_1_858' title='bbox 2380 806 2448 839; x_wconf 72' lang='grc' dir='ltr'>Ᾱῃῃ</span> <span class='ocrx_word' id='word_1_859' title='bbox 2467 808 2501 840; x_wconf 83' lang='lat' dir='ltr'><em>D</em></span> 
     </span>
    </p>

    <p class='ocr_par' dir='ltr' id='par_1_31' title="bbox 1296 832 2511 943">
     <span class='ocr_line' id='line_1_115' title="bbox 1358 832 2511 887; baseline 0.003 -22"><span class='ocrx_word' id='word_1_860' title='bbox 1358 847 1420 880; x_wconf 46' lang='grc' dir='ltr'>,ηις</span> <span class='ocrx_word' id='word_1_861' title='bbox 1443 836 1610 875; x_wconf 78' lang='lat' dir='ltr'>Molyneux,</span> <span class='ocrx_word' id='word_1_862' title='bbox 1627 836 1777 868; x_wconf 78' lang='lat' dir='ltr'>Willielmo</span> <span class='ocrx_word' id='word_1_863' title='bbox 1799 835 1912 875; x_wconf 71' lang='lat' dir='ltr'>Griffi’th</span> <span class='ocrx_word' id='word_1_864' title='bbox 1937 836 2068 875; x_wconf 84' lang='lat' dir='ltr'>Seniori,</span> <span class='ocrx_word' id='word_1_865' title='bbox 2087 834 2238 868; x_wconf 82' lang='lat' dir='ltr'>Willielmo</span> <span class='ocrx_word' id='word_1_866' title='bbox 2261 837 2364 878; x_wconf 81' lang='lat' dir='ltr'>Bukley</span> <span class='ocrx_word' id='word_1_867' title='bbox 2403 833 2479 887; x_wconf 65' lang='lat'>147&#39;8</span> <span class='ocrx_word' id='word_1_868' title='bbox 2501 832 2511 842; x_wconf 72' lang='grc'><strong><em>’</em></strong></span> 
     </span>
     <span class='ocr_line' id='line_1_116' title="bbox 1296 871 2491 943; baseline 0.002 -39"><span class='ocrx_word' id='word_1_869' title='bbox 1296 872 1424 943; x_wconf 42' lang='grc' dir='ltr'>ὃεῐὲιςᾳτιῖ</span> <span class='ocrx_word' id='word_1_870' title='bbox 1442 875 1475 905; x_wconf 89' lang='lat'>&amp;</span> <span class='ocrx_word' id='word_1_871' title='bbox 1487 874 1617 943; x_wconf 61' lang='lat' dir='ltr'>Jghanni</span> <span class='ocrx_word' id='word_1_872' title='bbox 1629 875 1757 913; x_wconf 82' lang='lat' dir='ltr'>Boteler,</span> <span class='ocrx_word' id='word_1_873' title='bbox 1774 875 1911 906; x_wconf 85' lang='lat' dir='ltr'>Salutem.</span> <span class='ocrx_word' id='word_1_874' title='bbox 2380 888 2434 913; x_wconf 66' lang='lat' dir='ltr'>An,</span> <span class='ocrx_word' id='word_1_875' title='bbox 2452 871 2491 913; x_wconf 51' lang='grc' dir='ltr'>[δ’</span> 
     </span>
    </p>

    <p class='ocr_par' dir='ltr' id='par_1_32' title="bbox 1378 908 2496 951">
     <span class='ocr_line' id='line_1_117' title="bbox 1378 908 2496 951; baseline 0.004 -8"><span class='ocrx_word' id='word_1_876' title='bbox 1378 922 1437 943; x_wconf 74' lang='lat' dir='ltr'>tatis</span> <span class='ocrx_word' id='word_1_877' title='bbox 1452 916 1512 951; x_wconf 75' lang='lat' dir='ltr'>quo</span> <span class='ocrx_word' id='word_1_878' title='bbox 1541 935 1552 951; x_wconf 86' lang='lat'>,</span> <span class='ocrx_word' id='word_1_879' title='bbox 2488 908 2496 915; x_wconf 60' lang='lat'>⁸</span> 
     </span>
    </p>

    <p class='ocr_par' dir='ltr' id='par_1_33' title="bbox 1299 927 2514 1183">
     <span class='ocr_line' id='line_1_118' title="bbox 1338 927 2488 995; baseline 0.003 -14"><span class='ocrx_word' id='word_1_880' title='bbox 1338 950 1420 995; x_wconf 80' lang='lat' dir='ltr'>Cum</span> <span class='ocrx_word' id='word_1_881' title='bbox 1435 952 1578 990; x_wconf 88' lang='lat' dir='ltr'>quandam</span> <span class='ocrx_word' id='word_1_882' title='bbox 1598 951 1745 983; x_wconf 87' lang='lat' dir='ltr'>Armatam</span> <span class='ocrx_word' id='word_1_883' title='bbox 1757 975 1766 990; x_wconf 95' lang='lat'>,</span> <span class='ocrx_word' id='word_1_884' title='bbox 1781 951 2009 983; x_wconf 85' lang='lat' dir='ltr'>Trescentorum</span> <span class='ocrx_word' id='word_1_885' title='bbox 2032 951 2198 984; x_wconf 82' lang='lat' dir='ltr'>Hominum</span> <span class='ocrx_word' id='word_1_886' title='bbox 2220 953 2254 984; x_wconf 90' lang='lat' dir='ltr'>ad</span> <span class='ocrx_word' id='word_1_887' title='bbox 2277 953 2367 985; x_wconf 87' lang='lat' dir='ltr'>Arma</span> <span class='ocrx_word' id='word_1_888' title='bbox 2382 927 2488 991; x_wconf 43' lang='lat' dir='ltr'>11:322?ss</span> 
     </span>
     <span class='ocr_line' id='line_1_119' title="bbox 1299 985 2514 1038; baseline 0.003 -18"><span class='ocrx_word' id='word_1_889' title='bbox 1299 989 1333 1020; x_wconf 90' lang='lat'>&amp;</span> <span class='ocrx_word' id='word_1_890' title='bbox 1346 990 1579 1029; x_wconf 84' lang='lat' dir='ltr'>Sagittariorum,</span> <span class='ocrx_word' id='word_1_891' title='bbox 1595 1001 1664 1022; x_wconf 91' lang='lat' dir='ltr'>cum</span> <span class='ocrx_word' id='word_1_892' title='bbox 1679 990 1797 1021; x_wconf 71' lang='lat' dir='ltr'>Dilecto</span> <span class='ocrx_word' id='word_1_893' title='bbox 1814 991 1846 1021; x_wconf 75' lang='grc' dir='ltr'>ὃ(</span> <span class='ocrx_word' id='word_1_894' title='bbox 1862 990 1951 1020; x_wconf 88' lang='lat' dir='ltr'>Fideli</span> <span class='ocrx_word' id='word_1_895' title='bbox 1964 990 2062 1021; x_wconf 88' lang='lat' dir='ltr'>nostro</span> <span class='ocrx_word' id='word_1_896' title='bbox 2077 993 2194 1021; x_wconf 73' lang='lat' dir='ltr'>Hernico</span> <span class='ocrx_word' id='word_1_897' title='bbox 2207 995 2284 1034; x_wconf 84' lang='lat' dir='ltr'>Gray</span> <span class='ocrx_word' id='word_1_898' title='bbox 2292 993 2366 1024; x_wconf 91' lang='lat' dir='ltr'>Sub—</span> <span class='ocrx_word' id='word_1_899' title='bbox 2383 1005 2402 1028; x_wconf 71' lang='lat' dir='ltr'>p,</span> <span class='ocrx_word' id='word_1_900' title='bbox 2421 1011 2447 1037; x_wconf 82' lang='lat'>4,</span> <span class='ocrx_word' id='word_1_901' title='bbox 2457 985 2514 1038; x_wconf 33' lang='lat' dir='ltr'>pm}</span> 
     </span>
     <span class='ocr_line' id='line_1_120' title="bbox 1299 1028 2487 1075; baseline 0.003 -17"><span class='ocrx_word' id='word_1_902' title='bbox 1299 1028 1514 1060; x_wconf 87' lang='lat' dir='ltr'>locumtenente</span> <span class='ocrx_word' id='word_1_903' title='bbox 1538 1030 1632 1060; x_wconf 89' lang='lat' dir='ltr'>ultimi</span> <span class='ocrx_word' id='word_1_904' title='bbox 1653 1028 1753 1060; x_wconf 90' lang='lat' dir='ltr'>Geniti</span> <span class='ocrx_word' id='word_1_905' title='bbox 1784 1029 1848 1060; x_wconf 84' lang='lat' dir='ltr'>Filii</span> <span class='ocrx_word' id='word_1_906' title='bbox 1875 1029 1965 1059; x_wconf 88' lang='lat' dir='ltr'>nostri</span> <span class='ocrx_word' id='word_1_907' title='bbox 1994 1031 2101 1067; x_wconf 84' lang='lat' dir='ltr'>Georgii</span> <span class='ocrx_word' id='word_1_908' title='bbox 2128 1029 2366 1063; x_wconf 87' lang='lat' dir='ltr'>Locumtenentis</span> <span class='ocrx_word' id='word_1_909' title='bbox 2383 1048 2419 1067; x_wconf 72' lang='lat' dir='ltr'>m,</span> <span class='ocrx_word' id='word_1_910' title='bbox 2440 1047 2487 1075; x_wconf 90' lang='lat'>²5·</span> 
     </span>
     <span class='ocr_line' id='line_1_121' title="bbox 1300 1067 2371 1113; baseline 0.003 -15"><span class='ocrx_word' id='word_1_911' title='bbox 1300 1067 1403 1112; x_wconf 72' lang='lat' dir='ltr'>Terrae</span> <span class='ocrx_word' id='word_1_912' title='bbox 1417 1067 1520 1113; x_wconf 56' lang='lat' dir='ltr'>nostrae</span> <span class='ocrx_word' id='word_1_913' title='bbox 1539 1067 1691 1099; x_wconf 74' lang='lat' dir='ltr'>Hiberniae</span> <span class='ocrx_word' id='word_1_914' title='bbox 1701 1092 1710 1107; x_wconf 91' lang='lat'>,</span> <span class='ocrx_word' id='word_1_915' title='bbox 1729 1067 1814 1105; x_wconf 85' lang='lat' dir='ltr'>usque</span> <span class='ocrx_word' id='word_1_916' title='bbox 1829 1069 1862 1099; x_wconf 68' lang='grc' dir='ltr'>ὃς</span> <span class='ocrx_word' id='word_1_917' title='bbox 1877 1068 1970 1098; x_wconf 87' lang='lat' dir='ltr'>versus</span> <span class='ocrx_word' id='word_1_918' title='bbox 1986 1067 2109 1098; x_wconf 86' lang='lat' dir='ltr'>Terram</span> <span class='ocrx_word' id='word_1_919' title='bbox 2124 1068 2218 1107; x_wconf 90' lang='lat' dir='ltr'>illam,</span> <span class='ocrx_word' id='word_1_920' title='bbox 2233 1070 2263 1100; x_wconf 93' lang='lat' dir='ltr'>in</span> <span class='ocrx_word' id='word_1_921' title='bbox 2285 1069 2371 1101; x_wconf 85' lang='lat' dir='ltr'>Refi-</span> 
     </span>
     <span class='ocr_line' id='line_1_122' title="bbox 1303 1105 2369 1142; baseline 0.005 -5"><span class='ocrx_word' id='word_1_922' title='bbox 1303 1105 1432 1137; x_wconf 86' lang='lat' dir='ltr'>stentiam</span> <span class='ocrx_word' id='word_1_923' title='bbox 1456 1106 1648 1138; x_wconf 87' lang='lat' dir='ltr'>Imrnicorum</span> <span class='ocrx_word' id='word_1_924' title='bbox 1670 1108 1704 1138; x_wconf 75' lang='grc' dir='ltr'>δε</span> <span class='ocrx_word' id='word_1_925' title='bbox 1728 1106 1961 1137; x_wconf 84' lang='lat' dir='ltr'>Adversariorum</span> <span class='ocrx_word' id='word_1_926' title='bbox 1979 1105 2142 1137; x_wconf 87' lang='lat' dir='ltr'>nostrorum</span> <span class='ocrx_word' id='word_1_927' title='bbox 2152 1107 2259 1138; x_wconf 79' lang='lat' dir='ltr'>ibidem</span> <span class='ocrx_word' id='word_1_928' title='bbox 2280 1109 2369 1142; x_wconf 83' lang='lat' dir='ltr'>indies</span> 
     </span>
     <span class='ocr_line' id='line_1_123' title="bbox 1303 1145 1790 1183; baseline 0.002 -8"><span class='ocrx_word' id='word_1_929' title='bbox 1303 1145 1512 1176; x_wconf 84' lang='lat' dir='ltr'>confluentium</span> <span class='ocrx_word' id='word_1_930' title='bbox 1520 1171 1530 1183; x_wconf 83' lang='lat'>,</span> <span class='ocrx_word' id='word_1_931' title='bbox 1547 1146 1773 1177; x_wconf 85' lang='lat' dir='ltr'>ordinaverimus</span> <span class='ocrx_word' id='word_1_932' title='bbox 1781 1170 1790 1183; x_wconf 85' lang='lat'>,</span> 
     </span>
    </p>
   </div>
   <div class='ocr_carea' id='block_1_22' title="bbox 1305 1182 2382 1494">
    <p class='ocr_par' dir='ltr' id='par_1_34' title="bbox 1305 1182 2376 1254">
     <span class='ocr_line' id='line_1_124' title="bbox 1329 1182 2376 1254; baseline 0.003 -39"><span class='ocrx_word' id='word_1_933' title='bbox 1329 1183 1379 1231; x_wconf 24' lang='lat' dir='ltr'>*iit</span> <span class='ocrx_word' id='word_1_934' title='bbox 1391 1185 1428 1215; x_wconf 91' lang='lat' dir='ltr'>de</span> <span class='ocrx_word' id='word_1_935' title='bbox 1441 1184 1632 1254; x_wconf 50' lang='lat' dir='ltr'>Igciidelitatibus</span> <span class='ocrx_word' id='word_1_936' title='bbox 1647 1185 1680 1216; x_wconf 76' lang='grc' dir='ltr'>δε</span> <span class='ocrx_word' id='word_1_937' title='bbox 1703 1184 1831 1224; x_wconf 88' lang='lat' dir='ltr'>providis</span> <span class='ocrx_word' id='word_1_938' title='bbox 1854 1182 2169 1221; x_wconf 70' lang='lat' dir='ltr'>Circumspefflontbus</span> <span class='ocrx_word' id='word_1_939' title='bbox 2191 1182 2291 1216; x_wconf 84' lang='lat' dir='ltr'>vestris</span> <span class='ocrx_word' id='word_1_940' title='bbox 2314 1185 2376 1225; x_wconf 87' lang='lat' dir='ltr'>ple-</span> 
     </span>
     <span class='ocr_line' id='line_1_125' title="bbox 1305 1233 1559 1254; baseline -0.004 0"><span class='ocrx_word' id='word_1_941' title='bbox 1305 1233 1368 1254; x_wconf 87' lang='lat' dir='ltr'>mus</span> <span class='ocrx_word' id='word_1_942' title='bbox 1383 1233 1441 1254; x_wconf 88' lang='lat' dir='ltr'>con</span> <span class='ocrx_word' id='word_1_943' title='bbox 1481 1233 1559 1254; x_wconf 87' lang='lat' dir='ltr'>entes</span> 
     </span>
    </p>

    <p class='ocr_par' dir='ltr' id='par_1_35' title="bbox 1306 1246 2382 1494">
     <span class='ocr_line' id='line_1_126' title="bbox 1343 1246 2377 1300; baseline 0.004 -9"><span class='ocrx_word' id='word_1_944' title='bbox 1343 1261 1555 1300; x_wconf 83' lang='lat' dir='ltr'>Affignavimus</span> <span class='ocrx_word' id='word_1_945' title='bbox 1567 1246 1645 1300; x_wconf 74' lang='lat' dir='ltr'>&#39;vos,</span> <span class='ocrx_word' id='word_1_946' title='bbox 1663 1271 1698 1293; x_wconf 89' lang='lat' dir='ltr'>ac</span> <span class='ocrx_word' id='word_1_947' title='bbox 1718 1262 1803 1293; x_wconf 86' lang='lat' dir='ltr'>vobis</span> <span class='ocrx_word' id='word_1_948' title='bbox 1826 1261 1859 1291; x_wconf 91' lang='lat'><strong>&amp;</strong></span> <span class='ocrx_word' id='word_1_949' title='bbox 1883 1260 2000 1292; x_wconf 74' lang='lat' dir='ltr'>cuilibet</span> <span class='ocrx_word' id='word_1_950' title='bbox 2014 1259 2142 1292; x_wconf 67' lang='lat' dir='ltr'>vestrum</span> <span class='ocrx_word' id='word_1_951' title='bbox 2160 1260 2273 1298; x_wconf 87' lang='lat' dir='ltr'>plenam</span> <span class='ocrx_word' id='word_1_952' title='bbox 2289 1261 2377 1295; x_wconf 83' lang='lat' dir='ltr'>Pote-</span> 
     </span>
     <span class='ocr_line' id='line_1_127' title="bbox 1307 1298 2357 1338; baseline 0.001 -7"><span class='ocrx_word' id='word_1_953' title='bbox 1307 1299 1406 1331; x_wconf 87' lang='lat' dir='ltr'>statem</span> <span class='ocrx_word' id='word_1_954' title='bbox 1426 1301 1460 1331; x_wconf 90' lang='lat'>&amp;</span> <span class='ocrx_word' id='word_1_955' title='bbox 1484 1300 1697 1332; x_wconf 65' lang='lat' dir='ltr'>Austoritatem</span> <span class='ocrx_word' id='word_1_956' title='bbox 1721 1310 1771 1338; x_wconf 89' lang='lat' dir='ltr'>per</span> <span class='ocrx_word' id='word_1_957' title='bbox 1796 1299 1947 1331; x_wconf 82' lang='lat' dir='ltr'>Praesentes</span> <span class='ocrx_word' id='word_1_958' title='bbox 1960 1299 2071 1329; x_wconf 88' lang='lat' dir='ltr'>Damus</span> <span class='ocrx_word' id='word_1_959' title='bbox 2084 1299 2118 1330; x_wconf 89' lang='lat'>&amp;</span> <span class='ocrx_word' id='word_1_960' title='bbox 2134 1298 2357 1332; x_wconf 82' lang='lat' dir='ltr'>Committimus</span> 
     </span>
     <span class='ocr_line' id='line_1_128' title="bbox 1306 1324 2380 1371; baseline 0.001 -1"><span class='ocrx_word' id='word_1_961' title='bbox 1306 1340 1343 1370; x_wconf 90' lang='lat' dir='ltr'>ad</span> <span class='ocrx_word' id='word_1_962' title='bbox 1366 1338 1536 1370; x_wconf 87' lang='lat' dir='ltr'>Monstrum</span> <span class='ocrx_word' id='word_1_963' title='bbox 1562 1339 1618 1370; x_wconf 90' lang='lat' dir='ltr'>five</span> <span class='ocrx_word' id='word_1_964' title='bbox 1641 1338 1885 1370; x_wconf 85' lang='lat' dir='ltr'>Monstrationem</span> <span class='ocrx_word' id='word_1_965' title='bbox 1906 1338 2132 1369; x_wconf 86' lang='lat' dir='ltr'>Trescentorum</span> <span class='ocrx_word' id='word_1_966' title='bbox 2153 1337 2319 1369; x_wconf 84' lang='lat' dir='ltr'>Hominum</span> <span class='ocrx_word' id='word_1_967' title='bbox 2339 1324 2380 1371; x_wconf 67' lang='lat' dir='ltr'>ad</span> 
     </span>
     <span class='ocr_line' id='line_1_129' title="bbox 1309 1376 2381 1418; baseline 0 -9"><span class='ocrx_word' id='word_1_968' title='bbox 1309 1378 1399 1409; x_wconf 89' lang='lat' dir='ltr'>Arma</span> <span class='ocrx_word' id='word_1_969' title='bbox 1421 1379 1455 1410; x_wconf 88' lang='lat'>&amp;</span> <span class='ocrx_word' id='word_1_970' title='bbox 1475 1378 1689 1417; x_wconf 89' lang='lat' dir='ltr'>Sagittariorum</span> <span class='ocrx_word' id='word_1_971' title='bbox 1713 1378 1918 1416; x_wconf 66' lang='lat' dir='ltr'>praedietorum</span> <span class='ocrx_word' id='word_1_972' title='bbox 1934 1401 1943 1415; x_wconf 98' lang='lat'>,</span> <span class='ocrx_word' id='word_1_973' title='bbox 1968 1378 1996 1408; x_wconf 87' lang='lat' dir='ltr'>in</span> <span class='ocrx_word' id='word_1_974' title='bbox 2017 1376 2113 1414; x_wconf 88' lang='lat' dir='ltr'>aliquo</span> <span class='ocrx_word' id='word_1_975' title='bbox 2136 1376 2224 1408; x_wconf 93' lang='lat' dir='ltr'>Loco</span> <span class='ocrx_word' id='word_1_976' title='bbox 2246 1387 2381 1418; x_wconf 81' lang='lat' dir='ltr'>congruo</span> 
     </span>
     <span class='ocr_line' id='line_1_130' title="bbox 1310 1414 2380 1457; baseline 0.002 -11"><span class='ocrx_word' id='word_1_977' title='bbox 1310 1418 1401 1455; x_wconf 76' lang='lat' dir='ltr'>prope</span> <span class='ocrx_word' id='word_1_978' title='bbox 1423 1416 1573 1457; x_wconf 89' lang='lat' dir='ltr'>Conwey,</span> <span class='ocrx_word' id='word_1_979' title='bbox 1595 1418 1674 1455; x_wconf 84' lang='lat' dir='ltr'>juxta</span> <span class='ocrx_word' id='word_1_980' title='bbox 1694 1416 1769 1448; x_wconf 83' lang='lat' dir='ltr'>sanas</span> <span class='ocrx_word' id='word_1_981' title='bbox 1794 1416 1986 1447; x_wconf 84' lang='lat' dir='ltr'>Discretiones</span> <span class='ocrx_word' id='word_1_982' title='bbox 2004 1414 2124 1453; x_wconf 86' lang='lat' dir='ltr'>vestras,</span> <span class='ocrx_word' id='word_1_983' title='bbox 2142 1414 2323 1454; x_wconf 88' lang='lat' dir='ltr'>Capiendum</span> <span class='ocrx_word' id='word_1_984' title='bbox 2343 1417 2380 1448; x_wconf 74' lang='grc' dir='ltr'>δε</span> 
     </span>
     <span class='ocr_line' id='line_1_131' title="bbox 1308 1453 2382 1494; baseline 0 -8"><span class='ocrx_word' id='word_1_985' title='bbox 1308 1455 1556 1493; x_wconf 87' lang='lat' dir='ltr'>Supervidendum</span> <span class='ocrx_word' id='word_1_986' title='bbox 1567 1478 1576 1494; x_wconf 88' lang='lat'>,</span> <span class='ocrx_word' id='word_1_987' title='bbox 1594 1456 1627 1487; x_wconf 73' lang='grc' dir='ltr'>ὅ(</span> <span class='ocrx_word' id='word_1_988' title='bbox 1642 1455 1712 1486; x_wconf 89' lang='lat' dir='ltr'>Nos</span> <span class='ocrx_word' id='word_1_989' title='bbox 1730 1457 1762 1488; x_wconf 90' lang='lat'>&amp;</span> <span class='ocrx_word' id='word_1_990' title='bbox 1779 1455 1949 1486; x_wconf 88' lang='lat' dir='ltr'>Concilium</span> <span class='ocrx_word' id='word_1_991' title='bbox 1965 1453 2097 1485; x_wconf 89' lang='lat' dir='ltr'>nostrum</span> <span class='ocrx_word' id='word_1_992' title='bbox 2112 1454 2172 1485; x_wconf 71' lang='lat' dir='ltr'>tam</span> <span class='ocrx_word' id='word_1_993' title='bbox 2187 1455 2223 1485; x_wconf 90' lang='lat' dir='ltr'>de</span> <span class='ocrx_word' id='word_1_994' title='bbox 2238 1454 2382 1486; x_wconf 85' lang='lat' dir='ltr'>Numero</span> 
     </span>
    </p>
   </div>
   <div class='ocr_carea' id='block_1_23' title="bbox 1310 1492 2381 1564">
    <p class='ocr_par' dir='ltr' id='par_1_36' title="bbox 1310 1492 2381 1564">
     <span class='ocr_line' id='line_1_132' title="bbox 1311 1492 2381 1535; baseline 0.001 -11"><span class='ocrx_word' id='word_1_995' title='bbox 1311 1494 1481 1525; x_wconf 90' lang='lat' dir='ltr'>Hominum</span> <span class='ocrx_word' id='word_1_996' title='bbox 1494 1495 1529 1525; x_wconf 90' lang='lat' dir='ltr'>ad</span> <span class='ocrx_word' id='word_1_997' title='bbox 1546 1495 1637 1526; x_wconf 88' lang='lat' dir='ltr'>Arma</span> <span class='ocrx_word' id='word_1_998' title='bbox 1651 1494 1741 1534; x_wconf 75' lang='lat' dir='ltr'>quarn</span> <span class='ocrx_word' id='word_1_999' title='bbox 1756 1494 1981 1535; x_wconf 85' lang='lat' dir='ltr'>Sagittariorium</span> <span class='ocrx_word' id='word_1_1000' title='bbox 2001 1492 2208 1532; x_wconf 60' lang='lat' dir='ltr'>praediststorum</span> <span class='ocrx_word' id='word_1_1001' title='bbox 2227 1493 2286 1525; x_wconf 85' lang='lat' dir='ltr'>fine</span> <span class='ocrx_word' id='word_1_1002' title='bbox 2310 1493 2381 1525; x_wconf 76' lang='lat' dir='ltr'>diia-</span> 
     </span>
     <span class='ocr_line' id='line_1_133' title="bbox 1310 1532 1641 1564; baseline 0.003 -1"><span class='ocrx_word' id='word_1_1003' title='bbox 1310 1534 1390 1563; x_wconf 88' lang='lat' dir='ltr'>tione</span> <span class='ocrx_word' id='word_1_1004' title='bbox 1404 1532 1641 1564; x_wconf 76' lang='lat' dir='ltr'>Certificandum.</span> 
     </span>
    </p>
   </div>
   <div class='ocr_carea' id='block_1_24' title="bbox 1348 1570 1673 1649">
    <p class='ocr_par' dir='ltr' id='par_1_37' title="bbox 1348 1570 1673 1649">
     <span class='ocr_line' id='line_1_134' title="bbox 1350 1570 1567 1610; baseline 0.005 -9"><span class='ocrx_word' id='word_1_1005' title='bbox 1350 1570 1389 1602; x_wconf 90' lang='lat' dir='ltr'>Et</span> <span class='ocrx_word' id='word_1_1006' title='bbox 1403 1571 1488 1610; x_wconf 78' lang='lat' dir='ltr'>ideo,</span> <span class='ocrx_word' id='word_1_1007' title='bbox 1506 1573 1567 1603; x_wconf 88' lang='lat' dir='ltr'>&amp;c.</span> 
     </span>
     <span class='ocr_line' id='line_1_135' title="bbox 1348 1609 1673 1649; baseline 0.006 -9"><span class='ocrx_word' id='word_1_1008' title='bbox 1348 1609 1462 1641; x_wconf 87' lang='lat' dir='ltr'>Damus</span> <span class='ocrx_word' id='word_1_1009' title='bbox 1477 1619 1590 1649; x_wconf 80' lang='lat' dir='ltr'>autem,</span> <span class='ocrx_word' id='word_1_1010' title='bbox 1609 1611 1673 1642; x_wconf 78' lang='lat' dir='ltr'>&amp;c-</span> 
     </span>
    </p>
   </div>
   <div class='ocr_carea' id='block_1_25' title="bbox 1350 1685 2149 1767">
    <p class='ocr_par' dir='ltr' id='par_1_38' title="bbox 1350 1685 2149 1767">
     <span class='ocr_line' id='line_1_136' title="bbox 1350 1685 1576 1725; baseline 0.004 -9"><span class='ocrx_word' id='word_1_1011' title='bbox 1350 1685 1385 1716; x_wconf 92' lang='lat' dir='ltr'>In</span> <span class='ocrx_word' id='word_1_1012' title='bbox 1399 1688 1497 1725; x_wconf 82' lang='lat' dir='ltr'>cuius,</span> <span class='ocrx_word' id='word_1_1013' title='bbox 1515 1688 1576 1719; x_wconf 88' lang='lat' dir='ltr'>&amp;c.</span> 
     </span>
     <span class='ocr_line' id='line_1_137' title="bbox 1350 1723 2149 1767; baseline 0 -12"><span class='ocrx_word' id='word_1_1014' title='bbox 1350 1725 1441 1757; x_wconf 88' lang='lat' dir='ltr'>Teste</span> <span class='ocrx_word' id='word_1_1015' title='bbox 1454 1725 1536 1766; x_wconf 88' lang='lat' dir='ltr'>Rege</span> <span class='ocrx_word' id='word_1_1016' title='bbox 1549 1725 1625 1764; x_wconf 87' lang='lat' dir='ltr'>apud</span> <span class='ocrx_word' id='word_1_1017' title='bbox 1639 1725 1833 1767; x_wconf 82' lang='lat' dir='ltr'>Notyngham,</span> <span class='ocrx_word' id='word_1_1018' title='bbox 1847 1734 1929 1756; x_wconf 88' lang='lat' dir='ltr'>nono</span> <span class='ocrx_word' id='word_1_1019' title='bbox 1942 1723 2001 1755; x_wconf 91' lang='lat' dir='ltr'>Die</span> <span class='ocrx_word' id='word_1_1020' title='bbox 2018 1723 2149 1765; x_wconf 80' lang='lat' dir='ltr'>Augusti.</span> 
     </span>
    </p>
   </div>
   <div class='ocr_carea' id='block_1_26' title="bbox 1314 1859 2388 1943">
    <p class='ocr_par' dir='ltr' id='par_1_39' title="bbox 1314 1859 2388 1943">
     <span class='ocr_line' id='line_1_138' title="bbox 1314 1859 2388 1943; baseline -0.002 -48"><span class='ocrx_word' id='word_1_1021' title='bbox 1314 1863 1364 1895; x_wconf 89' lang='lat' dir='ltr'>De</span> <span class='ocrx_word' id='word_1_1022' title='bbox 1384 1860 1555 1895; x_wconf 66' lang='lat' dir='ltr'>Tranando</span> <span class='ocrx_word' id='word_1_1023' title='bbox 1564 1861 1656 1909; x_wconf 76' lang='lat' dir='ltr'>fhper</span> <span class='ocrx_word' id='word_1_1024' title='bbox 1672 1859 1861 1943; x_wconf 45' lang='lat' dir='ltr'>Sponfhssbus</span> <span class='ocrx_word' id='word_1_1025' title='bbox 1877 1863 1914 1898; x_wconf 64' lang='grc' dir='ltr'>(ῥ’</span> <span class='ocrx_word' id='word_1_1026' title='bbox 1935 1859 2016 1894; x_wconf 65' lang='lat' dir='ltr'>Filia</span> <span class='ocrx_word' id='word_1_1027' title='bbox 2033 1862 2121 1907; x_wconf 75' lang='lat' dir='ltr'>Regis</span> <span class='ocrx_word' id='word_1_1028' title='bbox 2145 1862 2327 1904; x_wconf 82' lang='lat' dir='ltr'>Dotati&#39;one,</span> <span class='ocrx_word' id='word_1_1029' title='bbox 2352 1863 2388 1893; x_wconf 80' lang='lat' dir='ltr'>in</span> 
     </span>
     <span class='ocr_line' id='line_1_139' title="bbox 1806 1920 1924 1943; baseline 0.008 -1"><span class='ocrx_word' id='word_1_1030' title='bbox 1806 1920 1924 1943; x_wconf 77' lang='lat' dir='ltr'>rancia.</span> 
     </span>
    </p>
   </div>
   <div class='ocr_carea' id='block_1_27' title="bbox 1316 1995 2546 4095">
    <p class='ocr_par' dir='ltr' id='par_1_40' title="bbox 1316 1995 2546 4095">
     <span class='ocr_line' id='line_1_140' title="bbox 1316 1995 2546 2054; baseline -0.005 -25"><span class='ocrx_word' id='word_1_1031' title='bbox 1316 1996 1429 2054; x_wconf 81' lang='lat' dir='ltr'>REX</span> <span class='ocrx_word' id='word_1_1032' title='bbox 1446 1996 1610 2036; x_wconf 86' lang='lat' dir='ltr'>Omnibus,</span> <span class='ocrx_word' id='word_1_1033' title='bbox 1626 1997 1663 2029; x_wconf 89' lang='lat' dir='ltr'>ad</span> <span class='ocrx_word' id='word_1_1034' title='bbox 1677 2006 1766 2036; x_wconf 88' lang='lat' dir='ltr'>quos,</span> <span class='ocrx_word' id='word_1_1035' title='bbox 1784 1996 1846 2029; x_wconf 72' lang='grc' dir='ltr'>διε.</span> <span class='ocrx_word' id='word_1_1036' title='bbox 1867 1995 2005 2028; x_wconf 80' lang='lat' dir='ltr'>Salutem.</span> <span class='ocrx_word' id='word_1_1037' title='bbox 2542 2028 2546 2033; x_wconf 39' lang='grc'><strong>,</strong></span> 
     </span>
     <span class='ocr_line' id='line_1_141' title="bbox 1406 2021 2512 2075; baseline -0.005 -9"><span class='ocrx_word' id='word_1_1038' title='bbox 1406 2036 1505 2067; x_wconf 89' lang='lat' dir='ltr'>Sciatis</span> <span class='ocrx_word' id='word_1_1039' title='bbox 1519 2036 1617 2075; x_wconf 81' lang='lat' dir='ltr'>quod,</span> <span class='ocrx_word' id='word_1_1040' title='bbox 2427 2021 2512 2060; x_wconf 65' lang='lat'>1473.</span> 
     </span>
     <span class='ocr_line' id='line_1_142' title="bbox 1355 2060 2524 2114; baseline -0.003 -9"><span class='ocrx_word' id='word_1_1041' title='bbox 1355 2074 1438 2105; x_wconf 79' lang='lat' dir='ltr'>Cum</span> <span class='ocrx_word' id='word_1_1042' title='bbox 1454 2075 1516 2105; x_wconf 72' lang='lat' dir='ltr'>alias</span> <span class='ocrx_word' id='word_1_1043' title='bbox 1527 2097 1537 2114; x_wconf 93' lang='lat'>,</span> <span class='ocrx_word' id='word_1_1044' title='bbox 1556 2076 1627 2105; x_wconf 85' lang='lat' dir='ltr'>inter</span> <span class='ocrx_word' id='word_1_1045' title='bbox 1644 2073 1714 2105; x_wconf 92' lang='lat' dir='ltr'>Nos</span> <span class='ocrx_word' id='word_1_1046' title='bbox 1729 2074 1762 2105; x_wconf 90' lang='lat'>&amp;</span> <span class='ocrx_word' id='word_1_1047' title='bbox 1785 2073 2000 2106; x_wconf 88' lang='lat' dir='ltr'>Serenisfimum</span> <span class='ocrx_word' id='word_1_1048' title='bbox 2022 2072 2188 2111; x_wconf 88' lang='lat' dir='ltr'>Principem</span> <span class='ocrx_word' id='word_1_1049' title='bbox 2212 2071 2390 2103; x_wconf 82' lang='lat' dir='ltr'>Lodowicum</span> <span class='ocrx_word' id='word_1_1050' title='bbox 2401 2064 2455 2089; x_wconf 82' lang='lat' dir='ltr'>An.</span> <span class='ocrx_word' id='word_1_1051' title='bbox 2478 2060 2524 2089; x_wconf 63' lang='grc'>[3-</span> 
     </span>
     <span class='ocr_line' id='line_1_143' title="bbox 1316 2103 2479 2153; baseline -0.001 -11"><span class='ocrx_word' id='word_1_1052' title='bbox 1316 2115 1439 2143; x_wconf 85' lang='lat' dir='ltr'>Franciae</span> <span class='ocrx_word' id='word_1_1053' title='bbox 1461 2112 1712 2153; x_wconf 68' lang='lat' dir='ltr'>Consanguineurn</span> <span class='ocrx_word' id='word_1_1054' title='bbox 1736 2112 1906 2143; x_wconf 85' lang='lat' dir='ltr'>cariffimum</span> <span class='ocrx_word' id='word_1_1055' title='bbox 1922 2135 1932 2151; x_wconf 94' lang='lat'>,</span> <span class='ocrx_word' id='word_1_1056' title='bbox 1957 2111 2149 2149; x_wconf 76' lang='lat' dir='ltr'>Promissum,</span> <span class='ocrx_word' id='word_1_1057' title='bbox 2175 2109 2386 2150; x_wconf 89' lang='lat' dir='ltr'>Conventum,</span> <span class='ocrx_word' id='word_1_1058' title='bbox 2405 2103 2435 2127; x_wconf 69' lang='grc' dir='ltr'>Ε·</span> <span class='ocrx_word' id='word_1_1059' title='bbox 2450 2109 2479 2136; x_wconf 84' lang='lat'>4·</span> 
     </span>
     <span class='ocr_line' id='line_1_144' title="bbox 1320 2137 2543 2190; baseline -0.002 -9"><span class='ocrx_word' id='word_1_1060' title='bbox 1320 2151 1558 2190; x_wconf 88' lang='lat' dir='ltr'>Concordatum,</span> <span class='ocrx_word' id='word_1_1061' title='bbox 1578 2155 1610 2183; x_wconf 65' lang='grc' dir='ltr'>ὅ(</span> <span class='ocrx_word' id='word_1_1062' title='bbox 1627 2150 1806 2183; x_wconf 82' lang='lat' dir='ltr'>Conclusum</span> <span class='ocrx_word' id='word_1_1063' title='bbox 1822 2151 1906 2182; x_wconf 85' lang='lat' dir='ltr'>fuerit</span> <span class='ocrx_word' id='word_1_1064' title='bbox 1927 2150 2008 2189; x_wconf 81' lang='lat' dir='ltr'>quod</span> <span class='ocrx_word' id='word_1_1065' title='bbox 2035 2149 2257 2181; x_wconf 89' lang='lat' dir='ltr'>Matrimonium</span> <span class='ocrx_word' id='word_1_1066' title='bbox 2277 2158 2392 2180; x_wconf 87' lang='lat' dir='ltr'>contra·</span> <span class='ocrx_word' id='word_1_1067' title='bbox 2404 2137 2543 2168; x_wconf 63' lang='lat' dir='ltr'>franaiss.</span> 
     </span>
     <span class='ocr_line' id='line_1_145' title="bbox 1321 2181 2544 2228; baseline -0.003 -7"><span class='ocrx_word' id='word_1_1068' title='bbox 1321 2191 1434 2221; x_wconf 87' lang='lat' dir='ltr'>heretur</span> <span class='ocrx_word' id='word_1_1069' title='bbox 1455 2192 1526 2222; x_wconf 89' lang='lat' dir='ltr'>inter</span> <span class='ocrx_word' id='word_1_1070' title='bbox 1548 2189 1768 2221; x_wconf 76' lang='lat' dir='ltr'>illustrissimum</span> <span class='ocrx_word' id='word_1_1071' title='bbox 1792 2189 1955 2228; x_wconf 77' lang='lat' dir='ltr'>Principem</span> <span class='ocrx_word' id='word_1_1072' title='bbox 1978 2188 2113 2219; x_wconf 77' lang='lat' dir='ltr'>Kar-olum</span> <span class='ocrx_word' id='word_1_1073' title='bbox 2127 2211 2136 2226; x_wconf 92' lang='lat'>,</span> <span class='ocrx_word' id='word_1_1074' title='bbox 2155 2188 2226 2218; x_wconf 68' lang='lat' dir='ltr'>dieii</span> <span class='ocrx_word' id='word_1_1075' title='bbox 2247 2187 2393 2219; x_wconf 88' lang='lat' dir='ltr'>Serenissi-</span> <span class='ocrx_word' id='word_1_1076' title='bbox 2410 2181 2440 2204; x_wconf 77' lang='lat' dir='ltr'>E.</span> <span class='ocrx_word' id='word_1_1077' title='bbox 2458 2186 2489 2212; x_wconf 82' lang='lat'>4·</span> <span class='ocrx_word' id='word_1_1078' title='bbox 2503 2185 2544 2206; x_wconf 71' lang='lat' dir='ltr'>m·</span> 
     </span>
     <span class='ocr_line' id='line_1_146' title="bbox 1323 2217 2440 2267; baseline -0.003 -9"><span class='ocrx_word' id='word_1_1079' title='bbox 1323 2230 1364 2258; x_wconf 91' lang='lat' dir='ltr'>mi</span> <span class='ocrx_word' id='word_1_1080' title='bbox 1379 2229 1517 2267; x_wconf 83' lang='lat' dir='ltr'>Principis</span> <span class='ocrx_word' id='word_1_1081' title='bbox 1531 2231 1672 2259; x_wconf 79' lang='lat' dir='ltr'>Lodowici</span> <span class='ocrx_word' id='word_1_1082' title='bbox 1683 2231 1805 2259; x_wconf 82' lang='lat' dir='ltr'>Franciae</span> <span class='ocrx_word' id='word_1_1083' title='bbox 1818 2227 2028 2267; x_wconf 76' lang='lat' dir='ltr'>consanguinei</span> <span class='ocrx_word' id='word_1_1084' title='bbox 2042 2227 2131 2257; x_wconf 89' lang='lat' dir='ltr'>nostri</span> <span class='ocrx_word' id='word_1_1085' title='bbox 2145 2225 2277 2257; x_wconf 84' lang='lat' dir='ltr'>carisfimi</span> <span class='ocrx_word' id='word_1_1086' title='bbox 2284 2226 2397 2266; x_wconf 80' lang='lat' dir='ltr'>Filium,</span> <span class='ocrx_word' id='word_1_1087' title='bbox 2411 2217 2440 2244; x_wconf 87' lang='lat'>⁶·</span> 
     </span>
     <span class='ocr_line' id='line_1_147' title="bbox 1322 2264 2392 2305; baseline -0.003 -6"><span class='ocrx_word' id='word_1_1088' title='bbox 1322 2267 1357 2298; x_wconf 89' lang='lat'>&amp;</span> <span class='ocrx_word' id='word_1_1089' title='bbox 1384 2268 1591 2299; x_wconf 78' lang='lat' dir='ltr'>Serenifsimam</span> <span class='ocrx_word' id='word_1_1090' title='bbox 1615 2268 1777 2298; x_wconf 89' lang='lat' dir='ltr'>Dominam</span> <span class='ocrx_word' id='word_1_1091' title='bbox 1805 2265 2021 2304; x_wconf 82' lang='lat' dir='ltr'>Elizahetham,</span> <span class='ocrx_word' id='word_1_1092' title='bbox 2037 2265 2136 2296; x_wconf 72' lang='lat' dir='ltr'>filiam</span> <span class='ocrx_word' id='word_1_1093' title='bbox 2154 2264 2272 2305; x_wconf 68' lang='lat' dir='ltr'>nostram</span> <span class='ocrx_word' id='word_1_1094' title='bbox 2285 2275 2392 2304; x_wconf 87' lang='lat' dir='ltr'>praeca-</span> 
     </span>
     <span class='ocr_line' id='line_1_148' title="bbox 1325 2305 2087 2346; baseline -0.003 -9"><span class='ocrx_word' id='word_1_1095' title='bbox 1325 2306 1460 2338; x_wconf 82' lang='lat' dir='ltr'>riffimam</span> <span class='ocrx_word' id='word_1_1096' title='bbox 1470 2330 1480 2346; x_wconf 93' lang='lat'>,</span> <span class='ocrx_word' id='word_1_1097' title='bbox 1499 2307 1570 2338; x_wconf 76' lang='lat' dir='ltr'>cum</span> <span class='ocrx_word' id='word_1_1098' title='bbox 1586 2307 1620 2338; x_wconf 91' lang='lat' dir='ltr'>ad</span> <span class='ocrx_word' id='word_1_1099' title='bbox 1636 2306 1738 2336; x_wconf 83' lang='lat' dir='ltr'>Annos</span> <span class='ocrx_word' id='word_1_1100' title='bbox 1752 2305 1874 2337; x_wconf 91' lang='lat' dir='ltr'>Nubiles</span> <span class='ocrx_word' id='word_1_1101' title='bbox 1889 2306 2087 2343; x_wconf 80' lang='lat' dir='ltr'>pervenirent,</span> 
     </span>
     <span class='ocr_line' id='line_1_149' title="bbox 1365 2337 2523 2384; baseline -0.005 -7"><span class='ocrx_word' id='word_1_1102' title='bbox 1365 2349 1380 2365; x_wconf 68' lang='lat'>⁵</span> <span class='ocrx_word' id='word_1_1103' title='bbox 1399 2346 1438 2376; x_wconf 90' lang='lat' dir='ltr'>Et</span> <span class='ocrx_word' id='word_1_1104' title='bbox 1451 2347 1533 2384; x_wconf 78' lang='lat' dir='ltr'>quod</span> <span class='ocrx_word' id='word_1_1105' title='bbox 1550 2345 1627 2376; x_wconf 90' lang='lat' dir='ltr'>idem</span> <span class='ocrx_word' id='word_1_1106' title='bbox 1642 2343 1836 2375; x_wconf 85' lang='lat' dir='ltr'>Sereniffimus</span> <span class='ocrx_word' id='word_1_1107' title='bbox 1855 2344 1989 2383; x_wconf 91' lang='lat' dir='ltr'>Princeps</span> <span class='ocrx_word' id='word_1_1108' title='bbox 2004 2344 2168 2373; x_wconf 78' lang='lat' dir='ltr'>Lodowr&#39;cus</span> <span class='ocrx_word' id='word_1_1109' title='bbox 2188 2340 2273 2381; x_wconf 88' lang='lat' dir='ltr'>ipsam</span> <span class='ocrx_word' id='word_1_1110' title='bbox 2299 2344 2395 2372; x_wconf 78' lang='lat' dir='ltr'>Domi-</span> <span class='ocrx_word' id='word_1_1111' title='bbox 2414 2337 2434 2358; x_wconf 75' lang='lat'>&#39;¹‘</span> <span class='ocrx_word' id='word_1_1112' title='bbox 2449 2339 2523 2367; x_wconf 66' lang='lat' dir='ltr'>XU-</span> 
     </span>
     <span class='ocr_line' id='line_1_150' title="bbox 1325 2380 2462 2422; baseline -0.001 -8"><span class='ocrx_word' id='word_1_1113' title='bbox 1325 2396 1390 2414; x_wconf 85' lang='lat' dir='ltr'>nam</span> <span class='ocrx_word' id='word_1_1114' title='bbox 1404 2384 1603 2414; x_wconf 83' lang='lat' dir='ltr'>Elizabetham</span> <span class='ocrx_word' id='word_1_1115' title='bbox 1618 2394 1634 2414; x_wconf 93' lang='lat' dir='ltr'>a</span> <span class='ocrx_word' id='word_1_1116' title='bbox 1647 2383 1754 2422; x_wconf 85' lang='lat' dir='ltr'>Regno</span> <span class='ocrx_word' id='word_1_1117' title='bbox 1770 2382 1903 2421; x_wconf 85' lang='lat' dir='ltr'>Angliae,</span> <span class='ocrx_word' id='word_1_1118' title='bbox 1918 2393 1970 2421; x_wconf 87' lang='lat' dir='ltr'>pro</span> <span class='ocrx_word' id='word_1_1119' title='bbox 1984 2381 2248 2420; x_wconf 84' lang='lat' dir='ltr'>Solempnizatione</span> <span class='ocrx_word' id='word_1_1120' title='bbox 2270 2380 2397 2419; x_wconf 82' lang='lat' dir='ltr'>ejusdem</span> <span class='ocrx_word' id='word_1_1121' title='bbox 2414 2387 2462 2413; x_wconf 87' lang='lat'>90·</span> 
     </span>
     <span class='ocr_line' id='line_1_151' title="bbox 1329 2418 2400 2461; baseline -0.003 -9"><span class='ocrx_word' id='word_1_1122' title='bbox 1329 2422 1531 2461; x_wconf 88' lang='lat' dir='ltr'>Matrimonii,</span> <span class='ocrx_word' id='word_1_1123' title='bbox 1549 2424 1577 2453; x_wconf 91' lang='lat' dir='ltr'>in</span> <span class='ocrx_word' id='word_1_1124' title='bbox 1596 2430 1686 2461; x_wconf 73' lang='lat' dir='ltr'>partes</span> <span class='ocrx_word' id='word_1_1125' title='bbox 1702 2422 1850 2460; x_wconf 85' lang='lat' dir='ltr'>Franciae,</span> <span class='ocrx_word' id='word_1_1126' title='bbox 1862 2421 2028 2460; x_wconf 87' lang='lat' dir='ltr'>Sumptibus</span> <span class='ocrx_word' id='word_1_1127' title='bbox 2042 2421 2076 2452; x_wconf 69' lang='grc' dir='ltr'>ὃ(</span> <span class='ocrx_word' id='word_1_1128' title='bbox 2093 2419 2228 2458; x_wconf 83' lang='lat' dir='ltr'>Expensis</span> <span class='ocrx_word' id='word_1_1129' title='bbox 2242 2418 2400 2457; x_wconf 81' lang='lat' dir='ltr'>suis,Con-</span> 
     </span>
     <span class='ocr_line' id='line_1_152' title="bbox 1328 2461 1771 2497; baseline -0.002 -5"><span class='ocrx_word' id='word_1_1130' title='bbox 1328 2462 1444 2493; x_wconf 86' lang='lat' dir='ltr'>duceret</span> <span class='ocrx_word' id='word_1_1131' title='bbox 1462 2461 1638 2492; x_wconf 89' lang='lat' dir='ltr'>Conducive</span> <span class='ocrx_word' id='word_1_1132' title='bbox 1653 2461 1771 2497; x_wconf 87' lang='lat' dir='ltr'>faceret,</span> 
     </span>
     <span class='ocr_line' id='line_1_153' title="bbox 1364 2495 2400 2539; baseline -0.005 -8"><span class='ocrx_word' id='word_1_1133' title='bbox 1364 2499 1514 2539; x_wconf 88' lang='lat' dir='ltr'>Ipsamque</span> <span class='ocrx_word' id='word_1_1134' title='bbox 1527 2501 1561 2531; x_wconf 90' lang='lat' dir='ltr'>ad</span> <span class='ocrx_word' id='word_1_1135' title='bbox 1577 2503 1729 2537; x_wconf 83' lang='lat' dir='ltr'>Sexaginta</span> <span class='ocrx_word' id='word_1_1136' title='bbox 1747 2497 1843 2529; x_wconf 84' lang='lat' dir='ltr'>Millia</span> <span class='ocrx_word' id='word_1_1137' title='bbox 1854 2498 2004 2528; x_wconf 81' lang='lat' dir='ltr'>Librarum</span> <span class='ocrx_word' id='word_1_1138' title='bbox 2021 2495 2153 2527; x_wconf 61' lang='lat' dir='ltr'>Redditis</span> <span class='ocrx_word' id='word_1_1139' title='bbox 2168 2498 2270 2526; x_wconf 81' lang='lat' dir='ltr'>Annui</span> <span class='ocrx_word' id='word_1_1140' title='bbox 2288 2498 2318 2525; x_wconf 86' lang='lat' dir='ltr'>in</span> <span class='ocrx_word' id='word_1_1141' title='bbox 2337 2497 2400 2526; x_wconf 65' lang='lat' dir='ltr'>Ar-</span> 
     </span>
     <span class='ocr_line' id='line_1_154' title="bbox 1319 2534 2400 2580; baseline -0.004 -11"><span class='ocrx_word' id='word_1_1142' title='bbox 1319 2539 1412 2580; x_wconf 77' lang='lat' dir='ltr'>fieta‚</span> <span class='ocrx_word' id='word_1_1143' title='bbox 1427 2538 1583 2570; x_wconf 77' lang='lat' dir='ltr'>secundum</span> <span class='ocrx_word' id='word_1_1144' title='bbox 1598 2537 1845 2568; x_wconf 89' lang='lat' dir='ltr'>Consuetudinem</span> <span class='ocrx_word' id='word_1_1145' title='bbox 1865 2535 1963 2574; x_wconf 88' lang='lat' dir='ltr'>Regni</span> <span class='ocrx_word' id='word_1_1146' title='bbox 1978 2535 2123 2574; x_wconf 89' lang='lat' dir='ltr'>Franciae,</span> <span class='ocrx_word' id='word_1_1147' title='bbox 2139 2535 2285 2565; x_wconf 83' lang='lat' dir='ltr'>annuatim</span> <span class='ocrx_word' id='word_1_1148' title='bbox 2304 2534 2400 2565; x_wconf 84' lang='lat' dir='ltr'>Dota-</span> 
     </span>
     <span class='ocr_line' id='line_1_155' title="bbox 1328 2572 2401 2616; baseline -0.007 -7"><span class='ocrx_word' id='word_1_1149' title='bbox 1328 2589 1390 2616; x_wconf 88' lang='lat' dir='ltr'>ret,</span> <span class='ocrx_word' id='word_1_1150' title='bbox 1409 2578 1511 2616; x_wconf 87' lang='lat' dir='ltr'>illaque</span> <span class='ocrx_word' id='word_1_1151' title='bbox 1535 2576 1601 2607; x_wconf 91' lang='lat' dir='ltr'>Dos</span> <span class='ocrx_word' id='word_1_1152' title='bbox 1619 2576 1801 2615; x_wconf 79' lang='lat' dir='ltr'>affignaretur</span> <span class='ocrx_word' id='word_1_1153' title='bbox 1820 2574 1914 2605; x_wconf 87' lang='lat' dir='ltr'>eidem</span> <span class='ocrx_word' id='word_1_1154' title='bbox 1938 2574 2079 2605; x_wconf 87' lang='lat' dir='ltr'>Dominae</span> <span class='ocrx_word' id='word_1_1155' title='bbox 2101 2573 2319 2612; x_wconf 74' lang='lat' dir='ltr'>quamprimum</span> <span class='ocrx_word' id='word_1_1156' title='bbox 2344 2572 2401 2611; x_wconf 75' lang='lat' dir='ltr'>ipsa</span> 
     </span>
     <span class='ocr_line' id='line_1_156' title="bbox 1328 2615 1820 2652; baseline -0.008 -4"><span class='ocrx_word' id='word_1_1157' title='bbox 1328 2619 1363 2649; x_wconf 86' lang='lat' dir='ltr'>ad</span> <span class='ocrx_word' id='word_1_1158' title='bbox 1379 2617 1481 2646; x_wconf 89' lang='lat' dir='ltr'>Annos</span> <span class='ocrx_word' id='word_1_1159' title='bbox 1501 2615 1624 2646; x_wconf 89' lang='lat' dir='ltr'>Nubiles</span> <span class='ocrx_word' id='word_1_1160' title='bbox 1640 2615 1820 2652; x_wconf 87' lang='lat' dir='ltr'>perveniret,</span> 
     </span>
     <span class='ocr_line' id='line_1_157' title="bbox 1366 2649 2402 2692; baseline -0.004 -8"><span class='ocrx_word' id='word_1_1161' title='bbox 1366 2655 1411 2684; x_wconf 87' lang='lat' dir='ltr'>Ad</span> <span class='ocrx_word' id='word_1_1162' title='bbox 1433 2653 1511 2692; x_wconf 89' lang='lat' dir='ltr'>quod</span> <span class='ocrx_word' id='word_1_1163' title='bbox 1531 2653 1650 2692; x_wconf 86' lang='lat' dir='ltr'>quidem</span> <span class='ocrx_word' id='word_1_1164' title='bbox 1671 2652 1891 2683; x_wconf 86' lang='lat' dir='ltr'>Matrimonium</span> <span class='ocrx_word' id='word_1_1165' title='bbox 1910 2651 1966 2689; x_wconf 88' lang='lat' dir='ltr'>fic,</span> <span class='ocrx_word' id='word_1_1166' title='bbox 1985 2659 2016 2681; x_wconf 93' lang='lat' dir='ltr'>ut</span> <span class='ocrx_word' id='word_1_1167' title='bbox 2033 2649 2214 2690; x_wconf 83' lang='lat' dir='ltr'>praedicitur,</span> <span class='ocrx_word' id='word_1_1168' title='bbox 2232 2649 2336 2688; x_wconf 82' lang='lat' dir='ltr'>absque</span> <span class='ocrx_word' id='word_1_1169' title='bbox 2349 2649 2402 2680; x_wconf 84' lang='lat' dir='ltr'>fal-</span> 
     </span>
     <span class='ocr_line' id='line_1_158' title="bbox 1330 2687 2403 2727; baseline -0.005 -3"><span class='ocrx_word' id='word_1_1170' title='bbox 1330 2694 1360 2724; x_wconf 93' lang='lat' dir='ltr'>lo</span> <span class='ocrx_word' id='word_1_1171' title='bbox 1377 2691 1589 2722; x_wconf 87' lang='lat' dir='ltr'>Celebrandum</span> <span class='ocrx_word' id='word_1_1172' title='bbox 1609 2691 1679 2722; x_wconf 94' lang='lat' dir='ltr'>Nos</span> <span class='ocrx_word' id='word_1_1173' title='bbox 1699 2689 1934 2727; x_wconf 76' lang='lat' dir='ltr'>promiserimus,</span> <span class='ocrx_word' id='word_1_1174' title='bbox 1952 2691 1986 2720; x_wconf 89' lang='lat'>&amp;</span> <span class='ocrx_word' id='word_1_1175' title='bbox 2004 2697 2121 2725; x_wconf 87' lang='lat' dir='ltr'>uterque</span> <span class='ocrx_word' id='word_1_1176' title='bbox 2133 2687 2266 2720; x_wconf 78' lang='lat' dir='ltr'>nostrfim</span> <span class='ocrx_word' id='word_1_1177' title='bbox 2283 2689 2313 2719; x_wconf 84' lang='lat' dir='ltr'>in</span> <span class='ocrx_word' id='word_1_1178' title='bbox 2326 2687 2403 2719; x_wconf 84' lang='lat' dir='ltr'>Ver·</span> 
     </span>
     <span class='ocr_line' id='line_1_159' title="bbox 1330 2727 2404 2769; baseline -0.003 -7"><span class='ocrx_word' id='word_1_1179' title='bbox 1330 2733 1370 2762; x_wconf 91' lang='lat' dir='ltr'>bo</span> <span class='ocrx_word' id='word_1_1180' title='bbox 1385 2731 1525 2769; x_wconf 89' lang='lat' dir='ltr'>Principis</span> <span class='ocrx_word' id='word_1_1181' title='bbox 1542 2731 1575 2761; x_wconf 72' lang='grc' dir='ltr'>ὅ(</span> <span class='ocrx_word' id='word_1_1182' title='bbox 1592 2729 1661 2760; x_wconf 89' lang='lat' dir='ltr'>Fide</span> <span class='ocrx_word' id='word_1_1183' title='bbox 1676 2729 1800 2768; x_wconf 70' lang='lat' dir='ltr'>praestita</span> <span class='ocrx_word' id='word_1_1184' title='bbox 1815 2728 1990 2766; x_wconf 84' lang='lat' dir='ltr'>promiserit,</span> <span class='ocrx_word' id='word_1_1185' title='bbox 2001 2729 2136 2758; x_wconf 90' lang='lat' dir='ltr'>omnibus</span> <span class='ocrx_word' id='word_1_1186' title='bbox 2150 2727 2203 2758; x_wconf 91' lang='lat' dir='ltr'>suis</span> <span class='ocrx_word' id='word_1_1187' title='bbox 2217 2728 2327 2758; x_wconf 84' lang='lat' dir='ltr'>viribus</span> <span class='ocrx_word' id='word_1_1188' title='bbox 2344 2727 2404 2759; x_wconf 77' lang='lat' dir='ltr'>suas</span> 
     </span>
     <span class='ocr_line' id='line_1_160' title="bbox 1331 2766 2403 2809; baseline -0.006 -8"><span class='ocrx_word' id='word_1_1189' title='bbox 1331 2779 1474 2809; x_wconf 89' lang='lat' dir='ltr'>apponere</span> <span class='ocrx_word' id='word_1_1190' title='bbox 1493 2768 1598 2799; x_wconf 88' lang='lat' dir='ltr'>Manus</span> <span class='ocrx_word' id='word_1_1191' title='bbox 1615 2768 1790 2806; x_wconf 83' lang='lat' dir='ltr'>AdJutrices,</span> <span class='ocrx_word' id='word_1_1192' title='bbox 1808 2768 1841 2797; x_wconf 88' lang='lat'>&amp;</span> <span class='ocrx_word' id='word_1_1193' title='bbox 1857 2776 1925 2797; x_wconf 89' lang='lat' dir='ltr'>cum</span> <span class='ocrx_word' id='word_1_1194' title='bbox 1940 2766 2048 2797; x_wconf 63' lang='lat' dir='ltr'>effedim</span> <span class='ocrx_word' id='word_1_1195' title='bbox 2063 2766 2126 2797; x_wconf 92' lang='lat' dir='ltr'>suos</span> <span class='ocrx_word' id='word_1_1196' title='bbox 2141 2766 2176 2796; x_wconf 90' lang='lat' dir='ltr'>ad</span> <span class='ocrx_word' id='word_1_1197' title='bbox 2188 2766 2247 2798; x_wconf 90' lang='lat' dir='ltr'>hoc</span> <span class='ocrx_word' id='word_1_1198' title='bbox 2261 2766 2403 2797; x_wconf 71' lang='lat' dir='ltr'>continue</span> 
     </span>
     <span class='ocr_line' id='line_1_161' title="bbox 1333 2804 2404 2846; baseline -0.005 -7"><span class='ocrx_word' id='word_1_1199' title='bbox 1333 2808 1496 2846; x_wconf 86' lang='lat' dir='ltr'>impendere</span> <span class='ocrx_word' id='word_1_1200' title='bbox 1513 2807 1653 2845; x_wconf 84' lang='lat' dir='ltr'>Labores,</span> <span class='ocrx_word' id='word_1_1201' title='bbox 1673 2815 1758 2844; x_wconf 91' lang='lat' dir='ltr'>prout</span> <span class='ocrx_word' id='word_1_1202' title='bbox 1771 2808 1799 2836; x_wconf 89' lang='lat' dir='ltr'>in</span> <span class='ocrx_word' id='word_1_1203' title='bbox 1816 2806 1917 2836; x_wconf 86' lang='lat' dir='ltr'>Literis</span> <span class='ocrx_word' id='word_1_1204' title='bbox 1933 2805 2114 2844; x_wconf 86' lang='lat' dir='ltr'>Parentibus,</span> <span class='ocrx_word' id='word_1_1205' title='bbox 2131 2804 2281 2843; x_wconf 74' lang='lat' dir='ltr'>superinde</span> <span class='ocrx_word' id='word_1_1206' title='bbox 2300 2804 2404 2834; x_wconf 86' lang='lat' dir='ltr'>confe-</span> 
     </span>
     <span class='ocr_line' id='line_1_162' title="bbox 1334 2841 2404 2884; baseline -0.007 -6"><span class='ocrx_word' id='word_1_1207' title='bbox 1334 2848 1385 2878; x_wconf 70' lang='lat' dir='ltr'>etis</span> <span class='ocrx_word' id='word_1_1208' title='bbox 1402 2848 1536 2883; x_wconf 84' lang='lat' dir='ltr'>(quarum</span> <span class='ocrx_word' id='word_1_1209' title='bbox 1557 2845 1630 2877; x_wconf 90' lang='lat' dir='ltr'>Data</span> <span class='ocrx_word' id='word_1_1210' title='bbox 1646 2845 1704 2883; x_wconf 88' lang='lat' dir='ltr'>est,</span> <span class='ocrx_word' id='word_1_1211' title='bbox 1725 2846 1754 2875; x_wconf 91' lang='lat' dir='ltr'>in</span> <span class='ocrx_word' id='word_1_1212' title='bbox 1770 2848 1895 2875; x_wconf 84' lang='lat' dir='ltr'>Civitate</span> <span class='ocrx_word' id='word_1_1213' title='bbox 1912 2843 2108 2884; x_wconf 84' lang='lat' dir='ltr'>Ambianenfi,</span> <span class='ocrx_word' id='word_1_1214' title='bbox 2121 2846 2177 2874; x_wconf 81' lang='lat' dir='ltr'>Die</span> <span class='ocrx_word' id='word_1_1215' title='bbox 2193 2841 2325 2882; x_wconf 64' lang='lat' dir='ltr'>Vicefimd</span> <span class='ocrx_word' id='word_1_1216' title='bbox 2339 2843 2404 2871; x_wconf 89' lang='lat' dir='ltr'>No-</span> 
     </span>
     <span class='ocr_line' id='line_1_163' title="bbox 1333 2879 2403 2923; baseline -0.007 -7"><span class='ocrx_word' id='word_1_1217' title='bbox 1333 2887 1371 2916; x_wconf 73' lang='lat' dir='ltr'>nci</span> <span class='ocrx_word' id='word_1_1218' title='bbox 1394 2884 1495 2923; x_wconf 64' lang='lat' dir='ltr'>Alenfis</span> <span class='ocrx_word' id='word_1_1219' title='bbox 1522 2884 1656 2923; x_wconf 72' lang='lat' dir='ltr'>Augusti,</span> <span class='ocrx_word' id='word_1_1220' title='bbox 1683 2888 1772 2914; x_wconf 87' lang='lat' dir='ltr'>Anno</span> <span class='ocrx_word' id='word_1_1221' title='bbox 1795 2885 1907 2913; x_wconf 84' lang='lat' dir='ltr'>Domini</span> <span class='ocrx_word' id='word_1_1222' title='bbox 1931 2882 2090 2923; x_wconf 85' lang='lat' dir='ltr'>Millefimo,</span> <span class='ocrx_word' id='word_1_1223' title='bbox 2111 2879 2403 2921; x_wconf 49' lang='lat' dir='ltr'>,Quadringentefimffi</span> 
     </span>
     <span class='ocr_line' id='line_1_164' title="bbox 1333 2923 1970 2968; baseline -0.005 -14"><span class='ocrx_word' id='word_1_1224' title='bbox 1333 2923 1524 2964; x_wconf 79' lang='lat' dir='ltr'>Septuagefimo</span> <span class='ocrx_word' id='word_1_1225' title='bbox 1540 2923 1647 2968; x_wconf 74' lang='lat' dir='ltr'>quinto)</span> <span class='ocrx_word' id='word_1_1226' title='bbox 1667 2923 1775 2960; x_wconf 78' lang='lat' dir='ltr'>plenii&#39;is</span> <span class='ocrx_word' id='word_1_1227' title='bbox 1788 2923 1970 2960; x_wconf 87' lang='lat' dir='ltr'>continetur,</span> 
     </span>
     <span class='ocr_line' id='line_1_165' title="bbox 1374 2955 2402 3000; baseline -0.008 -7"><span class='ocrx_word' id='word_1_1228' title='bbox 1374 2962 1511 3000; x_wconf 90' lang='lat' dir='ltr'>Cumque</span> <span class='ocrx_word' id='word_1_1229' title='bbox 1540 2962 1618 2992; x_wconf 83' lang='lat' dir='ltr'>idem</span> <span class='ocrx_word' id='word_1_1230' title='bbox 1644 2960 1845 2992; x_wconf 79' lang='lat' dir='ltr'>Illustrii‘fimus</span> <span class='ocrx_word' id='word_1_1231' title='bbox 1868 2959 2003 2997; x_wconf 86' lang='lat' dir='ltr'>Princeps</span> <span class='ocrx_word' id='word_1_1232' title='bbox 2026 2957 2146 2989; x_wconf 78' lang='lat' dir='ltr'>Karolus</span> <span class='ocrx_word' id='word_1_1233' title='bbox 2170 2955 2237 2994; x_wconf 91' lang='lat' dir='ltr'>(etfi</span> <span class='ocrx_word' id='word_1_1234' title='bbox 2259 2955 2402 2993; x_wconf 71' lang='lat' dir='ltr'>sponsalia</span> 
     </span>
     <span class='ocr_line' id='line_1_166' title="bbox 1334 2993 2403 3036; baseline -0.007 -5"><span class='ocrx_word' id='word_1_1235' title='bbox 1334 3001 1504 3032; x_wconf 83' lang='lat' dir='ltr'>contrahere</span> <span class='ocrx_word' id='word_1_1236' title='bbox 1518 3000 1607 3031; x_wconf 87' lang='lat' dir='ltr'>valeat</span> <span class='ocrx_word' id='word_1_1237' title='bbox 1619 3000 1629 3036; x_wconf 95' lang='lat'><em>)</em></span> <span class='ocrx_word' id='word_1_1238' title='bbox 1643 2999 1832 3030; x_wconf 72' lang='lat' dir='ltr'>indissolubile</span> <span class='ocrx_word' id='word_1_1239' title='bbox 1848 2997 2071 3029; x_wconf 88' lang='lat' dir='ltr'>Matrimonium</span> <span class='ocrx_word' id='word_1_1240' title='bbox 2080 3019 2090 3035; x_wconf 92' lang='lat'>,</span> <span class='ocrx_word' id='word_1_1241' title='bbox 2104 2996 2146 3026; x_wconf 92' lang='lat' dir='ltr'>ob</span> <span class='ocrx_word' id='word_1_1242' title='bbox 2156 2994 2212 3025; x_wconf 87' lang='lat' dir='ltr'>suae</span> <span class='ocrx_word' id='word_1_1243' title='bbox 2226 2993 2332 3024; x_wconf 87' lang='lat' dir='ltr'>AEtatis</span> <span class='ocrx_word' id='word_1_1244' title='bbox 2351 2994 2403 3025; x_wconf 86' lang='lat' dir='ltr'>de-</span> 
     </span>
     <span class='ocr_line' id='line_1_167' title="bbox 1335 3031 2406 3077; baseline -0.006 -7"><span class='ocrx_word' id='word_1_1245' title='bbox 1335 3040 1464 3077; x_wconf 67' lang='lat' dir='ltr'>festum,</span> <span class='ocrx_word' id='word_1_1246' title='bbox 1482 3049 1551 3069; x_wconf 90' lang='lat' dir='ltr'>cum</span> <span class='ocrx_word' id='word_1_1247' title='bbox 1565 3038 1665 3069; x_wconf 86' lang='lat' dir='ltr'>eadem</span> <span class='ocrx_word' id='word_1_1248' title='bbox 1682 3038 1751 3069; x_wconf 88' lang='lat' dir='ltr'>Filia</span> <span class='ocrx_word' id='word_1_1249' title='bbox 1764 3038 1859 3068; x_wconf 87' lang='lat' dir='ltr'>nostra</span> <span class='ocrx_word' id='word_1_1250' title='bbox 1875 3035 2041 3067; x_wconf 87' lang='lat' dir='ltr'>Elizabetha</span> <span class='ocrx_word' id='word_1_1251' title='bbox 2066 3037 2144 3072; x_wconf 88' lang='lat' dir='ltr'>(quae</span> <span class='ocrx_word' id='word_1_1252' title='bbox 2164 3031 2257 3063; x_wconf 88' lang='lat' dir='ltr'>modo</span> <span class='ocrx_word' id='word_1_1253' title='bbox 2282 3032 2406 3064; x_wconf 90' lang='lat' dir='ltr'>Duode-</span> 
     </span>
     <span class='ocr_line' id='line_1_168' title="bbox 1335 3071 2407 3115; baseline -0.005 -6"><span class='ocrx_word' id='word_1_1254' title='bbox 1335 3080 1395 3110; x_wconf 89' lang='lat' dir='ltr'>cim</span> <span class='ocrx_word' id='word_1_1255' title='bbox 1418 3077 1460 3108; x_wconf 87' lang='lat' dir='ltr'>est</span> <span class='ocrx_word' id='word_1_1256' title='bbox 1479 3077 1634 3108; x_wconf 85' lang='lat' dir='ltr'>Annorum</span> <span class='ocrx_word' id='word_1_1257' title='bbox 1655 3077 1803 3115; x_wconf 79' lang='lat' dir='ltr'>complete</span> <span class='ocrx_word' id='word_1_1258' title='bbox 1825 3077 1860 3107; x_wconf 92' lang='lat'>&amp;</span> <span class='ocrx_word' id='word_1_1259' title='bbox 1881 3075 1962 3112; x_wconf 88' lang='lat' dir='ltr'>ultra)</span> <span class='ocrx_word' id='word_1_1260' title='bbox 1981 3071 2222 3112; x_wconf 75' lang='lat' dir='ltr'>inpraesentiarum</span> <span class='ocrx_word' id='word_1_1261' title='bbox 2234 3071 2407 3104; x_wconf 85' lang='lat' dir='ltr'>contrahere</span> 
     </span>
     <span class='ocr_line' id='line_1_169' title="bbox 1336 3125 1477 3154; baseline -0.007 -6"><span class='ocrx_word' id='word_1_1262' title='bbox 1336 3125 1477 3154; x_wconf 85' lang='lat' dir='ltr'>nequeat,</span> 
     </span>
     <span class='ocr_line' id='line_1_170' title="bbox 1376 3154 1465 3192; baseline -0.011 -7"><span class='ocrx_word' id='word_1_1263' title='bbox 1376 3154 1445 3185; x_wconf 89' lang='lat' dir='ltr'>Nos</span> <span class='ocrx_word' id='word_1_1264' title='bbox 1455 3177 1465 3192; x_wconf 89' lang='lat'>,</span> 
     </span>
     <span class='ocr_line' id='line_1_171' title="bbox 1376 3185 2407 3229; baseline -0.005 -6"><span class='ocrx_word' id='word_1_1265' title='bbox 1376 3192 1578 3223; x_wconf 87' lang='lat' dir='ltr'>Inviolabi&#39;lem</span> <span class='ocrx_word' id='word_1_1266' title='bbox 1597 3191 1758 3229; x_wconf 84' lang='lat' dir='ltr'>Amicitiae,</span> <span class='ocrx_word' id='word_1_1267' title='bbox 1777 3191 1849 3221; x_wconf 87' lang='lat' dir='ltr'>inter</span> <span class='ocrx_word' id='word_1_1268' title='bbox 1867 3187 1937 3220; x_wconf 84' lang='lat' dir='ltr'>Nos</span> <span class='ocrx_word' id='word_1_1269' title='bbox 1957 3187 1990 3219; x_wconf 88' lang='lat'>&amp;</span> <span class='ocrx_word' id='word_1_1270' title='bbox 2009 3186 2132 3218; x_wconf 88' lang='lat' dir='ltr'>eundem</span> <span class='ocrx_word' id='word_1_1271' title='bbox 2151 3185 2407 3226; x_wconf 82' lang='lat' dir='ltr'>Consanguineum</span> 
     </span>
     <span class='ocr_line' id='line_1_172' title="bbox 1339 3224 2408 3267; baseline -0.006 -5"><span class='ocrx_word' id='word_1_1272' title='bbox 1339 3231 1468 3262; x_wconf 88' lang='lat' dir='ltr'>nostrum</span> <span class='ocrx_word' id='word_1_1273' title='bbox 1495 3230 1678 3267; x_wconf 64' lang='lat' dir='ltr'>contraditae,</span> <span class='ocrx_word' id='word_1_1274' title='bbox 1711 3229 1953 3264; x_wconf 83' lang='lat' dir='ltr'>observantiam,</span> <span class='ocrx_word' id='word_1_1275' title='bbox 1989 3226 2157 3263; x_wconf 60' lang='lat' dir='ltr'>dieiumque</span> <span class='ocrx_word' id='word_1_1276' title='bbox 2182 3224 2408 3256; x_wconf 88' lang='lat' dir='ltr'>Matrimonium</span> 
     </span>
     <span class='ocr_line' id='line_1_173' title="bbox 1340 3262 2411 3306; baseline -0.006 -5"><span class='ocrx_word' id='word_1_1277' title='bbox 1340 3271 1456 3302; x_wconf 88' lang='lat' dir='ltr'>felicem</span> <span class='ocrx_word' id='word_1_1278' title='bbox 1478 3270 1553 3306; x_wconf 72' lang='lat' dir='ltr'>juirta</span> <span class='ocrx_word' id='word_1_1279' title='bbox 1579 3268 1719 3299; x_wconf 83' lang='lat' dir='ltr'>Promissa</span> <span class='ocrx_word' id='word_1_1280' title='bbox 1738 3268 1874 3304; x_wconf 84' lang='lat' dir='ltr'>consequi</span> <span class='ocrx_word' id='word_1_1281' title='bbox 1891 3264 2030 3296; x_wconf 66' lang='lat' dir='ltr'>effoetum</span> <span class='ocrx_word' id='word_1_1282' title='bbox 2048 3267 2121 3303; x_wconf 85' lang='lat' dir='ltr'>(quo</span> <span class='ocrx_word' id='word_1_1283' title='bbox 2138 3262 2178 3293; x_wconf 91' lang='lat' dir='ltr'>nil</span> <span class='ocrx_word' id='word_1_1284' title='bbox 2195 3263 2295 3294; x_wconf 87' lang='lat' dir='ltr'>Nobis</span> <span class='ocrx_word' id='word_1_1285' title='bbox 2308 3287 2318 3302; x_wconf 91' lang='lat'>,</span> <span class='ocrx_word' id='word_1_1286' title='bbox 2346 3264 2411 3295; x_wconf 81' lang='lat' dir='ltr'>Res</span> 
     </span>
     <span class='ocr_line' id='line_1_174' title="bbox 1337 3302 2413 3345; baseline -0.007 -5"><span class='ocrx_word' id='word_1_1287' title='bbox 1337 3312 1411 3341; x_wconf 84' lang='lat' dir='ltr'>inter</span> <span class='ocrx_word' id='word_1_1288' title='bbox 1429 3308 1578 3345; x_wconf 79' lang='lat' dir='ltr'>secundas,</span> <span class='ocrx_word' id='word_1_1289' title='bbox 1596 3307 1758 3345; x_wconf 86' lang='lat' dir='ltr'>placabilius</span> <span class='ocrx_word' id='word_1_1290' title='bbox 1776 3306 1944 3344; x_wconf 87' lang='lat' dir='ltr'>contingere</span> <span class='ocrx_word' id='word_1_1291' title='bbox 1963 3303 2059 3342; x_wconf 68' lang='lat' dir='ltr'>queat)</span> <span class='ocrx_word' id='word_1_1292' title='bbox 2077 3304 2260 3340; x_wconf 81' lang='lat' dir='ltr'>summopere</span> <span class='ocrx_word' id='word_1_1293' title='bbox 2277 3302 2413 3335; x_wconf 86' lang='lat' dir='ltr'>anhelan-</span> 
     </span>
     <span class='ocr_line' id='line_1_175' title="bbox 1341 3358 1382 3379; baseline -0.049 0"><span class='ocrx_word' id='word_1_1294' title='bbox 1341 3358 1382 3379; x_wconf 86' lang='lat' dir='ltr'>tes</span> 
     </span>
     <span class='ocr_line' id='line_1_176' title="bbox 1380 3370 2412 3420; baseline -0.004 -6"><span class='ocrx_word' id='word_1_1295' title='bbox 1380 3370 1430 3415; x_wconf 63' lang='lat' dir='ltr'>be</span> <span class='ocrx_word' id='word_1_1296' title='bbox 1453 3383 1644 3413; x_wconf 88' lang='lat' dir='ltr'>Fideliratibus</span> <span class='ocrx_word' id='word_1_1297' title='bbox 1666 3383 1700 3413; x_wconf 84' lang='lat'>&amp;</span> <span class='ocrx_word' id='word_1_1298' title='bbox 1724 3381 1848 3420; x_wconf 88' lang='lat' dir='ltr'>providis</span> <span class='ocrx_word' id='word_1_1299' title='bbox 1869 3378 2198 3417; x_wconf 69' lang='lat' dir='ltr'>Circumspefflonibus,</span> <span class='ocrx_word' id='word_1_1300' title='bbox 2225 3378 2412 3410; x_wconf 70' lang='lat' dir='ltr'>Diieerorum</span> 
     </span>
     <span class='ocr_line' id='line_1_177' title="bbox 1342 3416 2412 3459; baseline -0.006 -6"><span class='ocrx_word' id='word_1_1301' title='bbox 1342 3424 1376 3453; x_wconf 89' lang='lat'>&amp;</span> <span class='ocrx_word' id='word_1_1302' title='bbox 1390 3421 1531 3451; x_wconf 90' lang='lat' dir='ltr'>Fidelium</span> <span class='ocrx_word' id='word_1_1303' title='bbox 1546 3420 1780 3450; x_wconf 87' lang='lat' dir='ltr'>Confiliariorum</span> <span class='ocrx_word' id='word_1_1304' title='bbox 1797 3419 1978 3456; x_wconf 88' lang='lat' dir='ltr'>nostrorum,</span> <span class='ocrx_word' id='word_1_1305' title='bbox 1993 3417 2124 3447; x_wconf 81' lang='lat' dir='ltr'>Richardt</span> <span class='ocrx_word' id='word_1_1306' title='bbox 2140 3416 2265 3459; x_wconf 81' lang='lat' dir='ltr'>Tunstall</span> <span class='ocrx_word' id='word_1_1307' title='bbox 2291 3417 2412 3456; x_wconf 83' lang='lat' dir='ltr'>Militis,</span> 
     </span>
     <span class='ocr_line' id='line_1_178' title="bbox 1342 3455 2411 3529; baseline -0.003 -41"><span class='ocrx_word' id='word_1_1308' title='bbox 1342 3461 1376 3529; x_wconf 59' lang='grc' dir='ltr'>ἐκ</span> <span class='ocrx_word' id='word_1_1309' title='bbox 1393 3458 1643 3497; x_wconf 54' lang='lat' dir='ltr'>MagiiirLThomae</span> <span class='ocrx_word' id='word_1_1310' title='bbox 1657 3460 1790 3495; x_wconf 82' lang='lat' dir='ltr'>Langton</span> <span class='ocrx_word' id='word_1_1311' title='bbox 1803 3457 1998 3488; x_wconf 83' lang='lat' dir='ltr'>Decretorum</span> <span class='ocrx_word' id='word_1_1312' title='bbox 2017 3455 2175 3494; x_wconf 69' lang='lat' dir='ltr'>Doetoris,</span> <span class='ocrx_word' id='word_1_1313' title='bbox 2195 3456 2306 3495; x_wconf 75' lang='lat' dir='ltr'>plenius</span> <span class='ocrx_word' id='word_1_1314' title='bbox 2318 3455 2411 3487; x_wconf 86' lang='lat' dir='ltr'>confi-</span> 
     </span>
     <span class='ocr_line' id='line_1_179' title="bbox 1364 3507 1459 3534; baseline -0.011 -6"><span class='ocrx_word' id='word_1_1315' title='bbox 1364 3507 1459 3534; x_wconf 88' lang='lat' dir='ltr'>entes,</span> 
     </span>
     <span class='ocr_line' id='line_1_180' title="bbox 1382 3532 2411 3573; baseline -0.005 -7"><span class='ocrx_word' id='word_1_1316' title='bbox 1382 3535 1458 3573; x_wconf 85' lang='lat' dir='ltr'>Ipsos</span> <span class='ocrx_word' id='word_1_1317' title='bbox 1481 3534 1594 3565; x_wconf 86' lang='lat' dir='ltr'>nostros</span> <span class='ocrx_word' id='word_1_1318' title='bbox 1616 3543 1700 3564; x_wconf 87' lang='lat' dir='ltr'>veros</span> <span class='ocrx_word' id='word_1_1319' title='bbox 1721 3534 1755 3565; x_wconf 68' lang='grc' dir='ltr'>ὃς</span> <span class='ocrx_word' id='word_1_1320' title='bbox 1775 3533 1947 3564; x_wconf 84' lang='lat' dir='ltr'>indubitatos</span> <span class='ocrx_word' id='word_1_1321' title='bbox 1974 3532 2194 3564; x_wconf 87' lang='lat' dir='ltr'>Ambasfiatores</span> <span class='ocrx_word' id='word_1_1322' title='bbox 2209 3555 2220 3571; x_wconf 94' lang='lat'>,</span> <span class='ocrx_word' id='word_1_1323' title='bbox 2251 3532 2385 3563; x_wconf 83' lang='lat' dir='ltr'>Oratores</span> <span class='ocrx_word' id='word_1_1324' title='bbox 2399 3552 2411 3568; x_wconf 91' lang='lat'>,</span> 
     </span>
     <span class='ocr_line' id='line_1_181' title="bbox 1345 3571 2413 3642; baseline -0.007 -37"><span class='ocrx_word' id='word_1_1325' title='bbox 1345 3574 1566 3642; x_wconf 46' lang='lat' dir='ltr'>Prorigiitzlaetsores,</span> <span class='ocrx_word' id='word_1_1326' title='bbox 1581 3574 1615 3604; x_wconf 90' lang='lat'>&amp;</span> <span class='ocrx_word' id='word_1_1327' title='bbox 1630 3571 1790 3610; x_wconf 87' lang='lat' dir='ltr'>Deputatos</span> <span class='ocrx_word' id='word_1_1328' title='bbox 1802 3572 1931 3610; x_wconf 85' lang='lat' dir='ltr'>speciales</span> <span class='ocrx_word' id='word_1_1329' title='bbox 1950 3571 2125 3603; x_wconf 82' lang='lat' dir='ltr'>Ordinamus</span> <span class='ocrx_word' id='word_1_1330' title='bbox 2144 3573 2178 3604; x_wconf 91' lang='lat'>&amp;</span> <span class='ocrx_word' id='word_1_1331' title='bbox 2203 3571 2413 3603; x_wconf 77' lang='lat' dir='ltr'>Censtituimus</span> 
     </span>
     <span class='ocr_line' id='line_1_182' title="bbox 1366 3621 1580 3648; baseline -0.009 -5"><span class='ocrx_word' id='word_1_1332' title='bbox 1366 3623 1395 3643; x_wconf 86' lang='lat' dir='ltr'>er</span> <span class='ocrx_word' id='word_1_1333' title='bbox 1438 3622 1449 3642; x_wconf 89' lang='lat' dir='ltr'>r</span> <span class='ocrx_word' id='word_1_1334' title='bbox 1486 3621 1580 3648; x_wconf 87' lang='lat' dir='ltr'>entes,</span> 
     </span>
     <span class='ocr_line' id='line_1_183' title="bbox 1345 3624 2413 3685; baseline -0.007 -4"><span class='ocrx_word' id='word_1_1335' title='bbox 1345 3624 1365 3654; x_wconf 71' lang='lat' dir='ltr'><strong>p</strong></span> <span class='ocrx_word' id='word_1_1336' title='bbox 1385 3651 1492 3681; x_wconf 63' lang='lat' dir='ltr'>Dant&amp;</span> <span class='ocrx_word' id='word_1_1337' title='bbox 1512 3651 1545 3681; x_wconf 91' lang='lat'>&amp;</span> <span class='ocrx_word' id='word_1_1338' title='bbox 1565 3649 1768 3681; x_wconf 88' lang='lat' dir='ltr'>Concedentes</span> <span class='ocrx_word' id='word_1_1339' title='bbox 1792 3648 1896 3680; x_wconf 86' lang='lat' dir='ltr'>eisdem</span> <span class='ocrx_word' id='word_1_1340' title='bbox 1918 3648 2173 3681; x_wconf 81' lang='lat' dir='ltr'>Ambasfiatoribus</span> <span class='ocrx_word' id='word_1_1341' title='bbox 2187 3671 2197 3685; x_wconf 86' lang='lat'>‚</span> <span class='ocrx_word' id='word_1_1342' title='bbox 2220 3645 2413 3683; x_wconf 84' lang='lat' dir='ltr'>Oratoribus,</span> 
     </span>
     <span class='ocr_line' id='line_1_184' title="bbox 1346 3683 2413 3726; baseline -0.007 -6"><span class='ocrx_word' id='word_1_1343' title='bbox 1346 3690 1598 3726; x_wconf 86' lang='lat' dir='ltr'>Procuratoribus,</span> <span class='ocrx_word' id='word_1_1344' title='bbox 1616 3689 1648 3719; x_wconf 87' lang='lat'>&amp;</span> <span class='ocrx_word' id='word_1_1345' title='bbox 1664 3687 1813 3726; x_wconf 89' lang='lat' dir='ltr'>Deputatis</span> <span class='ocrx_word' id='word_1_1346' title='bbox 1828 3688 1931 3719; x_wconf 88' lang='lat' dir='ltr'>nostris</span> <span class='ocrx_word' id='word_1_1347' title='bbox 1946 3688 2058 3726; x_wconf 87' lang='lat' dir='ltr'>plenam</span> <span class='ocrx_word' id='word_1_1348' title='bbox 2082 3687 2274 3722; x_wconf 89' lang='lat' dir='ltr'>Potestatem,</span> <span class='ocrx_word' id='word_1_1349' title='bbox 2290 3684 2324 3714; x_wconf 89' lang='lat'>&amp;</span> <span class='ocrx_word' id='word_1_1350' title='bbox 2339 3683 2413 3726; x_wconf 34' lang='lat' dir='ltr'>*Au-</span> 
     </span>
     <span class='ocr_line' id='line_1_185' title="bbox 1347 3721 2412 3765; baseline -0.006 -7"><span class='ocrx_word' id='word_1_1351' title='bbox 1347 3728 1513 3759; x_wconf 68' lang='lat' dir='ltr'>&amp;oriratem</span> <span class='ocrx_word' id='word_1_1352' title='bbox 1529 3749 1539 3764; x_wconf 96' lang='lat'>,</span> <span class='ocrx_word' id='word_1_1353' title='bbox 1563 3737 1597 3757; x_wconf 90' lang='lat' dir='ltr'>ac</span> <span class='ocrx_word' id='word_1_1354' title='bbox 1622 3727 1794 3757; x_wconf 82' lang='lat' dir='ltr'>Mandatum</span> <span class='ocrx_word' id='word_1_1355' title='bbox 1817 3728 1946 3763; x_wconf 84' lang='lat' dir='ltr'>generale</span> <span class='ocrx_word' id='word_1_1356' title='bbox 1971 3728 2004 3758; x_wconf 87' lang='lat'>&amp;</span> <span class='ocrx_word' id='word_1_1357' title='bbox 2023 3726 2140 3765; x_wconf 89' lang='lat' dir='ltr'>speciale</span> <span class='ocrx_word' id='word_1_1358' title='bbox 2152 3748 2164 3764; x_wconf 91' lang='lat'>,</span> <span class='ocrx_word' id='word_1_1359' title='bbox 2189 3734 2242 3762; x_wconf 87' lang='lat' dir='ltr'>pro</span> <span class='ocrx_word' id='word_1_1360' title='bbox 2260 3721 2359 3752; x_wconf 89' lang='lat' dir='ltr'>Nobis</span> <span class='ocrx_word' id='word_1_1361' title='bbox 2376 3723 2412 3752; x_wconf 75' lang='grc' dir='ltr'>δε</span> 
     </span>
     <span class='ocr_line' id='line_1_186' title="bbox 1349 3758 2413 3803; baseline -0.007 -5"><span class='ocrx_word' id='word_1_1362' title='bbox 1349 3766 1484 3798; x_wconf 86' lang='lat' dir='ltr'>Nomine</span> <span class='ocrx_word' id='word_1_1363' title='bbox 1502 3764 1620 3803; x_wconf 87' lang='lat' dir='ltr'>nostro,</span> <span class='ocrx_word' id='word_1_1364' title='bbox 1643 3775 1676 3796; x_wconf 91' lang='lat' dir='ltr'>ac</span> <span class='ocrx_word' id='word_1_1365' title='bbox 1696 3775 1749 3803; x_wconf 91' lang='lat' dir='ltr'>pro</span> <span class='ocrx_word' id='word_1_1366' title='bbox 1767 3765 1880 3803; x_wconf 84' lang='lat' dir='ltr'>praefata</span> <span class='ocrx_word' id='word_1_1367' title='bbox 1897 3765 2077 3796; x_wconf 84' lang='lat' dir='ltr'>Serenisfima</span> <span class='ocrx_word' id='word_1_1368' title='bbox 2094 3764 2224 3795; x_wconf 79' lang='lat' dir='ltr'>Domina</span> <span class='ocrx_word' id='word_1_1369' title='bbox 2239 3758 2413 3803; x_wconf 66' lang='lat' dir='ltr'>Elizabethae</span> 
     </span>
     <span class='ocr_line' id='line_1_187' title="bbox 1349 3796 2415 3843; baseline -0.008 -7"><span class='ocrx_word' id='word_1_1370' title='bbox 1349 3807 1384 3837; x_wconf 90' lang='lat'>&amp;</span> <span class='ocrx_word' id='word_1_1371' title='bbox 1403 3806 1460 3842; x_wconf 91' lang='lat' dir='ltr'>ejus</span> <span class='ocrx_word' id='word_1_1372' title='bbox 1478 3803 1614 3834; x_wconf 83' lang='lat' dir='ltr'>Nomine</span> <span class='ocrx_word' id='word_1_1373' title='bbox 1628 3826 1638 3841; x_wconf 87' lang='lat'>,</span> <span class='ocrx_word' id='word_1_1374' title='bbox 1664 3813 1694 3834; x_wconf 91' lang='lat' dir='ltr'>ut</span> <span class='ocrx_word' id='word_1_1375' title='bbox 1714 3803 1872 3843; x_wconf 79' lang='lat' dir='ltr'>Sponsalia,</span> <span class='ocrx_word' id='word_1_1376' title='bbox 1897 3804 1931 3834; x_wconf 90' lang='lat' dir='ltr'>ad</span> <span class='ocrx_word' id='word_1_1377' title='bbox 1951 3803 2178 3841; x_wconf 88' lang='lat' dir='ltr'>Requifitionem</span> <span class='ocrx_word' id='word_1_1378' title='bbox 2195 3798 2265 3829; x_wconf 73' lang='lat' dir='ltr'>dieti</span> <span class='ocrx_word' id='word_1_1379' title='bbox 2281 3796 2415 3828; x_wconf 90' lang='lat' dir='ltr'>Consan-</span> 
     </span>
     <span class='ocr_line' id='line_1_188' title="bbox 1349 3834 2415 3883; baseline -0.006 -11"><span class='ocrx_word' id='word_1_1380' title='bbox 1349 3844 1444 3883; x_wconf 84' lang='lat' dir='ltr'>guinei</span> <span class='ocrx_word' id='word_1_1381' title='bbox 1467 3842 1582 3880; x_wconf 89' lang='lat' dir='ltr'>nostri,</span> <span class='ocrx_word' id='word_1_1382' title='bbox 1607 3843 1679 3872; x_wconf 88' lang='lat' dir='ltr'>inter</span> <span class='ocrx_word' id='word_1_1383' title='bbox 1702 3842 1825 3872; x_wconf 89' lang='lat' dir='ltr'>eundem</span> <span class='ocrx_word' id='word_1_1384' title='bbox 1850 3842 2068 3872; x_wconf 80' lang='lat' dir='ltr'>Illustrisfimum</span> <span class='ocrx_word' id='word_1_1385' title='bbox 2090 3838 2256 3873; x_wconf 86' lang='lat' dir='ltr'>Principem</span> <span class='ocrx_word' id='word_1_1386' title='bbox 2278 3834 2415 3866; x_wconf 73' lang='lat' dir='ltr'>Karolm</span> 
     </span>
     <span class='ocr_line' id='line_1_189' title="bbox 1350 3873 2415 3920; baseline -0.006 -8"><span class='ocrx_word' id='word_1_1387' title='bbox 1350 3884 1407 3920; x_wconf 84' lang='lat' dir='ltr'>ejus</span> <span class='ocrx_word' id='word_1_1388' title='bbox 1426 3880 1528 3911; x_wconf 88' lang='lat' dir='ltr'>Filium</span> <span class='ocrx_word' id='word_1_1389' title='bbox 1546 3881 1579 3911; x_wconf 91' lang='lat'>&amp;</span> <span class='ocrx_word' id='word_1_1390' title='bbox 1597 3880 1684 3917; x_wconf 87' lang='lat' dir='ltr'>ipsam</span> <span class='ocrx_word' id='word_1_1391' title='bbox 1703 3880 1827 3911; x_wconf 85' lang='lat' dir='ltr'>nostram</span> <span class='ocrx_word' id='word_1_1392' title='bbox 1849 3880 1951 3911; x_wconf 87' lang='lat' dir='ltr'>Filiam</span> <span class='ocrx_word' id='word_1_1393' title='bbox 1968 3876 2166 3909; x_wconf 81' lang='lat' dir='ltr'>Elizabetham</span> <span class='ocrx_word' id='word_1_1394' title='bbox 2184 3876 2236 3904; x_wconf 79' lang='lat' dir='ltr'>rite</span> <span class='ocrx_word' id='word_1_1395' title='bbox 2262 3873 2296 3904; x_wconf 90' lang='lat'>&amp;</span> <span class='ocrx_word' id='word_1_1396' title='bbox 2315 3874 2415 3906; x_wconf 70' lang='lat' dir='ltr'>debite</span> 
     </span>
     <span class='ocr_line' id='line_1_190' title="bbox 1350 3911 2298 3956; baseline -0.011 -5"><span class='ocrx_word' id='word_1_1397' title='bbox 1350 3919 1570 3956; x_wconf 83' lang='lat' dir='ltr'>contrahantur,</span> <span class='ocrx_word' id='word_1_1398' title='bbox 1587 3918 1794 3956; x_wconf 87' lang='lat' dir='ltr'>Promittendi,</span> <span class='ocrx_word' id='word_1_1399' title='bbox 1814 3918 2009 3954; x_wconf 84' lang='lat' dir='ltr'>Assentiendi,</span> <span class='ocrx_word' id='word_1_1400' title='bbox 2027 3916 2059 3946; x_wconf 90' lang='lat'>&amp;</span> <span class='ocrx_word' id='word_1_1401' title='bbox 2077 3911 2298 3950; x_wconf 90' lang='lat' dir='ltr'>Consentiendi,</span> 
     </span>
     <span class='ocr_line' id='line_1_191' title="bbox 1387 3950 2418 3993; baseline -0.007 -4"><span class='ocrx_word' id='word_1_1402' title='bbox 1387 3957 1554 3993; x_wconf 83' lang='lat' dir='ltr'>Dotemque</span> <span class='ocrx_word' id='word_1_1403' title='bbox 1571 3956 1707 3985; x_wconf 57' lang='lat' dir='ltr'>diaetarum</span> <span class='ocrx_word' id='word_1_1404' title='bbox 1725 3961 1875 3993; x_wconf 82' lang='lat' dir='ltr'>Sexaginta</span> <span class='ocrx_word' id='word_1_1405' title='bbox 1894 3954 2016 3985; x_wconf 86' lang='lat' dir='ltr'>Millium</span> <span class='ocrx_word' id='word_1_1406' title='bbox 2033 3951 2181 3982; x_wconf 82' lang='lat' dir='ltr'>Librarum</span> <span class='ocrx_word' id='word_1_1407' title='bbox 2198 3950 2329 3981; x_wconf 64' lang='lat' dir='ltr'>Redditus</span> <span class='ocrx_word' id='word_1_1408' title='bbox 2348 3953 2418 3982; x_wconf 81' lang='lat' dir='ltr'>An-</span> 
     </span>
     <span class='ocr_line' id='line_1_192' title="bbox 1353 3988 2416 4034; baseline -0.005 -8"><span class='ocrx_word' id='word_1_1409' title='bbox 1353 3999 1401 4027; x_wconf 82' lang='lat' dir='ltr'>nui</span> <span class='ocrx_word' id='word_1_1410' title='bbox 1418 3999 1448 4026; x_wconf 86' lang='lat' dir='ltr'>in</span> <span class='ocrx_word' id='word_1_1411' title='bbox 1464 3995 1590 4034; x_wconf 80' lang='lat' dir='ltr'>Affieta,</span> <span class='ocrx_word' id='word_1_1412' title='bbox 1608 3995 1766 4025; x_wconf 78' lang='lat' dir='ltr'>secundum</span> <span class='ocrx_word' id='word_1_1413' title='bbox 1784 3993 2026 4025; x_wconf 89' lang='lat' dir='ltr'>Consuetudinem</span> <span class='ocrx_word' id='word_1_1414' title='bbox 2044 3989 2140 4027; x_wconf 76' lang='lat' dir='ltr'>Regni</span> <span class='ocrx_word' id='word_1_1415' title='bbox 2160 3988 2303 4028; x_wconf 84' lang='lat' dir='ltr'>Franciae,</span> <span class='ocrx_word' id='word_1_1416' title='bbox 2321 3990 2416 4022; x_wconf 83' lang='lat' dir='ltr'>eidem</span> 
     </span>
     <span class='ocr_line' id='line_1_193' title="bbox 1353 4027 2420 4069; baseline -0.012 0"><span class='ocrx_word' id='word_1_1417' title='bbox 1353 4034 1543 4069; x_wconf 75' lang='lat' dir='ltr'>Serenisfimae</span> <span class='ocrx_word' id='word_1_1418' title='bbox 1562 4032 1704 4068; x_wconf 81' lang='lat' dir='ltr'>Dominae</span> <span class='ocrx_word' id='word_1_1419' title='bbox 1719 4032 1896 4068; x_wconf 66' lang='lat' dir='ltr'>Elimbethae</span> <span class='ocrx_word' id='word_1_1420' title='bbox 1921 4030 2000 4063; x_wconf 83' lang='lat' dir='ltr'>Filiae</span> <span class='ocrx_word' id='word_1_1421' title='bbox 2023 4027 2130 4069; x_wconf 70' lang='lat' dir='ltr'>nqstrae</span> <span class='ocrx_word' id='word_1_1422' title='bbox 2149 4027 2184 4061; x_wconf 86' lang='lat' dir='ltr'>ad</span> <span class='ocrx_word' id='word_1_1423' title='bbox 2208 4038 2287 4062; x_wconf 82' lang='lat' dir='ltr'>nunc</span> <span class='ocrx_word' id='word_1_1424' title='bbox 2300 4052 2310 4066; x_wconf 84' lang='lat'>‚</span> <span class='ocrx_word' id='word_1_1425' title='bbox 2339 4029 2420 4066; x_wconf 74' lang='lat' dir='ltr'>jum</span> 
     </span>
     <span class='ocr_line' id='line_1_194' title="bbox 2392 4072 2425 4095; baseline 0 0"><span class='ocrx_word' id='word_1_1426' title='bbox 2392 4072 2425 4095; x_wconf 74' lang='lat' dir='ltr'>m</span> 
     </span>
    </p>
   </div>
   <div class='ocr_carea' id='block_1_28' title="bbox 2400 1981 2540 2021">
    <p class='ocr_par' dir='ltr' id='par_1_41' title="bbox 2400 1981 2540 2021">
     <span class='ocr_line' id='line_1_195' title="bbox 2400 1981 2540 2021; baseline 0.007 -8"><span class='ocrx_word' id='word_1_1427' title='bbox 2400 1981 2478 2014; x_wconf 78' lang='lat' dir='ltr'>Ann-</span> <span class='ocrx_word' id='word_1_1428' title='bbox 2495 1982 2540 2021; x_wconf 56' lang='grc' dir='ltr'>Β,</span> 
     </span>
    </p>
   </div>
  </div>
 </body>
</html>
