2555 4266
768 214 870 257 ΕΤ
954 212 1221 256 ACTA
1305 188 1780 259 P‘UBLICA.
2235 234 2316 275 195

1276 295 1405 340 Necnon
1437 298 1472 328 de
1497 299 1529 330 &
1549 299 1629 337 super
1651 301 1811 338 hujusmodi
1834 301 2041 340 Appunstuatis
2064 303 2098 335 δε
2122 303 2270 337 Couclusis
2286 331 2295 346 ,
2309 304 2384 336 Anti.
2400 307 2445 339 D.

1244 335 1408 377 caete-risque
1420 339 1553 368 omnibus
1568 339 1600 368 &
1616 339 1743 377 lingulis,
1760 340 1902 371 Premissa
1922 343 2158 380 qualitercumque
2177 354 2296 375 concer⁴
2332 345 2417 383 1488.

1243 373 1392 415 uentibus,
1409 384 1472 410 quae
1492 385 1560 418 curn
1576 375 1694 416 praefato
1718 378 1911 416 Confhnguinco
1934 381 2036 420 nostro,
2053 381 2097 411 seu
2113 382 2171 418 ejus
2186 381 2296 413 Procu—
2318 388 2377 412 Hm.
2397 394 2425 419 7.

1244 411 1395 447 tatoribus,
1414 411 1636 452 Commissariis,
1656 415 1818 454 Deputatis,
1837 416 1964 456 Legatis,
1987 419 2020 448 &
2044 419 2169 450 Nunciis
2194 422 2296 457 praeji-

0 309 75 343 ΑΜ.
86 306 127 339 D.
143 307 186 338 nis
205 301 406 340 Admittendi,
428 298 626 340 Praeficiendi,
652 301 684 332 ὃς
701 301 896 339 Infigniendi,
919 301 1010 338 eisque
1030 300 1153 330 Munera
1170 298 1203 328 &

24 347 110 386 1488.
143 345 266 383 Insignia
285 342 406 381 ejusdem
427 340 542 370 Ordinis
560 340 706 370 Tradendi
721 341 753 370 ὃ(
768 339 935 375 Liberandi,
952 339 1114 368 habendum
1130 346 1200 379 curri

0 392 61 417 Hm.
77 394 105 421 7.
144 384 197 415 suis
212 381 343 422 juribus,
370 379 558 415 Honoribus,
584 378 825 415 Praeemineniiis‚
843 380 877 408 &
894 376 1106 414 Dignitatibus,
1122 375 1202 404 sicuti

143 421 237 452 eidem
252 417 450 457 Confiznguineo
465 417 551 456 nostro
564 427 598 446 ex
613 417 696 447 Parte
712 417 804 447 nostra
818 425 867 452 per
880 415 971 444 dicros
985 414 1095 443 nostros
1107 412 1202 443 Com-

3 734 20 750 ·
33 728 102 756 ΧΠ.

6 777 70 807 352.

145 458 282 491 missarios
294 459 327 488 &-
339 456 473 486 Oratores
485 456 564 486 latius
576 456 752 486 intimabitur
771 455 802 484 δε
820 453 1022 489 declarabitur,
1087 489 1092 494 ι

182 497 228 527 Ac
242 496 327 525 etiam
345 493 607 530 Communicandi,
623 493 798 528 Trac‘tandi,
815 493 848 521 δε
872 488 1093 533 Αρρυῃᾶὶυεῃάι
1112 488 1147 518 de
1161 488 1202 531 ¹&

145 535 174 566 su
195 545 224 566 er
237 534 373 563 omnibus
385 534 417 564 ἂ
433 532 543 570 singulis
564 531 760 568 Attemptatis,
779 528 1041 570 Contentionibus,
1056 526 1203 565 Qiaestio—

143 543 242 608 nigus,
264 572 412 610 Querelis,
432 572 559 606 Litibus,
578 571 611 600 ὃ(
632 568 744 604 Caufis,
763 568 819 598 una
839 575 907 610 cum
931 565 981 596 suis
1005 564 1204 608 Circumstan-

143 613 206 649 tiis,
227 610 457 650 Emergentibus,
475 607 682 642 Incidentibus,
703 604 951 642 Dependentibus,
977 611 1011 634 ac
1037 603 1203 640 Connexis,

145 659 213 687 quae
230 653 302 678 inter
324 651 384 678 Nos
404 649 437 679 &
450 645 600 686 prefatum
621 643 848 682 Conslanguineum
868 641 1000 709 nffiruw,
1025 651 1058 671 ac
1083 641 1204 678 Regna,

145 689 268 725 Terras,
284 687 439 724 Dominia,
457 686 577 721 PatriaS,
595 683 691 720 Loca,
710 681 863 718 sabditos,
910 681 1033 719 affallos,
1052 680 1205 723 Alligatos,

145 730 162 745 ³*
187 726 424 762 ConfoederatoS,
442 725 475 754 &
496 722 677 754 Adhaerentes
702 719 814 750 nostros
836 720 869 751 &
883 718 945 749 suos
960 719 1111 757 praediffkos
1125 719 1207 749 hinc-

147 765 213 797 inde
232 764 356 803 pendere
371 763 568 796 dinoscuntur,
591 797 596 803 .
773 797 778 802 ι
878 799 882 804 ¹
972 797 978 803 ·
1062 796 1067 801 θ

190 804 235 835 Ac
249 805 332 834 etiarn
344 825 352 838 ,
371 801 389 831 si
402 799 514 831 neceffe
528 798 627 834 fuerit,
645 807 732 827 unam
745 796 826 826 aliam
842 799 955 826 Dietam
971 806 999 826 in
1022 796 1122 826 talibus
1146 795 1207 825 Lo-

152 844 193 874 cis
210 843 244 873 &
266 841 434 877 Tempore,
450 845 533 874 prout
552 836 590 866 eis
614 836 712 865 melius
727 836 820 865 visum
834 835 916 865 fuerit
928 857 937 872 ,
957 834 1138 872 Deputandi,
1158 834 1209 863 Li-

150 880 288 918 mirandi,
304 887 388 914 atque
405 873 568 912 Statuendi,
586 874 619 904 ὅ(
635 875 705 904 inibi
719 874 754 903 de
769 874 802 904 &
821 873 900 912 super
915 874 1047 903 omnibus
1061 873 1094 903 &
1117 873 1208 910 singu-

149 920 182 950 lis
204 914 370 952 Praemiffis,
389 916 422 946 &
442 914 478 943 ab
503 914 541 943 eis
563 912 806 950 qualitercumque
819 911 1043 949 dependentibus
1060 911 1208 941 Commu-

150 956 286 991 nicandi,
311 952 470 983 Traciandi
486 975 495 988 ,
519 951 740 988 Appunetuandi
756 973 765 988 ,
790 952 823 981 &
849 950 965 981 finaliter
992 949 1210 986 Concludendi,

152 1002 237 1035 prout
254 993 293 1023 eis
306 991 456 1029 expediens
471 990 560 1020 visum
575 989 659 1019 fuerit
674 989 706 1019 ὃς
720 998 913 1027 oportunum,

186 1029 388 1067 Praemiffaque
407 1030 504 1059 omnia
520 1029 553 1058 ὃς
575 1027 681 1066 singula
695 1027 858 1066 Firmandi,
874 1025 1110 1066 Appuneruandi‚
1131 1025 1212 1056 ΑΗΕ-

143 1069 279 1106 tutandi,
299 1069 332 1099 ὃς
345 1067 562 1105 Concludendi,

187 1107 316 1139 Necnon
342 1106 378 1136 de
405 1106 440 1136 &
464 1106 544 1144 super
567 1103 727 1142 huiusmodi
753 1103 958 1142 Appundmatis
985 1103 1018 1134 &
1036 1103 1212 1140 Conclusis,

151 1146 312 1183 caeterisque
335 1145 471 1175 omnibus
496 1145 529 1174 ὃς
552 1144 664 1180 singulis
679 1165 688 1179 ,
715 1142 858 1173 Praemiffa
878 1143 1121 1180 qualitercumque
1139 1151 1212 1171 con-

149 1185 345 1221 cernentibus,
362 1193 425 1220 quee
441 1192 508 1213 cum
522 1181 641 1220 praefato
656 1180 852 1220 Confimguineo
865 1180 967 1218 nostro,
984 1180 1030 1210 seu
1046 1181 1103 1215 eius
1118 1180 1214 1210 Com-

150 1223 297 1261 missariis,
312 1221 564 1259 Procuratoribus,
584 1219 732 1257 Deputatis
743 1243 752 1256 ,
770 1220 803 1249 ὅς
822 1218 947 1248 Nunciis
963 1218 1121 1256 praedie‘ris,
1150 1218 1213 1255 Ap-

151 1263 303 1302 puniimara
318 1283 328 1298 ,
354 1259 538 1290 Concordata
550 1283 558 1296 ‚
581 1260 615 1289 &
632 1257 774 1287 Conclusa
792 1257 910 1294 fuerint,
939 1256 1044 1287 Literas
1060 1256 1162 1287 validas
1179 1258 1212 1287 ὃς

152 1300 283 1332 efficaces
302 1309 354 1337 pro
374 1297 456 1328 Parte
470 1298 564 1328 nostrii
578 1296 725 1326 Tradendi
739 1296 772 1327 &
791 1294 961 1333 Liberandi,
981 1295 1138 1333 Literasque
1151 1294 1214 1324 alias

150 1338 306 1371 consimilis
332 1335 453 1368 effecius
477 1338 511 1368 &
537 1335 641 1374 vigoris
665 1343 699 1365 ex
726 1333 810 1364 altera
836 1333 919 1365 Parte
937 1333 1056 1364 Petendi
1072 1334 1105 1364 ὃς
1127 1334 1214 1364 Reci-

175 1378 249 1408 iendi

151 1389 172 1418 P
192 1415 230 1447 Et
252 1401 415 1455 generaliter
437 1413 535 1443 omnia
556 1409 701 1442 Praemiffi
725 1411 758 1441 δε
780 1409 994 1441 Praemissorum
1009 1410 1047 1440 sin
1070 1410 1113 1454 ula
1127 1419 1215 1447 eaque

153 1455 397 1495 qualitercumque
409 1451 611 1482 concernentia
626 1450 775 1486 Faciendi,
793 1449 986 1485 Excercendi,
1006 1450 1039 1479 &
1083 1449 1217 1486 xpedien-

157 1495 205 1531 di,
223 1494 258 1523 iia
282 1492 316 1522 &
335 1491 438 1521 eodem
461 1489 551 1519 modo
568 1489 637 1518 sicut
650 1488 719 1518 Nos
730 1487 777 1525 ipli
792 1488 949 1518 faceremus
967 1489 1000 1518 ὃς
1013 1489 1102 1529 facere
1121 1487 1216 1524 poffe-

155 1541 220 1563 mus
236 1531 255 1560 si
269 1531 297 1559 iri
313 1528 425 1566 propria
438 1526 560 1559 Persona
573 1526 781 1563 interessemus,
798 1536 831 1556 ac
845 1528 930 1557 etiam
952 1526 972 1555 si
993 1525 1054 1556 talia
1076 1529 1127 1556 unt
1152 1535 1216 1563 quae

157 1569 329 1601 Mandatum
342 1566 379 1596 de
392 1566 419 1596 se
433 1566 519 1604 magis
532 1566 639 1603 exigant
651 1564 781 1602 speciale;

196 1606 417 1642 Promittentes,
434 1603 512 1634 bona
533 1603 603 1634 Fide
623 1603 656 1633 &
679 1603 708 1632 in
729 1601 827 1632 Verbo
843 1601 954 1640 Regio,
974 1601 1043 1632 Nos
1064 1602 1162 1632 omnia
1182 1602 1216 1632 &

157 1644 264 1683 singula
275 1667 284 1683 ,
300 1652 365 1681 quae
377 1651 428 1681 per
440 1641 570 1680 praefatos
585 1640 818 1677 commissarios,
837 1639 990 1678 Oratores,
1007 1640 1218 1678 Procuratores,

157 1683 300 1722 Legatos,
319 1681 496 1718 Deputatos,
513 1680 547 1711 ὃς
562 1678 697 1709 Nuncios
710 1678 820 1709 nostros
834 1679 983 1716 praedictos
1000 1679 1217 1717 Appunetuata,

159 1721 318 1758 Promissa,
337 1718 538 1756 concordata,
554 1718 588 1749 &
612 1717 753 1748 Conclusa
773 1717 892 1755 fuerint,
910 1719 939 1748 in
962 1718 1014 1748 hac
1036 1727 1130 1755 parte,
1150 1717 1219 1748 Nos

161 1759 254 1799 Rata,
272 1757 381 1793 Grata,
399 1758 433 1788 δε
455 1756 550 1788 Firma
569 1756 712 1787 habituros
732 1757 765 1787 &
786 1755 996 1793 observaturos,
1014 1757 1048 1787 δε
1072 1756 1218 1793 superinde

161 1798 270 1829 Literas
283 1796 390 1827 nostras
404 1795 556 1832 Patentes‘,
574 1805 680 1832 novaS,
697 1803 744 1824 aut
762 1793 984 1833 Rarificatorias,
1003 1795 1036 1826 δε
1055 1793 1220 1825 Confirma-

160 1837 244 1869 torias
256 1837 287 1866 in
300 1834 394 1865 forma
409 1834 502 1865 debita
516 1834 551 1866 &
566 1834 721 1871 autentica,
740 1832 862 1863 daturos.

199 1873 234 1905 In
247 1875 342 1912 cujus,
358 1873 419 1903 ὅτε.

197 1952 289 1985 Teste
305 1951 388 1993 Rege
401 1950 476 1992 apud
494 1947 769 1995 Wstmonasteriam,
784 1948 940 1983 undecimo
954 1951 1000 1983 die
1016 1946 1199 1984 Decembris.

794 2031 848 2059 Per
860 2028 944 2069 ipficm
958 2032 1064 2068 Regem.

357 2158 407 2189 De
428 2153 599 2188 Traflando
620 2166 688 2187 cum
712 2157 788 2202 Rege
810 2157 1027 2188 Romanorum.

12 2255 92 2289 'Amr
104 2245 144 2280 D.
165 2241 279 2302 REX
297 2241 461 2278 Omnibus,
477 2240 512 2271 ad
530 2248 620 2279 quos,
638 2241 700 2272 &c.
720 2239 854 2271 Salutem.

1245 448 1315 491 etis,
1336 449 1546 487 Appunetuata,
1564 451 1765 491 Concordata,
1782 455 1814 485 &
1829 454 1970 486 Conclusa
1987 457 2104 495 fuerint,
2125 457 2231 488 Liieras
2247 470 2298 490 va-

1243 486 1310 516 lidas
1323 488 1355 517 &
1372 486 1568 530 efficacestpro
1585 488 1666 519 Parte
1681 491 1775 522 nostra
1785 493 1928 523 Tradendi
1942 495 1974 524 &
1992 494 2159 534 Liberandi,
2177 496 2295 527 Literas-

1244 534 1301 593 ἕως
1313 525 1381 569 *alias
1389 525 1547 593 c{onsimilis
1562 526 1681 558 effeetus
1697 530 1729 559 &
1743 531 1846 569 vigoris
1865 540 1901 560 ex
1920 531 2002 562 altera
2024 531 2106 564 Parte
2128 534 2244 565 Petendi
2263 537 2297 568 &

1276 573 1386 601 ecipien
1408 574 1435 601 i,

1283 601 1322 632 Et
1339 601 1501 641 generaliter
1513 602 1608 632 omnia
1624 601 1770 645 Praemisla
1784 605 1816 635 &
1827 605 2041 638 praemissorum
2057 609 2158 647 singula
2172 611 2302 649 qualiter-a

1248 649 1374 678 cumque
1397 650 1428 670 ea
1451 648 1652 670 concernentia
1674 640 1803 672 Faciendi
1842 643 2031 682 Excercendi,
2055 647 2089 677 ὃς
2110 647 2280 686 Expediendi

1248 680 1285 708 iia
1299 680 1330 708 &c
1344 678 1449 709 eodem
1466 678 1555 708 modo
1573 678 1644 709 ficut
1657 677 1725 708 Nos
1737 679 1786 717 ipfi
1799 665 1952 713 diceremus
1968 685 2002 715 ὃς
2015 684 2104 714 facere
2117 687 2258 722 poffemus
2278 673 2299 718 si

1248 718 1275 746 in
1291 718 1403 755 propria
1417 717 1538 747 Persona
1552 715 1743 747 interessemus
1752 740 1762 755 ,
1780 727 1813 748 ac
1826 719 1909 748 etiarn
1923 720 1943 750 fi
1956 722 2020 752 talia
2036 722 2089 753 sint
2105 732 2167 760 quae
2181 725 2303 757 Manda-

1250 764 1311 786 tum
1329 756 1365 786 de
1378 756 1405 785 se
1420 757 1505 794 magis
1517 757 1628 793 exigant
1643 755 1776 792 speciale,

1285 793 1502 831 promittentes,
1519 793 1594 823 bona
1616 793 1685 823 Fide
1704 793 1739 823 δε
1762 794 1792 823 in
1811 793 1912 826 Verbo
1933 794 2044 834 Regio,
2062 798 2130 829 Nos
2151 802 2248 831 omnia
2268 802 2302 832 δε

1250 831 1370 871 singula,
1387 842 1452 870 quae
1472 842 1522 869 per
1545 832 1676 869 praefaios
1689 831 1910 872 Procuratores,
1925 832 2160 874 Commiflarios,
2178 837 2305 877 Deputa-

1249 879 1293 900 tos
1303 895 1312 910 ,
1328 872 1361 902 &
1376 871 1411 901 N
1414 872 1513 901 uncios
1525 869 1636 901 nostros
1649 870 1864 909 Appuncfflata,
1879 872 2034 910 Promissa,
2053 873 2236 907 Concordata
2246 899 2255 914 ,
2272 879 2306 908 ὅς

1253 908 1394 940 Conclusa
1410 910 1512 940 fuerint
1526 909 1554 938 in
1566 909 1618 939 hac
1634 917 1728 947 parte,
1744 909 1813 940 Nos
1829 910 1920 948 Rata,
1939 909 2043 947 Grata,
2064 913 2096 942 ὅ(
2119 913 2211 943 Firma
2229 915 2308 944 habi-

1253 955 1330 978 turos
1352 948 1385 978 &
1404 947 1617 984 observaturos,
1637 949 1671 979 δε
1691 947 1839 984 superinde
1859 948 1965 979 Literas
1978 948 2083 979 nostras
2095 949 2236 989 Parentes,
2254 962 2309 983 no-

1251 996 1316 1024 vas,
1332 996 1379 1017 aut
1397 985 1647 1023 Confirmatorias,
1666 985 1884 1024 Ranficarorias‚
1903 988 1936 1018 &
1959 987 2178 1024 Approbatorias
2198 990 2228 1019 in
2248 990 2308 1020 sor-

1253 1024 1405 1092 mahdebita
1419 1025 1620 1093 &geutenticffi
1637 1033 1721 1062 prout
1733 1034 1805 1062 opus
1819 1025 1920 1064 fuerit,
1935 1024 2058 1056 daturos.

1340 1072 1435 1100 quuS,
1487 1073 1515 1093 c.

1293 1142 1382 1173 Teste
1395 1143 1477 1182 Rege
1491 1142 1565 1181 apud
1583 1141 1853 1183 westmonasterium,
1869 1143 2024 1175 undecimo
2037 1143 2082 1174 die
2095 1144 2276 1178 Decembris.

1888 1226 1942 1253 Per
1952 1224 2036 1264 ipftcm
2049 1228 2153 1262 Regem.

1302 1365 1351 1396 De
1374 1363 1623 1396 communicando
1646 1368 1682 1403 ὠ·
1707 1365 1876 1398 Τναὲἶκηᾱο
1898 1377 1966 1399 cum
1992 1369 2069 1413 Rege
2093 1365 2216 1410 castella
2238 1371 2276 1405 &-

1722 1416 1870 1461 Legionis.

1262 1504 1379 1562 REX
1395 1506 1540 1537 Omnibus
1551 1526 1560 1544 ,
1577 1507 1610 1537 ad
1624 1517 1710 1546 quos,
1726 1508 1787 1538 ὅτε,
1805 1506 1937 1539 Salutem.

1358 1544 1439 1575 Cum
1459 1547 1532 1576 vero
1555 1545 1642 1589 lateat*
1652 1545 1811 1590 Neminem
1836 1547 1916 1590 quod
1931 1547 2086 1585 Civitates,
2101 1545 2216 1591 Opida,
2233 1556 2317 1586 atque
2357 1538 2445 1576 1483·

1259 1581 1359 1620 Regna
1374 1582 1517 1614 Bellorum
1533 1582 1748 1614 Calamitatibus
1764 1584 2008 1623 Diffidiorumque
2020 1585 2054 1616 ad
2079 1585 2217 1617 nichilum
2237 1587 2320 1618 fuisse
2335 1580 2389 1644 ἕη-
2403 1587 2433 1613 4·

1258 1620 1387 1660 redaiba,
1404 1622 1561 1659 eademque
1574 1621 1649 1653 Pace
1661 1622 1808 1661 coaluisse,

1297 1658 1377 1690 Hinc
1391 1660 1432 1690 est
1451 1660 1531 1698 quod
1547 1660 1638 1700 Nos',

1262 1783 1322 1814 tes,
1339 1776 1373 1806 &
1395 1777 1521 1806 maxime
1542 1785 1643 1806 eorum
1665 1776 1766 1815 quibus
1781 1776 1926 1815 Sanguinis
1939 1776 2091 1808 Vicinitate
2104 1778 2255 1816 conjunffl
2278 1779 2323 1810 su-

1262 1822 1340 1851 mus,
1361 1814 1486 1852 quosque
1495 1815 1556 1852 jam
1570 1814 1604 1844 ad
1619 1813 1691 1845 Dies
1706 1815 1739 1849 &
1753 1815 1856 1847 Annos
1870 1822 1979 1846 mutuae
2000 1815 2177 1847 Concordiae
2196 1818 2323 1849 benevo-

1261 1851 1347 1882 lentia
1359 1853 1501 1890 complexi
1515 1853 1607 1883 sumus
1616 1875 1625 1890 ,

1300 1890 1348 1920 De
1372 1890 1578 1928 Fidelitatibus,
1605 1889 1765 1928 industriis,
1789 1892 1823 1922 δε
1845 1892 1972 1929 providis
1993 1890 2323 1933 Circumspeffionibus,

1264 1927 1447 1960 Dileistorum
1463 1930 1495 1960 &
1510 1929 1647 1960 Fidelium
1666 1929 1898 1960 Consiliariorurn
1910 1930 2089 1968 nostrorum,
2104 1930 2210 1961 ‘rhome
2233 1936 2326 1962 Sava-

1261 1978 1294 2004 ge
1309 1967 1532 2005 utriusqueJuris
1548 1967 1687 1998 Doctoris
1703 1967 1867 1999 Comitatus
1882 1969 1972 1999 nostri
1988 1968 2128 1999 Marchiae
2144 1969 2324 2009 Cancellarii,

1265 2007 1299 2037 &
1320 2007 1430 2075 Ιέᾌιὲινιίὲ
1452 2005 1573 2045 Nanfan
1593 2017 1646 2045 pro
1668 2006 1802 2045 Corpore
1824 2006 1922 2038 nostro
1950 2006 2049 2038 Militis
2078 2009 2322 2046 quamplurimum

1266 2054 1324 2075 con
1382 2054 1459 2081 nteS,

1303 2082 1382 2121 Ipsos
1404 2083 1516 2114 nostros
1535 2091 1618 2115 veros
1640 2084 1674 2115 &
1697 2083 1870 2114 indubitatos
1890 2083 2129 2122 Commissarios,
2162 2084 2300 2116 Oratores
2315 2110 2326 2125 ,

1266 2121 1466 2153 Procuratores
1482 2145 1491 2161 ,
1514 2122 1636 2162 Legatos
1651 2144 1661 2160 ,
1687 2121 1846 2160 Depuiatos
1863 2145 1873 2160 ,
1900 2123 1935 2154 ὃς
1955 2122 2095 2153 Nuncios
2117 2123 2248 2161 speciales
2273 2125 2327 2154 As-

1267 2160 1425 2200 signamus,
1443 2160 1592 2203 Facimus,
1609 2161 1643 2192 ὃς
1658 2160 1846 2199 Ordinamus,
1862 2162 1895 2192 &
1912 2160 2123 2192 Constituimus
2139 2172 2189 2202 per
2201 2162 2326 2194 Praesen-

1266 2208 1325 2235 tes,

1305 2236 1413 2269 Dantes
1427 2240 1460 2271 δε
1475 2237 1675 2269 Concedentes
1689 2238 1793 2269 eisdem
1806 2237 1919 2277 plenam
1942 2237 2118 2269 potestatem
2137 2238 2170 2269 &
2192 2237 2327 2269 Αυᾶοτί-

35 2301 50 2325 1
75 2291 123 2322 88.
259 2280 343 2311 Ciim
360 2279 486 2310 Paceinil
504 2279 536 2310 sit
551 2279 644 2310 utilius
657 2279 702 2309 vel
715 2279 864 2316 Augendis
877 2278 923 2309 vel
937 2277 1146 2309 Conservandis
1165 2278 1226 2310 Im·
1267 2285 1375 2315 tatem,
1392 2277 1425 2307 &
1441 2275 1615 2308 Mandatum
1632 2277 1760 2315 generale
1776 2277 1808 2307 ὅτ
1830 2276 1964 2314 speciale,
1984 2287 2036 2314 pro
2058 2276 2158 2307 Nobis
2176 2277 2210 2308 &
2230 2277 2331 2309 nostro

53 2303 75 2332 4
165 2320 266 2358 periis,
283 2328 368 2357 eaque
392 2317 448 2348 sola
471 2317 529 2348 Res
550 2317 697 2348 Humanas
718 2316 834 2348 Divinis
849 2317 999 2356 conciliet,
1016 2318 1073 2347 fine
1094 2328 1149 2356 qua
1171 2328 1226 2349 nec
1266 2315 1420 2354 Nomine,
1446 2325 1514 2345 curn
1537 2315 1721 2346 Serenissimo
1740 2315 1774 2345 &
1796 2314 1982 2346 Illustriffimo
2002 2314 2135 2354 Principe
2154 2314 2329 2354 Regnorum

12 2338 112 2404 ἕξ]
168 2359 329 2395 Principes,
342 2366 396 2387 nec
411 2366 511 2386 eorum
525 2355 653 2400 fiubditi,
666 2365 719 2387 nec
734 2355 911 2395 Urbes,nec
929 2356 984 2394 ipse
1000 2355 1120 2387 demum
1134 2355 1226 2387 Mun-
1267 2353 1401 2392 Castiliae,
1426 2356 1586 2392 Legionum,
1612 2357 1793 2400 Aragonum,
1815 2352 1909 2397 Slfili‘?
1932 2356 2002 2398 Rege
2016 2376 2026 2391 ,
2042 2352 2150 2397 s-t'eaque‘
2170 2352 2331 2399 Corfthorali

14 2409 71 2442 ’ΜΛ
169 2396 220 2427 dus
235 2396 285 2426 diu
299 2395 442 2425 subsistere
455 2403 575 2433 poterit,
1268 2393 1398 2422 dic‘Zorum
1423 2396 1570 2429 Regnorum
1593 2395 1712 2430 Regma,
1731 2391 1958 2429 Consanguineis
1976 2391 2077 2421 nostris
2097 2391 2257 2431 cariffimis,
2281 2392 2329 2424 seu

15 2459 52 2480 m·
71 2456 116 2483 ¹9,
204 2434 286 2465 Hinc
301 2434 341 2464 est
353 2433 436 2472 quod
449 2432 535 2470 NOS,
1267 2441 1369 2462 eorum
1395 2431 1600 2461 Commissariis
1617 2454 1627 2468 ,
1649 2430 1883 2461 Procuratoribus
1896 2452 1906 2467 ,
1931 2429 2082 2466 Deputatis
2095 2453 2104 2468 ,
2131 2431 2164 2461 &
2185 2430 2331 2471 Nunciis,

201 2472 250 2503 De
269 2473 478 2508 Fidelitatibus,
505 2471 664 2509 industriis,
691 2473 724 2504 δε
747 2471 873 2510 providis
896 2470 1226 2510 Circumspefflonibus‚

163 2509 351 2542 DileCkorum
371 2512 403 2542 &
421 2509 560 2540 Fidelium
579 2509 743 2540 nostrorum
761 2534 769 2547 ‚
794 2509 935 2549 Johannis
954 2510 1061 2551 Rjfi'ley
1076 2520 1129 2547 pro
1149 2509 1226 2540 Cor-

205 2560 233 2580 te
257 2548 357 2579 nostro
384 2547 485 2578 Militis
510 2547 668 2578 Consiliarii
692 2547 806 2587 nostri,
838 2551 871 2580 &
895 2548 1037 2587 Johannis
1061 2546 1228 2586 Baltefiwell

162 2559 278 2628 fflgum
292 2587 431 2619 Doctoris
445 2583 551 2618 Clerici
568 2585 696 2618 Concilii
708 2586 797 2618 nostri
810 2587 1054 2626 quamplurimum
1078 2587 1226 2617 confiden-

163 2635 206 2658 tes

201 2649 279 2703 I'psos
301 2663 414 2695 nostros
433 2672 517 2695 veros
539 2663 573 2695 &
598 2663 770 2695 indubitatos
792 2663 994 2694 Procuratores
1008 2686 1018 2702 ,
1046 2662 1227 2694 Commissa-

165 2704 241 2742 rios,
268 2703 405 2742 Legatos,
431 2702 607 2740 Depuratos,
633 2702 786 2738 Oratores,
811 2702 844 2733 δε
863 2701 1000 2732 Nuncios
1020 2702 1149 2739 speciales
1173 2703 1227 2733 As-

167 2742 306 2781 fignamus
320 2765 330 2779 ,
353 2740 500 2779 Facimus,
525 2740 751 2780 Constituimus,
776 2741 809 2772 ὃς
835 2740 1009 2771 Ordinamus
1030 2750 1078 2778 per
1100 2739 1226 2771 Praesen-

167 2788 206 2811 te*

205 2803 315 2848 Dantes
331 2818 364 2848 &
379 2816 579 2849 Concedentes
592 2817 696 2848 eisdem
713 2817 825 2855 plenam
839 2816 1013 2849 potestatem
1034 2819 1068 2849 <Sc
1090 2816 1228 2848 Auitori-

167 2864 272 2893 tatem,
290 2866 322 2886 ac
340 2855 513 2886 Mandatum
529 2856 656 2897 generale
673 2857 706 2887 &
717 2857 850 2894 speciale,
869 2866 938 2886 curn
953 2855 1138 2887 Illustriffirno
1145 2856 1228 2887 Prin-

166 2896 232 2932 cipe
248 2893 634 2924 Maximiliano'Romanor-um
648 2897 715 2932 Rege
726 2894 949 2932 Consanguineo
962 2895 1061 2925 nostro
1075 2895 1227 2933 carissimo,

167 2933 214 2964 seu
237 2934 294 2971 ejus
315 2929 562 2971 procuratoribus,
587 2931 808 2969 Commiffariis,
828 2933 954 2971 Legatis,
972 2933 1137 2971 Deputatis,
1154 2932 1228 2963 Ora-

168 2972 298 3009 toribus,
321 2971 366 3001 seu
384 2970 526 3008 Nunciis,
554 2969 738 3002 sufficientem
762 2970 936 3001 Potestatem
959 2971 992 3001 &
1017 2972 1226 3002 Au&oritatem

165 3011 204 3041 ab
227 3010 331 3041 eodem
355 3008 573 3048 Consanguineo
596 3008 696 3040 nostro
717 3009 751 3040 ad
773 3009 832 3040 hoc
844 3009 1014 3039 habentibus
1050 3009 1228 3040 Communi-

166 3049 272 3086 candi,
298 3048 452 3079 Tractandi
468 3071 478 3086 ,
503 3047 727 3085 Concordandi,
748 3046 969 3085 Conveniendi,
999 3032 1226 3086 Componendi,

167 3087 203 3117 &
219 3085 453 3126 Appunc‘tvandi,
470 3096 503 3116 ac
520 3087 639 3124 plenarie
655 3087 688 3117 &
704 3087 810 3124 integre
826 3085 1039 3116 Determinandi
1055 3087 1087 3117 δε
1108 3085 1225 3117 finaliter

168 3124 391 3162 Concludendi,
408 3124 468 3154 tarn
491 3123 527 3154 de
546 3126 579 3156 &
603 3124 682 3162 super
706 3125 790 3162 vetii,
807 3123 907 3161 firma,
929 3125 1080 3163 perpetua,
1107 3126 1140 3156 ὃς
1160 3125 1226 3155 reali

168 3161 244 3194 Pace
256 3173 341 3202 atque
355 3162 537 3200 Concordia,
557 3163 645 3202 quam
661 3163 697 3193 de
713 3164 745 3194 ὅτ
759 3163 839 3200 super
853 3163 976 3200 Treiigis
993 3164 1038 3194 seu
1051 3163 1227 3193 Guerrarum

169 3201 371 3240 Abstinentiis,
392 3200 485 3240 Ligis,
509 3201 669 3239 Amicitiis,
697 3200 904 3239 Affinitaribus,
930 3201 1134 3241 Intelligentiis,
1155 3202 1226 3232 Alli-

167 3241 267 3277 gantiis
282 3263 293 3278 ,
319 3239 620 3279 Confoederationibus
642 3240 868 3277 quibuscumque
883 3263 893 3277 ‚
926 3241 958 3270 ὅ(
982 3240 1225 3271 Mercandisarum

167 3278 226 3308 five
241 3278 387 3308 Merciurn
401 3277 558 3309 Intercursu
568 3301 578 3317 ,
597 3280 668 3309 inter
683 3280 742 3308 Nos
756 3288 789 3308 ac
802 3277 899 3316 Regna
908 3301 918 3316 ,
932 3278 1054 3315 Terras,
1074 3278 1226 3317 Dominia,

168 3312 288 3354 Patrias,
305 3317 338 3346 δε
356 3315 436 3346 Loca
453 3316 565 3356 nostra,
582 3317 614 3347 &
632 3318 732 3346 difflum
747 3316 971 3356 consanguineum
987 3316 1123 3385 ζὲβνιυη,
1143 3317 1226 3354 Reg-

169 3363 221 3391 na,
247 3354 366 3392 Terras,
393 3353 551 3392 Dominia,
576 3355 695 3394 Patrias,
714 3356 748 3386 &
767 3354 847 3385 Loca
863 3355 926 3393 sua,
945 3355 985 3385 Su
1029 3357 1098 3393 itos,
1119 3355 1226 3386 vairal-

166 3391 211 3422 los
226 3414 235 3429 ,
261 3392 394 3431 Alligatos
408 3415 418 3431 ,
443 3391 667 3424 Confoederatos
681 3416 692 3431 ,
712 3395 746 3424 &
771 3393 954 3424 Adbaerentes
980 3393 1041 3423 suos
1060 3394 1093 3424 &
1114 3394 1227 3424 nostros

167 3430 380 3469 quoscumque,
397 3431 541 3468 ineundis,
560 3432 718 3470 capiendiS,
735 3432 962 3470 componendis,
979 3432 1160 3471 inducendis,
1179 3443 1227 3463 ce-

167 3467 304 3499 lebrandis
317 3491 327 3507 ,
351 3469 384 3499 &
408 3469 540 3500 habendis
555 3493 564 3509 ‚
592 3471 727 3510 superque
748 3480 851 3501 mutuo
869 3479 954 3508 atque
975 3470 1103 3510 singulari
1120 3473 1156 3501 ab
1171 3480 1227 3501 una

166 3505 294 3575 garrium
315 3507 392 3538 alteri
416 3507 557 3540 Succursu
582 3508 739 3547 praestando
764 3508 967 3540 Conveniendi
984 3511 1017 3541 ὅ(
1036 3508 1229 3548 Componen-

187 3555 196 3575 i

193 3568 301 3627 ”Atque
317 3583 481 3627 de&super
496 3585 630 3616 omnibus
648 3586 682 3617 &
698 3585 807 3623 singulis
815 3586 1227 3626 Contentionibus,Qiaestio-

168 3623 267 3660 nibus,
285 3621 419 3664 Guerris,
440 3623 586 3662 Querelis,
605 3624 733 3663 Litibus,
748 3626 781 3655 &
795 3624 893 3655 Caiisis
909 3625 1152 3664 quibuscumque,
1171 3626 1227 3656 una

165 3671 235 3692 cum
255 3663 306 3690 iuis
324 3658 564 3699 Circumstantiis,
590 3661 810 3698 Emergentibus
827 3676 847 3700 ,·
860 3662 1053 3694 incidentibus
1066 3688 1076 3700 ,
1103 3663 1225 3702 Depen-

165 3699 313 3734 dentibus,
329 3698 362 3728 ὃς
377 3696 539 3735 Connexis,
558 3709 622 3737 quae
636 3701 708 3730 inter
723 3700 792 3730 Nos
816 3703 849 3732 &
875 3701 1024 3737 praefatum
1045 3701 1226 3740 Consangui-

9 3749 43 3770 a*
63 3751 132 3780 ΧΠ.
165 3747 253 3768 neum
275 3735 422 3772 nostrum,
438 3745 471 3764 ac
494 3735 610 3775 Regna,
627 3738 747 3776 Terras,
764 3738 921 3776 Dominia,
941 3738 1057 3777 Patrias,
1075 3741 1094 3759 ²¹*
1118 3742 1151 3772 &
1165 3741 1226 3771 Lo-

25 3797 89 3827 353·

163 3773 725 3849 ῗξὲἰιῗὲἒὲἓᾞῐόςζῗῗὲέἒόεῗέὲίἳὲοέἐ
735 3775 1226 3851 ἓὲξῖἰάἕῖἒὲῗὲἰηῗυρὣωῑῶ

207 3853 250 3884 Ac
270 3853 370 3887 etiarn,
389 3850 410 3880 si
425 3849 535 3880 necesse
553 3849 654 3888 fiierit,
670 3861 757 3881 unam
780 3852 861 3882 aliam
884 3855 997 3882 Dietam
1017 3855 1045 3884 in
1058 3839 1115 3885 'tali
1140 3855 1225 3886 Loco

168 3889 225 3921 five
245 3890 343 3922 talibus
365 3889 467 3926 Locis,
487 3897 570 3925 prout
592 3890 630 3918 eis
643 3890 740 3919 melius
753 3891 843 3920 visum
858 3890 956 3929 fuerit,
975 3891 1155 3932 Affignandi,
1174 3894 1225 3923 Li—

168 3928 302 3965 miiandi,
319 3937 404 3966 atque
421 3926 579 3970 statuendi,
599 3927 632 3957 δί
646 3928 715 3957 inibi
731 3928 766 3958 de
779 3929 811 3958 &
825 3928 904 3964 super
917 3930 1052 3960 omnibus
1065 3932 1098 3962 ὃς
1115 3932 1225 3971 singulis

167 3965 334 4004 Praemiffis,
350 3968 382 3996 ὅε
399 3966 435 3996 ab
450 3967 488 3995 eis
502 3965 740 4002 qualitercumque
755 3967 978 4002 dependentibus
997 3966 1224 4000 communican-

166 4003 214 4041 di,
240 4003 412 4043 Trac'tandi,
434 4002 652 4040 Conveniendi,
676 4004 709 4034 ὃς
729 4003 948 4043 Concludendi,
973 4014 1056 4043 prout
1079 4008 1118 4038 eis
1140 4017 1225 4046 expe-

163 4041 242 4072 diens
257 4042 347 4072 visum
363 4042 443 4073 fuerit
460 4043 493 4073 &
509 4051 702 4080 oportunum,

197 4079 395 4123 Praemiffaqiie
417 4083 515 4110 omnia
528 4082 561 4112 &
576 4080 682 4120 singula
700 4079 862 4120 Firmandi,
879 4081 1122 4124 Appunemandi,
1141 4083 1224 4115 Affe-

158 4118 274 4187 curaaqndi
285 4141 294 4156 ,
302 4118 341 4187 ’ἐξ
353 4116 573 4186 ἓοῖἲΙΙιιάεῃάὶ,

227 4167 277 4188 om.
327 4179 334 4186 .
380 4178 387 4187 .
458 4179 465 4186 .

1266 2470 1455 2501 sufficientem
1468 2468 1640 2499 Potestatem
1656 2471 1689 2501 &
1703 2469 1910 2499 Auctoritatem
1923 2469 1958 2498 ab
1972 2468 2073 2498 eisdem
2087 2468 2121 2499 ad
2143 2469 2201 2499 hoc
2221 2469 2330 2500 haben-

1267 2510 1358 2546 tibus,
1376 2509 1435 2539 tam
1449 2507 1483 2538 de
1499 2508 1532 2538 &
1552 2508 1632 2545 super
1650 2507 1734 2546 vera,
1747 2506 1846 2544 firma,
1864 2505 1996 2544 perpetua
2003 2528 2014 2544 ,
2031 2507 2065 2536 δε
2078 2507 2142 2537 reali
2155 2507 2230 2537 Pace
2243 2516 2328 2546 atque

1267 2547 1450 2584 Concordia,
1461 2547 1549 2584 quarn
1563 2546 1726 2583 de&super
1743 2545 1869 2583 Treugis
1885 2546 1919 2576 &
1935 2544 2110 2575 Guerrarum
2126 2544 2328 2585 Abstinentiis,

1270 2586 1367 2623 Ligis‚
1386 2586 1544 2622 Amicitiis,
1563 2583 1773 2622 Affinitaiibus,
1787 2593 1821 2614 ac
1838 2591 1940 2614 mutuo
1954 2584 1988 2614 ὅ(
2003 2583 2144 2613 amicabili
2169 2582 2329 2616 Intercursu

1269 2623 1415 2655 Mercium
1433 2626 1465 2655 &
1485 2622 1744 2661 Mercandisarum,
1759 2622 1920 2659 mutuisque
1931 2620 2065 2652 hincinde
2083 2620 2201 2652 Auxiliis
2222 2623 2256 2654 &
2276 2623 2331 2653 As-

1268 2663 1395 2693 fistentiis
1417 2663 1546 2700 quotiens
1565 2671 1636 2700 opus
1660 2661 1744 2692 fiierit
1766 2660 1927 2698 praestandis
1942 2683 1952 2698 ,
1980 2669 2095 2690 necnon
2118 2659 2330 2700 intelligentiis,

1270 2701 1427 2741 Alligantiis
1441 2723 1451 2738 ‚
1478 2700 1511 2730 &
1535 2699 1840 2730 Confoederationibus
1864 2698 2095 2737 quibuscunque,
2119 2701 2191 2728 inter
2214 2701 2274 2729 Nos
2295 2701 2330 2732 ὃς

1268 2740 1352 2769 diaes
1366 2738 1538 2778 Serenifflmos
1552 2741 1648 2776 Regem
1660 2737 1699 2773 (ζ’-γ
1712 2740 1856 2776 Reginam,
1875 2736 2068 2775 Haeredesque
2083 2738 2116 2768 δί
2132 2736 2312 2769 Successores
2321 2761 2332 2778 ,

1269 2788 1301 2808 ac
1326 2778 1446 2818 Regna,
1472 2777 1592 2814 Terras,
1619 2776 1778 2815 Dominia,
1797 2774 1917 2813 PatriaS,
1936 2775 2086 2813 Subditos,
2105 2774 2256 2815 Vaffiiios,
2277 2776 2331 2808 Fa-

1268 2825 1380 2854 ventes‚
1401 2815 1642 2854 Confoederatos,
1661 2815 1801 2852 Amicos,
1821 2815 1854 2846 &
1872 2814 2059 2845 Adhaerenaes
2079 2813 2191 2844 nostros
2212 2817 2246 2846 ὃς
2266 2815 2330 2847 suos

1269 2854 1454 2894 quoscunque
1479 2853 1615 2884 hincinde
1638 2856 1654 2871 ¹¹*
1677 2853 1821 2891 ineundis,
1836 2852 1992 2891 capiendis,
2011 2852 2234 2894 componendis,
2254 2854 2330 2884 cele·
2343 2864 2359 2882 ι
2381 2865 2451 2894 XH-

1270 2894 1396 2931 brandis,
1417 2895 1449 2926 &
1467 2892 1618 2929 habendis,
1636 2890 1856 2929 Conveniendi,
1876 2889 2135 2928 communicandi,
2156 2889 2328 2932 Trastandi,
2344 2911 2409 2941 354.

1269 2931 1507 2970 Appuneiuandi‚
1526 2929 1751 2967 Concordandi',
1769 2928 1991 2968 Componendi,
2009 2927 2189 2967 Paciscendi,
2207 2938 2240 2960 ac
2259 2929 2329 2962 fina-

1268 2972 1330 3002 liter
1355 2973 1388 3002 &
1412 2970 1520 3008 integre
1546 2968 1782 3006 Determinandi,
1810 2967 2028 3006 hujusmodique
2053 2966 2160 2997 Pacem
2188 2968 2221 2998 &
2242 2967 2327 2999 Con-

1268 3010 1411 3045 cordiam,
1441 3019 1473 3039 ac
1492 3008 1618 3043 Treugas
1636 3008 1670 3038 &
1688 3006 1864 3037 Guerrarum
1884 3005 2094 3049 Abstinentias,
2121 3005 2220 3045 Ligas,
2244 3006 2329 3037 Ami-

1267 3048 1504 3117 {ggiggatIi-'gdoeera
1513 3045 1634 3122 {1125}qu
1637 3044 1809 3114 tPgsdiioIriletse
1810 3045 1858 3114 Ἐξ
1859 3044 2328 3121 egbaiixieiiiilrliffltggingngiffl-

1480 3108 1489 3121 Ἴ
2318 3107 2328 3122 ²

1266 3124 1429 3156 Paciscendi
1441 3147 1450 3161 ,
1470 3123 1628 3159 Firmandi,
1646 3122 1807 3158 Statuendi,
1825 3122 1859 3152 δε
1875 3131 1926 3158 pro
1945 3129 2083 3160 perpetuo
2101 3119 2287 3161 Roborandl,

1304 3163 1341 3194 Et
1359 3173 1389 3194 ut
1407 3161 1567 3201 hujusmodi
1582 3159 1641 3190 Pax
1658 3169 1742 3198 atque
1761 3159 1928 3190 Concordia
1944 3183 1954 3198 ,
1980 3169 2106 3202 necnon·
2118 3157 2243 3202 Treugae
2257 3183 2267 3196 ,
2289 3161 2325 3192 &-

1267 3202 1444 3232 Guerrarum
1460 3199 1668 3237 Abstinentiae,
1688 3199 1844 3236 Amicitiae,
1867 3197 2005 3235 Foedera,
2018 3196 2230 3235 Intelligentiae‚
2241 3198 2326 3230 Con-

1267 3240 1465 3271 foederationes
1478 3262 1489 3277 ,
1513 3238 1679 3275 Pacliones,
1705 3238 1739 3268 &
1757 3236 1974 3268 Conventiones
1992 3235 2133 3272 praedierae
2149 3234 2271 3267 securius
2289 3238 2323 3268 ὃς

1265 3279 1373 3309 firmius
1392 3278 1585 3308 Observentur
1603 3276 1635 3306 δί
1655 3275 1839 3312 Teneantur,
1857 3274 1958 3305 eisdem
1977 3272 2076 3303 nostris
2094 3272 2324 3314 Commiffiiriis,

1266 3317 1452 3354 Oratoribus,
1471 3314 1722 3358 Procurator'ibus,
1738 3313 1903 3351 Deputatis,
1924 3312 2051 3349 Legatis‚
2070 3311 2103 3342 &
2122 3311 2247 3343 Nunciis
2264 3313 2325 3351 ple·

1264 3353 1724 3426 Ess‘zzffsslssffiissfffiss‘assssss
1738 3351 1920 3427 siffis?
1921 3350 2063 3431 1³⁸2er&
2065 3358 2194 3426 2232352203
2206 3350 2324 3421 &¹235

1264 3442 1327 3463 rum
1344 3431 1549 3462 Commiffiriis
1561 3453 1571 3469 ,
1595 3430 1782 3465 Oratoribus,
1810 3425 2040 3457 Procuratoribus
2055 3449 2064 3461 ,
2094 3425 2243 3463 Deputatis
2255 3450 2264 3465 ,
2286 3429 2321 3459 &

1265 3471 1391 3502 Nunciis
1412 3469 1578 3506 antedictis,
1594 3468 1629 3498 de
1650 3469 1681 3498 δε
1706 3468 1784 3504 super
1801 3464 1977 3503 Sponsalibus
1989 3465 2022 3494 &
2042 3462 2236 3496 Matrimonio
2250 3468 2321 3498 inter

1265 3505 1501 3540 Praecarislimum
1516 3507 1617 3537 Filium
1634 3505 1764 3536 nostrum
1776 3503 1935 3534 Arthurum
1948 3499 2056 3532 Walliae
2070 3499 2237 3543 Principem,
2258 3507 2322 3534 Du-

1265 3559 1318 3577 cem
1332 3547 1469 3578 Cornubiae
1487 3546 1640 3584 Cestriaeque
1657 3547 1781 3573 Comitem
1791 3565 1801 3580 ,
1815 3543 1848 3573 δί
1860 3540 2066 3571 Serenlffimam
2080 3540 2244 3579 Principem
2259 3545 2322 3572 Ka-

1265 3590 1382 3616 terinam
1394 3596 1476 3615 unam
1491 3585 1522 3613 de
1537 3583 1656 3613 Filiabus
1669 3581 1813 3624 distorum
1826 3575 2068 3610 Sereniffimorum
2082 3580 2159 3617 Regis
2183 3576 2221 3615 ό-
2242 3583 2322 3617 Regi-

1266 3636 1329 3662 nae,
1347 3633 1485 3654 annuente
1503 3622 1588 3658 Deo,
1607 3619 1850 3661 contrahendis„
1866 3656 1881 3661 ..
2110 3658 2115 3662 η
2319 3654 2321 3656 ¹

1304 3664 1349 3693 Ac
1371 3663 1408 3692 de
1428 3662 1460 3692 &
1484 3660 1563 3696 super
1578 3659 1675 3695 Dore,
1694 3658 1737 3700 seu
1753 3655 1943 3700 Dominis&
1957 3654 2188 3695 Donationibus‚
2206 3663 2321 3700 propter

1266 3700 1388 3738 Nuptias
1411 3708 1445 3728 ex
1465 3698 1543 3727 causa
1560 3695 1715 3764 lhujucsimodi
1734 3693 1916 3725 Matrimonu
1932 3693 2126 3734 Affignandis,
2145 3695 2321 3726 Promitten-

1265 3739 1308 3769 d’s
1345 3737 1453 3769 Dandis
1468 3738 1501 3766 δε
1517 3736 1556 3766 So
1568 3745 1622 3764 ven
1645 3735 1665 3763 is

1285 3750 1432 3808 ¹Necnon
1447 3774 1482 3805 de
1497 3774 1529 3805 δε
1545 3773 1622 3810 super
1639 3757 1805 3808 Tempore,
1821 3768 1937 3807 Modo,
1955 3771 1988 3802 &
2002 3771 2107 3802 Forma
2120 3769 2323 3803 Tradustionis

1266 3815 1348 3852 ipsius
1373 3814 1449 3845 Filia:
1471 3814 1499 3842 iri
1521 3811 1580 3841 hoc
1608 3809 1744 3846 Regnum
1765 3808 1895 3852 Angliae,
1914 3808 2130 3847 Conveniendi,
2144 3808 2322 3841 Communi-

1264 3854 1365 3890 candi,
1390 3845 1808 3917 Tra&?nc‹¹:li,dConcordandi,
1833 3847 2071 3885 AppunCtuandi,
2091 3846 2270 3886 Paciscendi,
2287 3856 2322 3879 ac

1333 3893 1338 3897 ”
1424 3898 1481 3919 onc
1494 3898 1510 3916 u
1531 3897 1564 3917 en
1587 3896 1594 3915 i

1265 3889 1461 3965 fin'a1'1iileelincciue
1487 3908 1684 3955 Donatidnem
1711 3931 1825 3962 propter
1849 3922 1973 3960 Nuptias
1995 3921 2101 3953 eisdem
2118 3921 2298 3962 Principibus
2311 3947 2323 3964 ‚

1264 3968 1344 4006 ipsius
1360 3975 1460 3996 eorum
1479 3962 1555 3994 Filiae
1569 3961 1705 3992 Nomine
1719 3985 1730 4000 ,
1756 3971 1807 3999 pro
1826 3960 1925 3991 Nobis
1943 3962 1977 3991 δε
1994 3960 2130 3990 Nomine
2144 3961 2216 4001 nostr
2264 3963 2321 3994 As-

1265 4005 1424 4037 sivnandam
1443 4003 1476 4032 &
1496 4000 1744 4038 Promittendam,
1761 4009 1844 4037 atque
1861 3998 2021 4036 hujusmodi
2041 3997 2155 4030 Dotem
2173 4001 2207 4032 &
2280 4009 2324 4033 ta.

1264 4031 1321 4074 iiiia
1339 4067 1348 4081 ,
1372 4043 1409 4085 ab
1435 4039 1540 4070 eisdem
1566 4047 1619 4076 pro
1638 4038 1717 4070 dicto
1738 4037 1811 4068 Filio
1829 4036 1926 4067 nostro
1945 4036 2102 4075 Stipulandi
2116 4061 2126 4076 ,
2151 4036 2270 4071 Petendi
2289 4041 2324 4072 &

1265 4080 1470 4156 Exgggtreciiaque
1490 4114 1571 4147 Loca
1595 4115 1629 4148 ὃς
1647 4115 1824 4184 Τεωέοὲεέ
1848 4122 1903 4151 pro
1926 4112 2008 4151 ipsius
2027 4112 2109 4147 Filiae
2128 4112 2326 4182 Tradud'tigne

2292 4163 2325 4182 u-

2336 1498 2414 1530 Ann.
2423 1498 2465 1530 D.

1296 1697 1416 1735 Propter
1435 1697 1547 1730 felicem
1562 1698 1672 1729 Rerum
1693 1697 1862 1730 Christianae
1876 1698 2036 1737 Religionis
2051 1699 2217 1732 Successum
2227 1726 2236 1739 ‚
2251 1704 2315 1733 uni·
2334 1658 2470 1727 ἵζε-ξ’

1260 1736 1393 1768 versalem
1412 1736 1531 1774 Regum
1552 1737 1585 1768 &
1604 1737 1774 1777 Regnorum
1795 1739 1931 1782 omniurn
1950 1738 2149 1783 Concordiam
2165 1739 2322 1771 desideran-
2335 1741 2382 1759 ²⁰·
