2555 4266
134 128 211 168 208

0 213 105 247 ian.
125 214 258 249 nior-um,
280 210 495 247 Maneriorum,
514 208 668 238 Terrarum
686 229 696 244 ,
719 204 1007 247 Tenementorum,
1020 203 1054 234 &
1078 202 1195 246 aliatum

0 262 84 292 1504.
126 250 334 282 Poiieffionum
352 246 537 291 Episcopatus
550 247 634 284 illius,
652 246 770 276 durante
783 244 940 276 Vacatione
959 241 1139 281 hujusmodl,
1156 237 1191 270 ad

0 299 38 321 eo.
58 302 85 328 7.

0 1879 79 1907 xm.

125 289 193 320 Nos
211 289 294 327 pleno
304 288 372 327 Jure
388 295 524 324 pertinent
540 287 572 317 &
588 285 725 321 pertinere
737 283 951 326 dinoscuntur,
980 320 985 326 ι
1173 318 1179 324 ,

166 327 200 358 N
204 338 235 357 os
249 337 361 364 tamen,
388 326 469 356 certis
489 324 768 354 Considerationibus
789 323 859 352 Nos
877 320 1029 361 specialiter
1051 325 1195 351 moventi-

125 368 197 403 bus,
213 367 249 396 de
269 366 368 396 Gratia
391 363 487 393 nostra
505 363 637 402 speciali,
661 361 862 392 Concesfimus
879 383 889 398 ,
913 360 947 390 &
966 369 1015 398 per
1044 357 1196 389 Praesentes

127 405 327 435 Concedimus
343 402 505 432 Venerabili
522 403 551 430 in
567 400 684 431 Christo
700 399 775 431 Patri
788 403 888 437 Rogero
901 409 971 429 nunc
985 396 1194 439 EptfiopoKar-

125 443 229 484 liolenfi
241 444 337 474 omnia
349 442 382 471 δε
396 441 498 479 lingula
513 440 610 470 Exitus
627 440 661 470 ὃ(
675 438 808 469 Proficua
824 461 834 476 ,
859 437 1047 475 Admaritagia
1057 459 1067 475 ,
1085 435 1196 466 Reddi-

126 491 185 519 tuS,
206 483 311 512 Firmas
327 503 336 518 ,
360 479 553 509 Reventiones
566 501 574 516 ,
599 477 668 516 Jura
683 500 692 515 ,
720 479 754 509 &
778 477 981 507 Emolumenta
1000 482 1195 513 quaecumque

126 523 260 551 omnium
273 521 306 551 ὃ(
322 518 494 556 fingulorum
510 516 745 556 Temporaliurn,
766 515 951 553 Castrorum,
970 513 1196 556 Dominiorum‚

127 559 324 589 Maneriorum
334 581 344 596 ,
361 557 515 586 Terrarum
526 578 535 593 ,
553 557 586 587 &
601 555 868 592 Tenementorum,
885 564 919 585 ac
933 554 1066 595 omnium
1079 552 1195 594 aliarum

130 597 330 638 possessionum
345 596 379 626 &
400 594 711 624 Haereditamentorum
732 601 985 632 quorumcumque
1007 590 1193 633 Episcopatus

126 635 270 673 praediffl,
297 635 353 665 sive
373 633 469 663 eidem
494 632 676 670 Episcopatui
699 631 888 671 quovismodo
908 630 1120 670 pertinentium·
1138 626 1194 654 slve

125 674 312 711 spectantium
322 695 331 710 ,
349 682 363 701 a
379 672 459 702 dicsio
476 671 708 709 Quintodecimo
721 670 779 701 Die
793 670 949 704 Oestobris,
968 666 1052 710 usque
1065 665 1101 696 ad
1114 664 1192 694 illum

126 714 216 744 Diem
231 722 290 751 quo
299 709 436 750 praefatus
456 721 526 740 nunc
547 710 687 749 Episcopus
703 709 801 739 Nobis
825 708 894 737 fecit
914 706 1097 749 Homagiurq
1112 703 1195 734 suum

125 755 158 784 ἃ
170 751 295 781 debitam
310 749 534 780 Restitutionem
550 751 684 778 omnium
699 746 916 784 Temporalium
933 744 1115 785 Episcopatus
1122 750 1195 781 prae-

124 791 196 821 dicti
211 798 286 819 extra
303 788 410 819 Manus
424 787 530 818 nostras
544 786 642 816 debito
657 785 746 815 modo
761 784 923 823 prosecutus
935 784 992 820 est,

162 828 320 865 Habenda,
342 827 477 858 Levanda
491 849 501 863 ,
531 824 715 862 Percipienda
733 846 742 861 ,
761 822 919 853 Gaudenda
934 846 943 858 ,
963 823 995 852 ὃ(
1027 817 1195 851 Poffidenda

124 868 226 898 omnia
240 868 272 897 δε
290 866 396 903 lingula
419 864 602 901 Temporalia
619 886 628 900 ,
648 862 806 899 Redditus,
832 862 955 898 Firmas,
981 859 1196 895 Reventiones‚

126 904 274 942 Proficua,
290 907 324 937 &
340 904 540 934 Emolumenta
553 910 759 940 quoecumque,
778 910 847 930 cum
869 909 970 929 eorum
991 897 1107 938 juribus
1130 897 1194 927 uni-

124 945 226 982 versis,
244 946 327 973 eidem
342 954 411 972 nunc
426 940 567 980 Epifiopo,
587 941 644 969 tam
658 949 705 978 per
728 938 835 969 Manus
855 939 989 968 omnium
1014 938 1048 967 &
1071 937 1109 966 fin
1132 935 1193 965 ulo-

125 992 191 1013 rum
209 992 288 1014 nunc
302 984 336 1013 &
350 990 440 1017 nuper
457 979 659 1015 hscaetorum,
679 977 867 1014 Ballivorum,
886 976 1099 1013 Receptorum,
1139 984 1192 1005 rae-

124 1022 282 1060 pofitorum
294 1044 304 1058 ,
324 1019 524 1050 collectorum
534 1039 543 1054 ,
562 1016 738 1046 Tenentium
752 1039 762 1054 ,
780 1016 836 1045 slve
851 1014 1065 1045 Ministrorum'
1078 1013 1191 1044 nostro-

124 1070 189 1090 rum
204 1066 456 1098 quorumcumque
473 1057 609 1086 omnium
623 1056 656 1086 &
672 1055 842 1093 singulorum
862 1053 1098 1089 Praemifforum,
1117 1061 1190 1082 tem-

123 1109 194 1138 pore
208 1097 370 1128 Vacationis
383 1095 543 1134 praedict-ce,
559 1095 586 1122 in
609 1093 722 1130 singulis
747 1093 973 1131 quibuscumque
996 1091 1192 1122 Comitatibus

123 1138 195 1168 infra
209 1136 346 1173 Regnum
359 1132 491 1163 nostrum
512 1132 641 1170 Angliae,
667 1133 697 1161 in
717 1132 818 1170 quibus
840 1130 983 1162 Praemili'a
1011 1130 1054 1160 vel
1075 1130 1191 1167 aliquod

122 1175 337 1206 Praemiliortim
350 1172 495 1209 separatim
509 1171 630 1201 existunt
645 1171 689 1201 vel
705 1169 814 1207 existit,
835 1171 938 1206 libere,
958 1170 1072 1207 quiete,
1091 1168 1125 1199 &
1143 1179 1192 1209 pa·

122 1214 218 1251 cifice,
237 1213 310 1243 adeo
328 1211 419 1249 plene,
433 1211 511 1240 licite
525 1210 560 1239 de
570 1209 662 1239 Dono
676 1208 774 1239 nostro
790 1209 899 1248 speciali
916 1217 1002 1246 prout
1013 1207 1079 1237 Nos
1092 1209 1190 1238 omnia

121 1255 154 1284 δε
172 1251 274 1289 lingula
292 1249 438 1280 Praemissa
454 1273 463 1288 ,
484 1249 590 1279 ratione
612 1247 774 1278 vacationis
796 1247 940 1285 praedicstae
962 1247 1145 1284 haberemus,
1171 1248 1189 1278 li

120 1292 238 1330 priesens
255 1287 413 1320 Conceslio
435 1287 529 1318 nostra
557 1287 641 1315 eidem
663 1298 732 1316 nunc
754 1285 878 1324 Episcopo
903 1286 975 1316 facia
1001 1295 1060 1315 non
1085 1285 1190 1325 fuitset,

119 1330 223 1368 absque
236 1328 467 1365 Perturbatione,
487 1325 705 1363 Molestatione,
724 1324 950 1363 Inquietatione,
962 1323 1008 1354 ‘seu
1031 1324 1186 1355 Gravami-

120 1379 156 1398 ne
172 1367 276 1399 Nostri
291 1375 336 1396 aut
357 1365 517 1396 Haeredum
539 1364 705 1395 nostrorum
721 1387 729 1401 ,
751 1363 980 1402 Justiciariorutn
1002 1363 1190 1402 nostrorum,

122 1407 264 1437 Baronum
279 1405 444 1435 nostrorum
456 1404 493 1434 de
509 1403 660 1434 Scaccario
674 1402 788 1440 nostro,
810 1411 856 1433 aut
876 1402 998 1432 aliorum
1022 1401 1190 1432 Officiario-

121 1455 184 1476 rum
210 1444 372 1475 nostrorum
395 1442 598 1481 praedi&oi‘um
620 1441 665 1472 vel
681 1441 795 1479 alicujus
810 1464 819 1479 ,
842 1442 876 1473 &
896 1440 1001 1479 absque
1021 1440 1190 1480 Compoto,

121 1484 286 1521 Responso,
306 1483 350 1512 seu
365 1481 459 1519 aliquo
474 1482 527 1511 alio
538 1481 636 1511 Onere
649 1480 685 1510 de
718 1490 749 1510 ro
761 1487 807 1510 aut
821 1481 850 1510 in
867 1479 1020 1510 Praemissis
1035 1481 1080 1511 vel
1095 1481 1188 1520 aliquo

121 1522 354 1558 Praemissbrum,
373 1530 422 1559 per
437 1519 519 1558 ipsum
541 1531 610 1549 nunc
630 1490 785 1558 Episgopum
805 1518 851 1549 seu
873 1518 995 1556 aliquem
1016 1518 1059 1548 vel
1081 1519 1190 1556 aliquos

119 1560 336 1591 Officiariorum
352 1569 399 1590 aut
422 1558 623 1588 Ministtorum
644 1558 809 1588 nostrorum
830 1557 1035 1595 praedictorum
1053 1580 1062 1595 ,
1088 1557 1190 1589 Nobis

120 1601 167 1631 vel
183 1598 351 1630 Haeredibus
370 1597 472 1628 nostris
489 1595 682 1635 quovismodo
702 1595 866 1633 reddendo,
892 1596 1022 1626 faciendo
1068 1595 1114 1626 seu
1135 1597 1188 1627 sol-

120 1638 238 1676 vendo,
255 1647 288 1667 ac
301 1636 472 1667 omnimoda
497 1635 665 1672 Compota,
692 1635 798 1665 Debita
818 1657 828 1672 ,
854 1636 888 1665 &
911 1619 1074 1664 Demand’as
1090 1657 1099 1673 ,
1127 1645 1191 1674 quae

128 1677 242 1715 Nobis,
258 1676 380 1714 de,pr0,
392 1682 440 1705 aut
454 1676 480 1704 in
494 1672 644 1704 Praemissis
656 1673 702 1703 seu
715 1672 809 1703 Causa
829 1673 873 1702 vel
887 1672 1044 1703 Occasione
1061 1672 1191 1704 Praemis—

119 1716 231 1752 sorum,
247 1724 295 1752 per
307 1713 390 1753 ipsum
412 1723 481 1742 nunc
501 1711 654 1751 Episcopum
671 1734 681 1749 ,
699 1720 746 1742 aut
759 1711 882 1749 aliquem
907 1710 1125 1743 Officiariorum
1143 1713 1190 1744 seu

120 1754 321 1785 Ministrorum
336 1751 516 1789 nostrorum,
532 1752 688 1787 pertinent,
706 1760 760 1787 pro
782 1758 911 1787 tempore
936 1750 1098 1781 Vacationis
1118 1760 1191 1790 prae-

119 1793 205 1823 dic‘tae
218 1791 375 1822 Reddenda
388 1791 431 1821 vel
448 1789 590 1820 Solvenda
599 1811 608 1825 ,
626 1790 737 1828 penitus
752 1788 940 1819 Remittirnus
954 1790 988 1820 δε
1002 1789 1190 1830 Relaxamus,

119 1841 154 1862 ac
172 1841 220 1872 per
234 1829 317 1869 ipsum
332 1840 402 1859 nunc
417 1828 572 1867 Epfiopunz
587 1829 620 1859 &
636 1827 814 1858 Succeffores
828 1827 902 1866 suos,
918 1838 952 1858 ac
968 1839 1072 1859 omnes
1087 1830 1119 1860 &
1136 1829 1188 1860 sin-

121 1873 203 1910 gulos
219 1869 386 1900 Officiarios
401 1868 434 1899 &
451 1866 601 1898 Ministros
616 1865 726 1897 nostros
746 1866 895 1906 praediCtos
916 1866 983 1897 inde
1007 1870 1022 1884 ³*
1051 1877 1190 1906 quantum

122 1912 152 1940 in
168 1909 268 1940 Nobis
284 1907 325 1938 est
344 1909 555 1947 imperpetuum
570 1905 763 1936 Exoneramus
782 1906 816 1938 &
838 1905 956 1936 finaliter
984 1905 1191 1946 Aequietamus

120 1959 170 1987 per
185 1947 357 1985 Praesentes;

158 1987 205 2018 Eo
222 1986 303 2025 quod
319 1984 442 2024 expressa
461 1985 572 2016 mentio
585 1983 621 2015 de
635 1991 716 2015 certo
729 1983 882 2023 Tempore
897 1984 1060 2016 Vacationis
1075 1984 1192 2023 Episco—

120 2025 201 2066 patus
216 2025 344 2063 prcedic‘ii
357 2047 367 2062 ,
382 2033 430 2055 aut
451 2024 488 2055 de
507 2024 729 2062 Temporalibus
750 2024 894 2061 praediffls
916 2023 962 2055 seu
990 2024 1119 2055 Exitibus
1139 2034 1189 2055 eo-

119 2065 269 2103 rumdem,
288 2065 316 2094 in
332 2062 517 2094 Praesentibus
533 2063 606 2093 faeta
624 2071 682 2093 non
698 2062 805 2100 existit,
823 2071 870 2094 aut
890 2062 986 2100 aliquo
1008 2062 1130 2101 Statuto,
1146 2064 1188 2094 A-

120 2104 187 2142 Ciu,
208 2103 413 2140 Ordinatione,
428 2102 476 2133 seu
491 2102 675 2140 Provifione,
694 2102 723 2131 in
745 2103 920 2133 contrarium
943 2110 1007 2132 ante
1028 2102 1091 2133 haec
1114 2112 1190 2133 tem-

121 2152 190 2181 pora
204 2142 300 2179 fadio,
315 2141 414 2179 edito,
435 2141 566 2180 proviso,
582 2141 638 2171 five
660 2139 792 2170 ordinato
811 2165 821 2178 ‚
848 2149 897 2171 aut
919 2139 1011 2178 aliqui
1034 2141 1105 2179 alia,
1124 2140 1189 2179 Re,

120 2180 228 2218 Causfi,
248 2180 294 2210 vel
310 2179 434 2211 Materid
448 2190 645 2220 quacumque,
664 2180 692 2209 in
706 2179 801 2218 aliquo
815 2189 876 2210 non
890 2177 1030 2209 obstante.

158 2219 192 2249 In
212 2219 307 2255 cujus,
326 2220 386 2250 &c.

116 2298 138 2328 b
153 2257 260 2302 {Teste
281 2257 363 2297 Rege
383 2256 457 2297 apud
477 2255 735 2298 Wellmonasterium
751 2278 762 2294 ,
785 2255 923 2288 vicefimo
942 2257 1038 2295 primo
1061 2257 1108 2288 die
1133 2257 1188 2289 Fe-

139 2306 227 2328 ruam.

611 2375 666 2403 Per
683 2375 777 2402 Breve
792 2372 826 2402 de
843 2374 964 2403 Pri-vato
980 2371 1082 2410 sigillo.

120 2506 169 2536 De
185 2505 261 2536 Dote
279 2506 472 2550 Margaretae
485 2529 495 2545 ,
522 2501 719 2546 Confirmatio
738 2504 770 2534 in
796 2500 999 2534 Parliamento
1023 2503 1185 2534 Scoticnno.

0 2601 45 2622 nn.
62 2588 102 2619 D.
148 2587 184 2618 N
205 2565 292 2618 Der
313 2587 505 2618 Nomine
527 2586 661 2616 Anam.

0 2638 74 2671 2504.

0 2682 20 2698 a.
38 2678 80 2704 ¹9·

20 2719 45 2744 7.

0 2757 9 2774 c
27 2749 85 2774 Au-

0 2796 32 2824 {r-

204 2625 260 2656 Per
273 2627 331 2655 hoc
346 2626 465 2662 prensens
479 2625 635 2655 Publicum
653 2623 881 2655 instrumentum
894 2623 1005 2655 cunetis
1024 2632 1114 2663 pateat
1129 2625 1190 2655 evi-

119 2662 216 2695 denter
232 2666 265 2696 &
280 2663 433 2694 inn0tescat
448 2663 546 2700 quod,

160 2704 249 2734 Anno
265 2701 375 2732 Gratiae
387 2703 419 2732 ὅ(
437 2700 608 2731 Dominicae
631 2700 834 2730 Incarnationis
856 2700 1014 2730 Millefimo
1036 2701 1188 2739 Quingen-

123 2742 225 2773 tesimo
240 2742 344 2779 tertio,
361 2739 516 2770 secundum
535 2738 661 2768 Cursum
678 2739 711 2769 &
728 2737 880 2767 Calculum
903 2738 1036 2768 Ecclesiae
1057 2741 1189 2770 scotica-

122 2791 187 2820 nae,
208 2779 316 2811 Menlis
331 2781 399 2808 vero
418 2777 516 2808 Martii
533 2776 592 2807 Die
609 2776 725 2807 decimo
739 2777 822 2806 tertio
837 2798 846 2812 ,
874 2775 1034 2806 lndiCtione
1053 2777 1189 2816 septima,

121 2817 307 2850 Pontificatfis
321 2816 492 2848 Sanctiffimi
506 2816 535 2845 in
550 2815 669 2846 Christo
684 2815 773 2845 Patris
786 2815 820 2844 &
836 2814 959 2844 Domini
974 2814 1063 2845 nostri
1077 2816 1187 2846 Domi-

119 2858 254 2927 nilJulii,
273 2857 381 2887 Divina
397 2854 599 2892 Providentia,
618 2855 700 2891 Papae
716 2852 827 2882 Secundi
843 2853 930 2882 Anno
944 2854 1055 2891 primo,

173 2907 192 2926 n
206 2895 397 2926 Parliamento
409 2892 639 2924 Excellentiffimi
653 2894 687 2923 δε
707 2890 879 2921 Sereniffimi
900 2892 1038 2930 Principis
1063 2893 1098 2924 &
1120 2893 1186 2924 Do-

119 2936 191 2966 mini
206 2934 295 2965 nostri
313 2931 537 2964 Metuendiffimi
552 2931 675 2961 Domini
692 2929 810 2968 Jacobi,
838 2929 896 2960 Dei
922 2931 1026 2970 gratia,
1050 2934 1186 2962 Scotorum

119 2977 198 3012 Regis
214 2972 397 3003 Illustriffimi
428 2970 488 3008 ipso
502 2979 554 3008 pro
569 2969 720 2999 Tribunali
736 2968 863 3006 sedente,
883 2968 1035 3007 Regalibus
1058 2970 1185 3002 Trabea-

119 3021 163 3044 tus
178 3013 211 3043 &
226 3011 364 3048 Vestitus,
382 2994 531 3040 Coronam
545 3007 648 3046 Capite
661 3007 811 3047 Sceptrum
820 3007 947 3045 Regium
963 3007 1058 3038 Manu
1067 3009 1186 3048 gestans,

120 3052 176 3082 une.
189 3060 256 3081 cum
270 3050 407 3086 Praelatis,
432 3047 585 3078 Batonibus
598 3071 608 3085 ,
633 3047 721 3077 libere
742 3046 920 3076 Tenentibus
936 3070 945 3084 ,
969 3048 1003 3078 ὃς
1023 3046 1184 3086 Burgorum

120 3088 347 3125 Commissariis,
364 3087 439 3118 Tres
452 3086 545 3125 Regni
560 3085 598 3116 sui
613 3085 704 3116 Status
717 3085 972 3122 repraesentantibus
986 3108 996 3123 ,
1023 3087 1186 3117 universali-

119 3137 161 3159 ter
175 3138 223 3166 per
239 3127 343 3166 lingula
358 3126 523 3157 Provinciae
540 3122 664 3154 Climata
682 3123 869 3162 Congregatis
892 3124 924 3154 ὃ(
941 3124 1046 3154 ibidem
1075 3134 1184 3156 conve-

120 3166 278 3202 nientibus,
295 3165 351 3196 scil.
369 3164 502 3208 primitus
514 3163 638 3201 vocatis,
655 3163 689 3193 &
713 3161 801 3192 Curia
820 3161 1000 3194 Parliamenti
1022 3162 1186 3202 affirmatis,

160 3203 242 3235 Idem
257 3203 461 3240 Serenissimus,
473 3200 953 3239 Excellentiffimus,Supremusque
968 3201 1117 3232 Dominus
1133 3213 1186 3232 no-

124 3243 179 3274 ster
190 3245 266 3280 Rex,
284 3251 353 3273 cum
370 3242 484 3272 maturis
507 3240 701 3276 Avilamento,
718 3239 944 3277 Deliberatione,
961 3241 1088 3270 unanimi
1101 3239 1186 3271 Con-

123 3281 218 3319 sensu,
237 3282 270 3312 δε
286 3280 402 3310 Affensu
416 3280 522 3310 Trium
543 3278 638 3316 Regni
658 3278 697 3308 sui
719 3277 850 3308 statuum
872 3278 1095 3317 praedic‘torum,
1125 3279 1189 3316 Ap-

125 3320 273 3357 probavit,
292 3318 474 3355 Rarificavst,
491 3328 524 3348 ac
543 3317 721 3348 Auctoritate
734 3317 768 3347 &
786 3316 990 3354 Solempnitate
1009 3317 1189 3348 Parliamenti

128 3357 320 3388 Confirmavit
335 3367 436 3388 omnes
449 3358 483 3387 ὃς
497 3357 535 3386 sin
558 3357 613 3386 ulas
634 3355 828 3393 Donationes‚
847 3354 1070 3393 Concesfiones,
1089 3355 1187 3386 infeo-

127 3397 270 3433 dationes,
285 3395 518 3426 Contributiones
563 3395 755 3432 omitatuum,
773 3393 1000 3432 Dominiorum,
1023 3394 1190 3432 Terrarum,

126 3434 312 3470 Castrorum,
333 3433 545 3470 Maneriorurn,
564 3432 752 3470 Palatiorum,
780 3431 1009 3470 Fortalitiorum,
1031 3432 1171 3463 Turrium
1183 3455 1194 3471 ,

128 3473 307 3503 Forestarum
319 3493 328 3508 ,
346 3472 495 3502 Parcarum
510 3495 520 3511 ,
545 3470 724 3501 officiorum
742 3494 752 3509 ,
775 3471 918 3500 Limitum
935 3493 945 3508 ,
970 3471 1004 3500 ὃς
1027 3469 1190 3501 Bondarum

127 3521 198 3541 curn
211 3510 404 3547 Pertinentiis,
421 3511 481 3540 aliis
497 3520 545 3548 per
559 3510 648 3548 ipsum
663 3508 936 3540 Excellentiffimum
951 3509 1114 3546 Principem
1127 3510 1194 3540 Do-

129 3551 241 3579 minum
260 3547 389 3578 nostrum
406 3547 618 3579 Serenillimum
636 3549 706 3578 infra
720 3548 859 3585 Regnum
878 3547 958 3578 suum
974 3549 1059 3578 facias
1071 3549 1105 3578 &
1119 3558 1191 3579 con-

128 3587 214 3618 celsas
229 3586 472 3617 Excellentiffimae
486 3588 517 3618 Sc
544 3587 726 3618 inclitiffimae
748 3586 924 3625 Principiffie
946 3589 1117 3624 Margaretae
1138 3591 1191 3618 Re-

127 3630 197 3664 ginae
223 3629 356 3655 Scotorum
378 3626 436 3663 ejus
463 3625 598 3656 Consorti
627 3625 846 3656 Praeclariffimz
869 3627 899 3656 in
931 3624 1053 3656 Vitalern
1080 3625 1190 3656 Reddi-

133 3673 212 3701 tum,
231 3666 286 3694 una
304 3673 372 3694 cum
387 3663 533 3694 Dominio
550 3665 584 3695 de
598 3663 770 3695 Kilmernok
790 3675 823 3694 ac
845 3663 949 3695 Castro
963 3664 1106 3702 ejusdem,
1123 3674 1192 3695 cum

133 3703 184 3732 suis
206 3703 383 3733 Tenentibus
404 3702 437 3732 δε
466 3703 634 3732 Tenandriis
655 3725 665 3741 ,
690 3702 881 3733 Eccleiiarum
911 3702 1194 3743 Capelianiarumque

133 3740 374 3772 Advocationibus
396 3741 428 3771 ὃ(
449 3741 502 3771 suis
524 3740 701 3771 Pertincntiis
722 3742 933 3780 quibuscunque
947 3765 956 3781 ,
978 3741 1071 3772 eidem
1091 3740 1194 3772 Excel-

136 3778 291 3809 lentillimae
307 3784 413 3817 Reginae
433 3780 462 3809 in
480 3778 675 3809 Donationern
694 3789 805 3817 propter
826 3780 965 3820 Nuptias,
990 3789 1120 3817 tempore
1141 3779 1194 3810 So-

135 3817 357 3854 lempnizstionis
381 3818 559 3848 Matrimonii
578 3819 605 3846 in
628 3817 711 3848 Facie
733 3818 868 3848 Ecclesiae
899 3819 1021 3849 similiter
1040 3819 1197 3849 Promiffo-

137 3856 247 3898 rum4&
267 3857 498 3894 Concesl'orum,
515 3866 582 3885 cum
602 3856 736 3886 omnibus
756 3858 788 3888 ὃς
809 3857 917 3896 singulis
935 3867 1036 3888 eorum
1053 3857 1197 3888 Commo-

137 3893 280 3936 ditatibus,
302 3896 507 3932 LibertatibuS,
521 3897 554 3926 δε
570 3895 627 3924 aliis
646 3893 800 3932 Proficuis,
819 3905 852 3925 ac
865 3906 932 3926 cum
958 3896 1050 3927 Carris
1071 3895 1195 3926 Eviden-

136 3940 181 3962 tns
194 3930 305 3973 desuper
319 3943 395 3963 nunc
417 3935 449 3964 δε
465 3941 545 3963 antea
566 3933 706 3962 confe&is
722 3956 731 3970 ,
756 3934 786 3962 in
805 3935 936 3963 omnibus
954 3935 1008 3965 suis
1028 3934 1145 3964 Punctis
1160 3935 1194 3965 &

139 3968 275 4011 Articule
291 3991 300 4005 ,
324 3970 557 4014 §oriditionibus,
584 3970 700 4009 Modis,
720 3973 753 4002 &
777 3970 1003 4004 Circumstantiis
1026 3971 1196 4010 quibuscun—

135 4016 195 4047 que
208 4029 219 4044 ,
236 4006 339 4037 borma
350 4010 446 4045 pariter
464 4012 496 4041 ὃς
511 4009 643 4047 Είῖείω,
660 4011 690 4040 in
706 4011 839 4041 omnibus
858 4012 891 4043 δε
912 4021 962 4050 per
983 4012 1079 4043 omnia
1098 4011 1196 4044 secun-

561 110 1368 164 CONVENTIONES,
1423 109 1808 164 LITERAE,

1231 197 1303 230 dum
1309 197 1455 268 ὃΙΞοῐἙαω
1468 197 1502 228 &
1518 196 1670 228 Tenorem
1685 187 1866 236 earumdem,
1885 198 1919 230 δε
1934 207 2018 239 prout
2032 203 2063 234 in
2074 203 2101 234 se
2115 202 2300 244 plenisispor-
2312 197 2391 230 Ann.
2404 200 2451 232 D:

1234 246 1293 269 tant
1357 246 1384 267 te
1410 245 1492 267 antur
2337 248 2351 269 1
2373 248 2393 269 0
2416 262 2426 269 .

1269 276 1384 314 Quibus
1396 259 1613 314 Ratific’atione,
1635 275 1865 314 Approbatione,
1884 275 1919 307 &
1937 275 2166 313 Confirmatione
2181 282 2236 321 fic²
2269 290 2303 314 ut
2317 247 2431 314 Heia?

1233 314 1641 384 iffgffffggffignfffiffglffl
1649 313 1830 383 ῗέἓίῗὲἑ,
1845 314 2304 392 ἐῖεέΕὲΞῖἐίὧὲἓῗῗῑὸᾶὺέἓὲΡὲἕ

1234 393 1326 431 pal—‘am
1342 392 1486 431 perleffls,
1504 392 1580 422 idem
1594 391 1748 430 Supremos
1761 390 1906 422 Dominus
1919 392 2015 423 noster
2029 396 2089 424 Rex
2143 407 2250 434 agnum
2257 399 2302 429 Si-

1233 431 1332 471 gillum
1348 431 1427 462 suum
1442 432 1534 461 eidem
1550 429 1645 461 Cartae
1656 430 1733 468 juffit
1749 430 1886 469 appendi,
1904 431 1939 461 &
1955 431 2084 470 praedicti
2105 433 2215 467 Praelati
2250 437 2303 469 Ba.

1236 480 1334 508 mnes,
1351 471 1437 500 libere
1452 469 1615 508 Tenentes,
1642 478 1675 513 ac
1699 467 1859 506 Burgorurn
1882 468 2095 510 Commissarii,
2117 471 2191 504 Tres
2208 460 2303 516 Regni

1234 508 1326 538 Status
1340 508 1599 547 Repraesentantes,
1620 506 1713 547 Sigilla
1728 507 1917 545 eorumdem,
1935 517 1989 545 pro
2010 508 2212 542 Roboratione
2232 515 2304 552 ejus-

1235 546 1320 584 dem,
1340 546 1467 583 expresse
1482 547 1564 577 unito
1579 546 1660 577 Voto
1674 546 1855 585 solempniter
1871 547 2072 578 concefferunt
2083 570 2093 586 ,
2113 560 2236 587 quorum
2250 554 2309 583 Ar.

1234 594 1281 614 ma
1295 586 1323 613 in
1339 584 1420 614 dietis
1433 584 1538 621 Sigillis
1554 584 1587 614 &
1599 584 1733 616 Nomina
1747 585 1776 615 in
1791 584 1962 616 eorumdem
1971 585 2219 620 circumferentiis
2231 599 2307 622 con-

1230 623 1355 654 tinentur
1367 623 1401 653 δε
1416 621 1653 661 manifestantur,·
2143 631 2147 634 ·

1271 661 1325 705 De,
1338 671 1465 699 quorum
1480 661 1661 700 Appenfione
1674 659 1703 691 Si
1725 661 1836 693 illorum
1852 662 1940 694 dictae
1953 662 2050 695 Cartae
2065 665 2155 697 michi
2174 665 2306 699 Notario

1232 700 1377 730 antedicto
1393 698 1487 730 Cartae
1500 699 1624 737 praefatae
1640 708 1698 729 con
1725 701 1788 731 abat
1802 701 1976 740 luculenter,

1271 737 1321 782 De
1336 739 1369 770 δε
1384 738 1464 776 super
1480 738 1583 777 quibus
1596 738 1732 782 omnibus
1746 738 1780 769 &
1794 739 1924 779 fingulis‚
1942 741 1981 773 fic
1993 744 2168 779 praenarratis
2179 766 2189 782 ,
2216 744 2305 784 affitisj

1230 776 1329 813 facfiis,
1345 778 1379 808 &
1395 776 1498 816 gestis,
1516 776 1778 808 Reverendlffimus
1790 778 1820 807 in
1839 777 1959 808 Christo
1980 779 2063 812 Pater
2082 782 2216 812 Robertus
2237 787 2302 814 Ay:

1232 813 1400 854 chiepisiopus
1415 814 1580 856 Glasguenfis
1597 825 1631 845 ac
1645 813 1911 847 commendatarius
1931 817 1967 847 de
1983 819 2143 860 Jedwode,
2168 821 2303 854 Matheus

1232 857 1323 883 Comes
1336 854 1368 883 de
1385 856 1531 892 Lenenax,
1549 864 1582 884 ac
1598 853 1746 884 Dominus
1761 853 1889 893 Dernly,
1915 853 2032 894 Insignis
2052 858 2139 889 Miles
2153 859 2304 893 Dominus

1231 892 1389 930 Radulphus
1402 895 1507 932 Vernay
1529 891 1708 923 Camerarius
1728 893 1815 923 dictae
1838 893 2084 926 Excellentiffimae
2107 897 2284 939 Principiffae

1232 930 1371 971 Magister
1384 933 1519 960 Henricus
1532 931 1695 969 Rabyntonn
1710 931 1804 962 Sacrae
1819 931 1995 969 Theologiae
2009 932 2164 975 Profeffor,
2181 925 2302 969 Edvar3

1230 970 1279 999 dus
1294 969 1450 1009 Beynsteide
1463 969 1680 1007 Thesaurarius,
1696 970 1821 1007 praefatae
1834 969 1929 1001 Princi
1951 971 2009 1001 iffae
2029 973 2064 1003 ὃς
2084 972 2225 1007 Dominae
2246 987 2301 1009 no-

1230 1008 1293 1039 strae
1311 1008 1434 1047 Reginae
1453 1008 1659 1039 Procuratores
1671 1032 1681 1046 ,
1706 1008 1764 1046 ejus
1783 1009 1818 1040 &
1839 1019 1877 1040 eo
1937 1011 2038 1040 omine
2051 1011 2071 1031 ³⁸
2091 1012 2291 1048 Procuratorio
2318 1015 2422 1048 *xm

1228 1046 1352 1116 fibilfif’cri
1369 1048 1508 1084 petierunt
1522 1047 1581 1078 hoc
1596 1046 1715 1087 praesens
1728 1047 1888 1079 Publicum
1900 1047 2126 1081 Instrumentum
2139 1051 2186 1083 seu
2200 1041 2301 1088 Publi-³
2317 1065 2367 1094 93.
2425 1039 2434 1055 ⁵

1228 1095 1261 1116 ca
1292 1095 1309 1115 n
1337 1094 1474 1116 rumenta.

1267 1163 1341 1194 Acta
1354 1171 1431 1194 erant
1442 1162 1508 1194 haec
1522 1163 1551 1193 in
1568 1164 1701 1193 Praetorio
1716 1166 1803 1201 Burgi
1820 1164 1854 1194 de
1873 1165 2037 1203 Edinburgh
2051 1189 2062 1204 ‚
2079 1166 2164 1199 Hori
2182 1167 2302 1201 undeci-

1230 1202 1277 1246 ma
1290 1211 1352 1232 ante
1368 1201 1521 1246 Meridiem
1537 1202 1580 1232 vel
1597 1212 1634 1233 eo
1648 1203 1747 1246 circa,
1760 1203 1811 1233 sub
1830 1203 1919 1234 Anno
1935 1228 1945 1243 ,
1969 1205 2072 1238 Mense
2086 1228 2098 1245 ,
2122 1206 2199 1246 Die,
2223 1207 2303 1245 1ndi÷

1226 1241 1339 1280 (stione,
1356 1243 1389 1274 ὃς
1406 1240 1595 1280 Ponuficatu,
1615 1241 1716 1280 qulbus
1731 1246 1822 1281 lupra,

1598 1317 1786 1350 Praescntibus
1804 1318 1931 1359 ibidem,

1263 1395 1440 1427 Reverendis
1456 1396 1484 1426 in
1504 1395 1622 1427 Christo
1638 1395 1785 1437 Patribus,

1262 1438 1373 1472 Georgio
1390 1433 1516 1474 Episcopo
1528 1434 1728 1476 Dunkddmfi,

1265 1473 1413 1504 lVillielmo
1427 1474 1551 1522 Episcopo
1568 1473 1754 1515 Abirdonenst
1766 1473 1876 1505 Secreti
1890 1473 1979 1514 Sigilli
1991 1473 2060 1507 dieti
2076 1475 2208 1516 Supremi
2229 1477 2295 1510 Do·

1227 1513 1298 1542 mini
1316 1513 1403 1542 nostri
1422 1512 1515 1544 Reois
1527 1511 1668 1550 Custode,

1265 1551 1385 1594 Andrea
1403 1537 1528 1596 Epissopo
1546 1551 1720 1595 Moravienfi
1733 1550 1997 1584 Commendatorio
2019 1552 2056 1583 de
2079 1551 2244 1588 Pettibeme
2262 1559 2297 1590 δε

1230 1588 1436 1628 Cottinghame
1454 1600 1484 1619 in
1500 1589 1621 1627 Anglia,

1266 1627 1400 1665 Johanne
1419 1627 1546 1668 Eptfiopo
1562 1627 1695 1667 Roffenfi,

1264 1669 1376 1703 Georgia
1392 1667 1518 1706 Episcopo
1536 1667 1667 1696 Candidae
1676 1671 1715 1696 ca
1727 1675 1749 1697 a?
1758 1690 1768 1706 ,

1265 1705 1385 1735 Andrea
1403 1705 1524 1744 Episcopo
1540 1705 1696 1735 Cathanien
1707 1708 1716 1732 i
1723 1727 1734 1744 ,

1262 1745 1367 1773 David
1383 1745 1506 1783 Episcopo
1524 1743 1704 1782 Lifiiiorenfi,

1264 1782 1427 1814 Nobilibus
1440 1784 1474 1814 &
1489 1781 1716 1820 Praepotentibus
1730 1781 1886 1820 Dominis,

1265 1824 1380 1858 Georgeo
1397 1824 1498 1851 Comite
1514 1821 1547 1850 de
1561 1819 1679 1850 Huntlie
1692 1820 1829 1851 Domino
1843 1821 1991 1852 Gordoun
2005 1820 2039 1852 &
2053 1819 2264 1864 Baidzenanth;

1263 1859 1435 1890 Archibaldo
1456 1863 1560 1889 Camite
1576 1859 1608 1889 de
1625 1858 1722 1896 Ergile
1735 1858 1873 1889 Domino
1888 1859 2044 1897 Campbell
2056 1861 2090 1892 &
2113 1861 2213 1901 Lom,
2235 1863 2304 1897 Ma}

1227 1898 1317 1938 gistro
1333 1898 1460 1938 Hospitii
1474 1898 1545 1929 dieti
1556 1897 1643 1928 nostri
1659 1897 1896 1929 Excellentiffimi
1911 1897 2064 1936 Principis,

1266 1936 1396 1975 Johanne
1411 1940 1513 1967 Comite
1530 1936 1563 1966 de
1581 1939 1716 1966 Mortoun
1733 1936 1867 1966 Domino
1881 1936 1918 1967 de
1932 1936 2086 1974 Dalkeith,

1264 1978 1384 2006 Patricio
1401 1979 1501 2006 comite
1519 1975 1551 2005 de
1567 1974 1720 2004 Boithville
1733 1973 1869 2005 Domino
1884 1974 1982 2013 Halis‚

1263 2014 1397 2053 Johanne
1413 2018 1513 2044 Comite
1528 2012 1702 2053 Craufurdiae
1719 2012 1857 2044 Domino
1874 2013 2001 2052 Lyndesa
2023 2016 2035 2052 ,'

1264 2055 1306 2089 W
1308 2053 1416 2084 illielmo
1430 2056 1532 2083 Comite
1551 2051 1714 2091 Illarcstallo
1730 2055 1825 2082 Scotiae
1843 2051 1978 2082 Domino
2024 2052 2104 2092 eith;

1262 2091 1369 2130 Jacobo
1381 2095 1481 2122 Comite
1495 2091 1529 2122 de
1546 2094 1648 2121 Arane
1658 2090 1794 2121 Domino
1808 2089 2000 2129 Hamiltoun,

1264 2131 1477 2162 Venerabilibus
1495 2131 1527 2160 in
1543 2129 1662 2161 Christo
1676 2129 1820 2167 Patribus,

1261 2169 1395 2208 Johanne
1412 2171 1504 2199 Pr1‘ore
1516 2169 1611 2200 SancZi
1624 2168 1749 2198 Andreae
1761 2167 1942 2206 ejuidernque
1953 2166 2070 2199 Vicario
2086 2168 2235 2210 Generau,

1262 2211 1377 2246 Georgeo
1392 2207 1509 2238 Abbate
1526 2209 1636 2238 Sanblae
1655 2210 1746 2237 Crucis
1756 2214 1838 2246 prope
1854 2206 2037 2246 Edinburgh,
2512 2216 2523 2231 σ

1261 2247 1422 2278 Nobilibus
1436 2247 1522 2277 etiarn
1537 2246 1691 2285 Dominis,
2172 2259 2177 2262 ·

1261 2286 1428 2316 Alexandro
1448 2288 1564 2316 Domino
1584 2287 1674 2315 Hume
1686 2284 1798 2324 Magno
1813 2283 1980 2315 Camerario
1993 2283 2118 2323 ScotiaeJ

1237 2362 1244 2369 ἱ
1260 2325 1381 2356 Andrea
1400 2327 1517 2355 Domino
1533 2323 1569 2354 lie
1585 2326 1661 2364 Gray
1673 2323 1830 2363 justitiario
1845 2322 1980 2354 Generali
1997 2323 2085 2356 totius
2102 2323 2204 2364 Regni
2218 2324 2294 2359 Sco-

1223 2370 1290 2401 tiae,

1262 2404 1375 2440 Hugone
1389 2404 1507 2433 Domino
1521 2404 1712 2442 Montgumry‚

1258 2441 1392 2479 Johanne
1405 2445 1522 2471 Domino
1535 2440 1582 2471 Oli
1598 2440 1687 2478 hant,

1257 2478 1338 2510 Cum
1351 2479 1463 2510 diverfis
1474 2480 1546 2517 aliis,
1604 2478 1756 2516 ominbus,
1784 2476 1947 2516 Episcopis,
1971 2477 2122 2510 Prioribus
2169 2479 2296 2512 Abbati*

1221 2517 1293 2556 bus,
1312 2518 1486 2555 BatonibuS,
1513 2517 1635 2549 Praelatis
1647 2540 1657 2555 ,
1682 2517 1838 2560 Armigeris
1863 2539 1874 2554 ,
1900 2516 2105 2556 Burgenfibus,
2129 2502 2294 2556 Eurgorum

1222 2556 1449 2594 Commiffariis,
1468 2556 1669 2596 Magnatibus,
1689 2555 1874 2593 Procenbus,
1891 2553 2010 2586 Clericis
2023 2555 2058 2587 &
2072 2555 2181 2595 Laicis,
2193 2557 2294 2595 Testi-¹

1223 2595 1275 2626 bus
1288 2596 1322 2627 ad
1335 2594 1481 2627 Praemiffa
1496 2595 1642 2634 requilitis,
1661 2595 1722 2626 &c.

1258 2685 1302 2712 Et
1315 2693 1359 2720 ego
1371 2682 1516 2721 Johannes
1533 2680 1667 2718 Murray,
1684 2682 1803 2709 Artium
1815 2677 1966 2718 Magister,
1985 2678 2100 2708 clericus
2117 2680 2214 2710 Sancti
2221 2681 2294 2710 An:

1223 2721 1294 2751 dreae
1306 2721 1448 2761 Dioecess's,
1465 2719 1588 2750 Publicus
1604 2717 1760 2756 Apostolicci
1774 2717 1813 2752 ὠ·
1828 2717 1924 2754 Regali
1935 2716 2163 2747 Auctoritatibus
2194 2720 2292 2748 Nota-

1223 2764 1296 2796 rius,
1315 2771 1346 2788 ac
1359 2759 1451 2788 Scriba
1456 2758 1599 2796 Jaepedic't'i
1613 2755 1796 2785 parliamenti
1815 2758 1905 2784 Curiae
1938 2758 2003 2794 quia
2010 2754 2166 2793 praelibatis
2179 2758 2292 2794 Appro—

1225 2797 1345 2836 bationi,
1362 2796 1569 2838 Ratificationi,
1588 2793 1813 2834 Confirmationi,
1835 2778 1989 2828 Sigilsorum
2016 2797 2178 2831 appentonis
2201 2797 2293 2825 Man—

1222 2836 1305 2874 dato,
1324 2834 1466 2874 Consensiei
1478 2833 1517 2869 ὠ·
1530 2831 1703 2871 Conceffioni,
1719 2830 1832 2871 aliifiJue
1846 2829 1988 2869 Praemiffis
2007 2829 2082 2869 singu
2094 2835 2133 2868 is,
2150 2832 2234 2873 dum,
2256 2839 2291 2863 ut

1217 2882 1424 2913 praenarratum
1440 2871 1475 2912 est
1485 2895 1494 2909 ,
1512 2873 1681 2909 dicerentur,
1696 2870 1895 2900 mandarentur
1909 2894 1919 2907 ,
1944 2867 1983 2904 ὠ·
2003 2867 2104 2908 fierent
2118 2893 2128 2909 ,
2150 2871 2208 2901 und
2230 2882 2290 2902 cum

1221 2916 1347 2943 Dominis
1358 2912 1396 2949 ὠ·
1412 2911 1529 2949 Testibus
1537 2910 1697 2948 praetac‘lis,
1710 2907 1925 2947 praefhntialiter
1938 2905 2054 2946 interfici
2061 2930 2071 2946 ,
2089 2919 2171 2949 eaque
2175 2909 2289 2948 singula

1212 2951 1405 2992 figillatimjtc
1417 2951 1478 2988 dici,
1486 2949 1615 2979 mandari
1633 2945 1743 2988 &fieri
1755 2947 1827 2985 vidi,
1843 2947 1943 2977 audivi
1957 2945 1997 2981 &
2008 2945 2099 2985 stivi,
2119 2958 2152 2976 ac
2172 2950 2203 2977 in
2223 2948 2287 2976 No-

1221 2998 1281 3020 tam
1298 2993 1372 3028 cepi,
1392 2999 1427 3018 ex
1441 2999 1492 3028 quo
1507 2987 1554 3017 hoc
1568 2985 1700 3026 publicum
1716 2985 1928 3025 Instrumentum
1942 3008 1953 3023 ,
1983 2987 2076 3014 Manu
2095 2983 2226 3022 alteriue,
2244 2995 2287 3015 me

1220 3033 1311 3058 variis
1327 3028 1387 3058 aliis
1403 3027 1513 3057 detento
1529 3025 1566 3060 &
1581 3032 1704 3064 occupato
1718 3026 1857 3062 Negotiis,
1863 3023 1988 3065 fideliter
1993 3022 2052 3062 firi
2068 3029 2142 3060 tum,
2160 3021 2231 3063 fieri
2238 3021 2289 3062 ft-

1219 3071 1260 3104 ci,
1281 3071 1417 3107 Signaque,
1430 3067 1550 3095 Nomine
1561 3063 1600 3099 ὠ·
1615 3063 1808 3103 Subfiriptione
1823 3066 1888 3093 meis
1891 3061 1985 3101 solitis
1996 3065 2027 3091 in
2049 3059 2162 3090 imilibus
2176 3059 2215 3095 ὠ
2223 3072 2287 3092 con—

1210 3106 1301 3145 suetis
1310 3105 1442 3146 fignavi,
1460 3107 1490 3133 in
1507 3103 1598 3134 Fidem
1611 3105 1742 3134 Veritatis
1763 3099 1803 3136 ό»
1825 3101 1917 3132 Robur
1936 3103 2053 3131 omnium
2072 3098 2288 3140 Praemiſjbrum,

1215 3144 1349 3184 instanter
1367 3142 1515 3184 requifitus.

1690 3218 1994 3258 JonANNEs
2026 3214 2289 3248 MURRAY:

1246 3370 1296 3401 Do
1330 3363 1542 3410 Commiffiariis
1560 3390 1570 3405 ,
1594 3361 1638 3395 ad
1666 3358 1845 3407 exigendum
1875 3360 1996 3391 Literas
2024 3356 2265 3401 Caigfirmntiom's

1487 3409 1671 3456 stapradiffi‘ae
1694 3407 1836 3454 Exempli
1859 3409 1998 3440 catorias.

1223 3507 1303 3565 RE
1312 3507 1344 3539 X
1356 3505 1488 3537 univerfis
1499 3505 1533 3535 &
1547 3503 1672 3541 lingulis,
1690 3501 1725 3532 ad
1741 3510 1830 3539 quos,
1843 3500 1906 3531 ὅτε.
1924 3498 2059 3531 Salutem
2298 3491 2377 3523 Ann-
2390 3492 2435 3527 D:

1334 3545 1414 3576 Cum
1424 3567 1434 3582 ,
1451 3544 1501 3573 hiis
1515 3542 1700 3579 superioribus
1711 3540 1809 3570 diebus
1819 3562 1828 3577 ,
1846 3539 1917 3570 inter
1933 3538 2044 3569 nostros
2059 3538 2093 3570 &
2106 3537 2284 3571 Illustriffimi
2320 3539 2407 3570 1504·

1225 3583 1367 3623 Principis
1379 3581 1590 3620 consanguinei
1604 3581 1636 3611 ὃς
1653 3579 1713 3609 Filii
1726 3578 1815 3608 nostri
1831 3576 1963 3607 cariffimi
1976 3576 2078 3615 Jacob}
2091 3580 2286 3609 ScotorumRe-
2296 3572 2349 3597 An·
2369 3579 2379 3596 ¹
2384 3579 2413 3605 9-

1223 3627 1264 3660 gis
1280 3620 1510 3656 Commissarios‚
1530 3619 1683 3656 Oratores,
1702 3617 1933 3654 Ambaxiatores,
1952 3616 2093 3654 Legatos,
2113 3616 2285 3648 Procurato-
2297 3611 2332 3635 H.
2352 3616 2378 3642 7·
2547 3638 2555 3658 ,-

1226 3671 1285 3702 res,
1302 3662 1479 3698 Deputatos,
1495 3659 1528 3689 ὃς
1547 3658 1708 3694 Nuncios‘,
1735 3665 1784 3694 per
1806 3664 1958 3693 utrumque
1977 3654 2110 3698 nostrfim
2131 3655 2284 3695 praedidic-
2297 3650 2362 3673 *5⁶⁰¹*-
2379 3650 2428 3682 192,
2550 3662 2555 3688 4

1227 3711 1292 3732 rum
1309 3699 1476 3735 Principum
1485 3719 1494 3734 ,
1510 3705 1559 3734 per
1572 3697 1677 3727 Literas
1691 3694 1796 3725 nostras
1809 3694 1842 3724 &
1855 3693 1913 3724 suas
1926 3716 1936 3730 ,
1959 3692 2130 3724 sufficienter
2152 3693 2286 3725 hincinde
2298 3687 2331 3710 H.
2345 3692 2374 3718 7·
2550 3675 2555 3737 4

1227 3740 1432 3773 αυὲὶοτίῑαῑοε,
1448 3734 1577 3773 quaedam
1591 3735 1691 3770 Ρεᾶα,
1709 3733 1939 3769 Conventiones,
1958 3732 1993 3761 &
2008 3730 2139 3770 Capitula
2148 3732 2226 3762 de&
2240 3730 2331 3763 su-m·
2344 3723 2375 3757 ⁶³
2553 3741 2555 3776 4

1229 3789 1279 3819 per
1293 3776 1498 3810 Matrimonio,
1516 3775 1588 3804 inter
1602 3773 1691 3811 ipsum
1706 3772 1808 3802 Filium
1823 3772 1857 3802 ὅτ.
1879 3769 2131 3808 Consanguineum
2152 3769 2286 3800 nostrum

1229 3822 1365 3849 Scotorum
1379 3817 1474 3850 Regem
1487 3812 1521 3842 &
1542 3811 1757 3842 Illustriffimam
1780 3809 1943 3839 Dominam
1976 3811 2168 3846 Margaretam
2186 3807 2287 3838 Filiam

1230 3856 1346 3896 nostram
1362 3854 1583 3889 Primogenitam,
1601 3860 1678 3880 nunc
1691 3849 1773 3888 ipsius
1785 3851 1863 3885 Regis
1873 3851 2008 3877 Scotorum
2024 3849 2151 3884 Reginam
2162 3844 2201 3890 ᾤ’
2216 3849 2286 3877 Con-

1231 3893 1380 3929 thoralem,
1399 3891 1555 3928 celebratO,
1573 3890 1605 3920 ὃ(
1618 3890 1647 3918 in
1663 3888 1747 3918 Facie
1763 3886 1897 3918 Ecclefiae
1912 3886 2112 3923 solemnizato,
2129 3885 2286 3923 inita,con-

1231 3942 1331 3969 venta,
1344 3929 1549 3967 appunetuata,
1564 3927 1754 3961 concordata,
1772 3925 1895 3965 perculsa
1912 3925 2015 3955 fuerint
2029 3924 2062 3954 &
2074 3923 2215 3961 conclusa,
2233 3924 2287 3955 fic-

1233 3974 1273 4003 uti
1289 3973 1319 4001 in
1334 3969 1433 4000 Literis
1446 3967 1548 3997 nostris
1561 3967 1726 3998 Patentibus
1739 3963 1983 4001 Confirmatoriis‚
2000 3961 2114 3999 desuper
2132 3962 2292 4003 confectis,

1234 4008 1364 4042 Manuali
1375 4005 1586 4045 Subscriptione
1599 4006 1633 4038 &
1649 4004 1764 4045 Magno
1778 4003 1880 4043 sigillo
1894 4000 1992 4034 nostro
2006 4000 2121 4032 munitis
2137 4001 2172 4034 &
2196 4001 2298 4080 figiltlias:¹
