2555 4266
26 304 108 338 Anu.
122 302 166 336 D.
222 307 277 341 Ne
295 308 356 348 quis
373 305 534 346 hujusmodi
552 304 694 338 Elec'tioni
709 328 720 345 ,
752 304 805 336 nisi
830 306 880 343 qui
900 303 937 335 de
950 303 1018 344 Jure
1036 303 1071 336 &-
1094 300 1253 333 secundum
1292 296 1348 328 niri
1372 307 1522 339 poterunt,
1547 301 1606 332 tam
1628 302 1697 334 infra
1724 303 1876 337 Libertates

29 352 139 412 αἶψ’

22 1170 155 1202 AnnD.

43 1218 130 1249 1443.

21 1252 75 1278 An.
92 1258 138 1276 22.

22 1292 60 1315 H.
83 1288 111 1314 6.

22 1329 137 1354 Pana.

21 1368 58 1392 H.
74 1365 103 1391 6.

20 1408 48 1440 p.
68 1411 93 1429 i.

23 1449 62 1469 m.
83 1448 124 1475 ¹7·

32 2143 111 2174 Ann.
125 2141 168 2173 D.

26 2204 32 2217 ι
53 2191 142 2223 1443·

31 2225 86 2249 An.
104 2232 148 2248 22.

31 2264 67 2287 Η.
87 2262 115 2288 6.

68 2298 134 2325 ibid.

29 2344 68 2364 m.
86 2345 133 2373 3²·

29 2705 162 2745 *XL452

26 3660 105 3691 Ann.
118 3657 160 3690 D.

47 3707 135 3738 1443.

3 3759 8 3764 ,
26 3743 80 3768 An.
99 3747 143 3765 22.

26 3784 63 3807 H.
83 3779 110 3805 6.

24 3822 87 3847 Pal.
113 3823 161 3843 22·

27 3859 160 3893 H.6.p·2-

29 3904 64 3923 m.
78 3905 123 3933 32-

786 219 822 260 13
856 216 898 258 '17
981 217 1019 257 zi
1056 217 1095 260 <3
1127 214 1170 257 ΊΓ
1206 212 1245 254 l&

187 346 433 379 Consuetudinem
450 345 581 376 Civitatis
598 345 742 384 praedietae
760 343 894 375 Intereffe
918 343 1019 374 debeat
1043 365 1053 380 ,
1073 341 1130 384 ,ilii
1149 342 1254 370 interiit

186 388 289 425 quovis
307 384 417 423 mod0,
435 394 490 416 nec
509 384 546 415 Se
565 385 600 416 de
618 384 766 415 Elec‘tione
785 383 845 421 illa,
863 393 981 421 quoquo
997 383 1115 426 quaeiito
1136 379 1255 422 colore,

182 426 368 461 intromittat,
385 433 477 462 neque
496 433 559 454 eam
578 424 712 461 impediat
731 423 777 454 vel
794 422 936 465 perturbet
954 443 962 457 ,
986 420 1025 449 set
1041 420 1122 456 quod
1139 415 1254 459 hieriho

182 463 229 494 illa
247 473 297 501 per
317 462 527 493 Aldermannos
546 463 578 492 &
596 462 665 493 alios
687 461 776 492 Cives
803 460 987 501 Discretiores
1011 459 1044 488 &
1073 456 1253 501 ROtentiores

181 501 315 533 Civitatis
333 501 497 539 praedietae,
515 500 549 531 ad
565 501 622 531 hoc
641 500 792 538 specialiter
810 498 1003 538 Praemuiiitos
1021 495 1055 525 &
1081 495 1252 536 summoni-

182 547 243 578 tos,
257 538 304 571 fiat
323 540 358 571 &
374 539 526 579 habeatur,
545 548 631 578 prout
649 538 809 570 secundum
828 533 1070 565 Conluetudiiiem
1085 530 1253 570 praeduftam

181 577 267 609 fuerit
286 579 467 616 faciendum,
812 614 818 619 υ
1014 610 1023 618 ,
1219 609 1224 614 ι

220 617 350 648 Scientes
373 628 427 656 pro
443 626 521 648 certo
538 616 634 656 quod,
649 616 668 646 fi
702 624 767 646 uem
784 613 840 644 alio
861 610 1060 655 mod03quam
1079 617 1109 640 ut
1125 616 1252 653 praemit-

180 657 264 694 titur,
279 656 413 688 Eleetum
431 656 533 687 Nobis
550 656 596 686 vel
611 625 797 685 Theiiurario
813 652 846 682 &
862 650 1018 681 Batonibus
1041 649 1077 679 de
1101 648 1251 679 Scaccario

178 696 429 733 praesentaveritis,
443 695 525 726 illum
543 693 696 725 nullatenus
709 691 909 726 admittemus,
928 728 933 733 q
980 727 984 732 ἰ
1126 725 1130 731 ¹
1157 726 1163 731 .
1179 726 1184 730 .
1230 725 1235 730 ⁸

219 733 257 765 Et
275 745 376 765 omnes
394 735 551 771 illos,quos
569 732 742 763 contrarium
762 728 999 759 proclamationis
1015 726 1048 756 &
1068 725 1251 756 Inhibitionis

180 773 382 811 praedictarum
400 771 563 803 inveneritis
580 767 916 807 facientes,arestetis,&
935 775 984 795 eos
1004 764 1128 808 Prisonae
1145 763 1248 808 nostrae

179 813 370 846 committatis
385 810 497 841 ibidem
513 817 672 841 moraturos
690 806 833 848 quousque
848 815 902 844 pro
917 814 1019 836 eorum
1035 803 1250 834 Deliberatione

179 851 344 882 duxerimus
355 848 594 882 demandandum.
871 884 877 889 η
970 883 975 888 .
1129 881 1134 886 ¹

215 889 306 921 Teste
321 889 408 927 Rege
421 886 497 926 apud
514 883 793 927 Wstmonasterium,
810 883 932 923 septimo
948 881 993 913 die
1009 881 1159 912 Octobris.

982 962 1036 989 Per
1053 956 1207 989 Concilium.

206 1095 301 1138 Super
316 1093 425 1125 Morte
444 1090 618 1125 Cardinalis
634 1090 670 1124 de
693 1086 898 1135 Luxenburg,
918 1090 1056 1121 Licentia
1079 1083 1218 1132 eligendi.

180 1176 321 1234 REX,
340 1175 465 1208 Dilee'tis
487 1177 537 1208 sibi
554 1178 586 1208 iri
603 1175 738 1213 Christo,
753 1173 849 1206 Priori
870 1174 903 1205 ὃς
923 1172 1091 1203 Conventui
1111 1169 1249 1201 Ecclefiae

260 1215 437 1246 Cathedralis
452 1215 585 1253 Eliensis,
610 1215 745 1246 Salutem.
869 1251 874 1256 ι

214 1253 258 1284 Ex
276 1263 353 1292 parte
368 1253 458 1286 vestra
472 1256 555 1285 nobis
571 1254 612 1285 est
629 1252 772 1284 humiliter
786 1250 973 1291 supplicatum
987 1257 1018 1280 ut
1027 1273 1036 1288 ,
1200 1287 1206 1293 ι

215 1291 298 1324 Cum
318 1292 443 1324 Ecclesia
459 1292 552 1324 vestra
569 1292 722 1331 praedieta,
738 1299 788 1328 per
805 1289 954 1325 Mortem,
979 1289 1064 1318 bonae
1083 1296 1250 1334 memoriae,

177 1332 336 1369 Ludovici,
351 1331 475 1372 Ecclefiae
490 1330 528 1366 ό
539 1330 713 1371 Epifiopatus
730 1333 760 1358 in
776 1326 973 1366 Temporalibus
994 1325 1032 1362 ό·
1057 1325 1250 1370 ,5p1rftualtbics

178 1379 217 1401 nu
255 1382 268 1401 r
285 1370 528 1411 Adminssratom
544 1372 666 1409 perpetui
680 1367 796 1406 Elienfis
805 1366 948 1405 praedieii,
963 1364 1085 1396 Pastoris
1107 1370 1138 1395 lit
1152 1365 1249 1395 solatio

179 1408 215 1440 de
243 1411 310 1441 ituta

216 1433 416 1479 Alium'vobis
427 1446 549 1487 eligendi
562 1447 592 1476 in
610 1446 787 1485 Episcopum
803 1445 837 1476 &
852 1442 1000 1474 Pastorem
1016 1443 1178 1474 Licentiam
1195 1453 1249 1475 vo-

180 1487 225 1518 bis
239 1486 401 1518 concedere
416 1486 617 1525 dignaremur,
909 1522 913 1526 ι
930 1522 934 1526 ,
995 1521 1001 1526 ·
1055 1521 1060 1526 .
1114 1521 1119 1526 ι
1174 1521 1178 1526 ,

217 1525 304 1564 Nos,
313 1524 452 1556 Precibus
465 1524 562 1555 vestris
577 1526 607 1554 in
621 1524 676 1555 hac
692 1531 770 1562 parte
787 1521 980 1553 favorabiliter
993 1520 1132 1558 inclinati,
1143 1520 1254 1552 Licen-

175 1564 246 1596 tiam
260 1564 337 1594 illam
351 1564 434 1594 vobis
453 1563 588 1595 duximus
601 1561 821 1594 concedendam
830 1583 840 1599 ,
947 1600 951 1604 .

218 1601 391 1633 Mandantes
430 1602 491 1632 uod
506 1602 590 1633 talem
610 1602 692 1632 vobis
716 1600 825 1638 eligatis
848 1600 877 1629 in
900 1598 1074 1643 Episcopum
1099 1598 1253 1644 &.P³st<.‘·

174 1651 237 1672 rem
253 1642 304 1679 qui
324 1640 394 1670 Deo
429 1650 545 1677 evotus,
585 1641 722 1672 Ecclesiae
737 1638 839 1670 vestrae
858 1638 1044 1676 necessarius,
1071 1637 1210 1676 nobisque
1225 1649 1254 1669 in

177 1680 290 1716 Regno
304 1679 405 1724 nostro
428 1680 501 1710 utilis
513 1681 548 1712 δε
564 1680 650 1711 fidelis
663 1677 772 1710 existat.

179 1796 202 1828 b
215 1716 496 1802 ssllr'lesikejulgeggecipud
515 1756 776 1798 Wstmonasterium
790 1778 802 1795 ‚
830 1754 949 1787 decimo
971 1764 1070 1794 quarto
1092 1755 1138 1787 die
1154 1755 1253 1787 Οᾶο-

203 1806 248 1827 ris.

253 1879 307 1908 Per
321 1880 421 1946 Bfr'ev?
431 1878 465 1908 de
481 1881 603 1909 Privato
620 1874 713 1916 Sigillo
729 1875 769 1912 ὁ·
782 1877 816 1907 de
828 1876 899 1907 data
909 1875 1061 1915 predicta,
1075 1877 1256 1908 Aquritate

367 1928 401 1947 ar
413 1921 535 1948 iumenti.

475 2047 535 2078 Pro
549 2042 692 2091 Johanne
710 2040 830 2087 Fastolf
840 2042 960 2075 [Milite.

186 2128 310 2198 REiX
337 2129 485 2161 Omnibus
507 2129 622 2161 Ballivis
643 2129 677 2160 δε
694 2127 836 2160 Fidelibus
854 2127 924 2166 suis,
946 2127 981 2158 ad
998 2138 1087 2168 quos,
1104 2129 1164 2160 ἃς.
1205 2131 1255 2162 Sa-

273 2177 360 2198 utem.

225 2205 325 2237 Sciatis
347 2206 442 2245 qued„
459 2206 495 2238 de
511 2207 610 2238 Gratia
626 2206 721 2237 nostra
736 2206 861 2246 speciali,
878 2205 1049 2245 Conceffimus
1061 2228 1071 2244 ,
1092 2206 1200 2238 dilecto
1221 2210 1255 2241 &

186 2243 260 2275 fideli
277 2245 368 2276 Militi
383 2245 500 2284 nostro,
513 2246 644 2285 Johanni
659 2245 768 2285 Pallolf
779 2245 851 2276 hanc
872 2244 1066 2283 Libertatem,
1080 2245 1230 2286 videlicet,

226 2284 319 2322 Quod
339 2284 475 2322 ipse,pr0
491 2286 635 2315 Termino
653 2284 728 2314 Vitae
743 2285 812 2321 fuse,
827 2293 880 2321 pro
895 2283 1084 2325 Erpeditione
1100 2284 1254 2323 Operatio-

186 2332 258 2354 num
272 2323 400 2362 suarum,
415 2323 647 2361 AEdificationis,
660 2324 693 2354 ὅ(
710 2321 846 2353 Stuffurae
860 2321 984 2359 Hoipitii
1006 2322 1066 2360 sui,
1085 2323 1153 2354 duas
1171 2335 1254 2355 naves

186 2369 302 2392 vocatas
314 2361 436 2402 PlayteS,
447 2362 590 2401 quandam
606 2362 724 2393 Navem
739 2371 874 2393 vocatam
883 2371 898 2391 a
909 2360 1044 2398 Cogihip
1053 2372 1154 2398 ,unam
1169 2364 1253 2394 aliam

182 2399 305 2430 Navem
321 2408 456 2431 vocatam
475 2411 490 2431 a
508 2400 782 2439 Farecoft,necnon
794 2400 863 2430 duas
878 2399 1034 2438 Balingeras
1049 2409 1102 2437 pro
1117 2400 1252 2440 Cariagio

182 2437 338 2477 Stuffurae‚
352 2449 406 2477 pro
420 2439 660 2477 operationibus,
684 2438 891 2469 AEdificatione
905 2461 915 2475 ,
937 2439 970 2468 &
994 2437 1128 2479 Hospitio
1148 2443 1253 2478 praedi-

181 2477 255 2515 etis,
271 2488 320 2515 per
335 2478 449 2515 Aquam
463 2477 575 2514 fiendo,
591 2478 694 2517 absque
712 2476 815 2508 Aresto
828 2499 838 2514 ,
863 2475 1095 2515 perturbatione,
1113 2478 1171 2508 five
1190 2478 1254 2510 Im-

180 2517 318 2555 petitione
335 2516 494 2554 aliquorum
511 2516 727 2547 Officiariorum
741 2515 905 2546 nostrorum
915 2537 926 2553 ,
947 2514 1049 2545 habere
1063 2516 1097 2547 &
1112 2526 1253 2556 occupare

178 2565 215 2586 ac
230 2555 270 2586 eis
292 2555 414 2593 gaudere
425 2555 533 2594 valeat,
1038 2592 1043 2598 ο

221 2592 260 2625 Et
274 2594 355 2635 quod
374 2593 463 2625 nullus
478 2593 609 2625 Provisor
628 2592 756 2631 Hospitii
777 2592 867 2624 nostri
889 2614 899 2630 ,
916 2601 989 2635 ¹nec
1009 2592 1125 2631 alicujus
1145 2594 1253 2627 alterius

180 2632 389 2672 cujuscumque
401 2655 411 2671 ,
443 2632 512 2664 Vasa
527 2632 680 2671 praedieta,
695 2632 742 2663 seu
765 2642 869 2662 eorum
887 2630 1002 2667 aliquod
1015 2654 1025 2669 ‚
1053 2640 1100 2662 aut
1127 2633 1251 2672 aliquam

179 2670 338 2704 Stuffiirarn
356 2671 524 2711 (videlicet)
550 2671 667 2709 Grana,
686 2670 881 2702 Maeremium
897 2692 907 2707 ,
919 2668 1023 2713 *Petras
1037 2693 1046 2707 ‚
1077 2670 1251 2711 plumbum,

179 2718 227 2741 aut
247 2711 361 2751 aliquod
383 2710 475 2749 aliud,
500 2710 724 2749 Operationibus
739 2733 748 2748 ,
777 2707 978 2739 AEdificationi
993 2731 1002 2745 ,
1027 2709 1099 2752 *βε
1117 2710 1251 2749 Hospitio

177 2749 322 2819 ffaedi‘stss
345 2749 573 2788 Pertinentia,in
589 2749 695 2780 eisdem
710 2748 786 2780 vasis
801 2757 854 2786 pro
868 2755 999 2785 tempore
1013 2747 1176 2788 existentia,
1189 2761 1250 2781 are—

207 2796 236 2818 et
271 2789 351 2819 uovis
367 2789 458 2819 modo
468 2800 474 2806 ·

218 2798 341 2857 thideo
357 2827 439 2857 vobis
458 2812 625 2858 mandamus
645 2825 725 2864 quod
747 2824 838 2865 ipsum
856 2824 1024 2868 'Johannem
1047 2835 1147 2857 contra
1174 2827 1248 2859 hanc

178 2864 358 2896 Libertatem
382 2864 509 2894 nostram
531 2875 591 2895 non
611 2865 764 2894 molestetis
777 2865 807 2894 in
827 2863 924 2901 aliquo
943 2863 990 2894 seu
1006 2867 1142 2901 gravetis:

214 2902 332 2934 Proviso
350 2902 458 2941 semper
473 2902 554 2942 quod
568 2902 646 2933 idem
658 2901 822 2940 Johwws,
838 2902 937 2932 colore
958 2902 1098 2940 praesentis
1117 2904 1248 2936 Liberta-

175 2942 231 2981 tis,
246 2952 306 2974 non
321 2942 476 2981 Eskippet,
497 2951 551 2972 nec
568 2941 717 2979 Eskippari
731 2940 814 2971 faciat
835 2940 882 2970 seu
906 2942 1048 2978 permittat
1073 2965 1082 2980 ,
1118 2944 1147 2973 in
1172 2944 1249 2975 Vafis

176 2981 340 3020 praediffls,
354 2981 401 3012 seu
420 2991 521 3011 eorum
540 2979 636 3019 aliquo
658 3004 668 3017 ,
700 2979 805 3017 aliquas
819 2978 1029 3018 Mercandisas,
1055 2981 1091 3010 ad
1104 2981 1247 3020 Stapulam

175 3018 275 3058 aliquo
292 3019 385 3050 modo
399 3021 579 3058 pertinentes,
585 3019 620 3049 ad
634 3028 679 3049 eas
693 3018 785 3048 versus
797 3016 899 3055 aliquas
913 3017 1010 3048 Partes
1025 3018 1140 3051 Exteras
1154 3022 1249 3053 tradu-

176 3059 306 3090 cendum
320 3059 367 3089 seu
380 3058 547 3090 cariandum
564 3058 615 3088 sub
624 3057 810 3087 Forisfae‘tura
824 3055 1010 3094 eorumdem,

214 3096 254 3128 Et
271 3097 354 3138 quod
372 3097 444 3129 Vasa
467 3097 603 3136 praedicta
629 3104 711 3126 erunt
732 3103 824 3133 parata
846 3094 881 3124 ad
905 3094 1006 3125 Nobis
1025 3096 1060 3126 &
1080 3095 1250 3130 Haeredibus

177 3135 283 3167 nostris
298 3136 514 3168 deserviendum
529 3159 539 3174 ,
571 3135 699 3174 quotiens
721 3134 754 3165 &
771 3133 1011 3172 quandocumque
1029 3133 1119 3172 aliqua
1135 3136 1250 3176 Viagia,

176 3176 269 3206 versus
286 3175 389 3214 aliquas
402 3176 499 3207 Partes
519 3175 650 3211 Enteras,
669 3183 731 3217 'per'
743 3172 813 3202 Nos
831 3171 878 3201 vel
896 3170 1033 3203 Haeredes
1047 3173 1159 3206 nostros
1177 3186 1250 3214 prae-

176 3212 273 3283 ditlstos
291 3214 351 3245 fieri
369 3215 410 3283 {et
420 3214 516 3245 haberi
532 3214 709 3250 contigerint
723 3221 754 3241 in
769 3210 906 3241 futurum.

227 3263 246 3282 n
259 3263 297 3284 cu
309 3263 341 3284 us
411 3263 438 3284 c.

177 3329 199 3360 b
212 3263 306 3335 fI'esteJ
331 3276 418 3331 liege
437 3291 512 3331 apud
536 3288 798 3332 westmonasterium
811 3311 822 3327 ,
858 3287 974 3320 decimo
992 3288 1071 3321 sexto
1087 3289 1134 3321 die
1149 3289 1247 3323 oero-

200 3338 243 3361 ris.

284 3409 339 3437 Per
356 3411 450 3438 Breve
463 3407 496 3437 de
514 3409 634 3438 Privato
650 3404 761 3445 Sigillo,
776 3403 815 3441 ῤ’
831 3405 864 3435 de
881 3405 951 3436 data
964 3405 1119 3446 praedici‘a,
1138 3408 1245 3438 Aulio-

337 3449 424 3477 ritate
448 3445 640 3477 Parliamenti.

398 3565 448 3597 De
465 3563 648 3598 conducendo
665 3563 851 3597 Alianoram
873 3562 1033 3599 Cobeham.

183 3651 548 3723 REdEZngrgffiaffl‘lario
560 3653 655 3686 Castri
669 3653 709 3683 sui
724 3652 845 3684 Cestriae
858 3676 869 3693 ,
889 3654 934 3685 seu
956 3655 1014 3694 ejus
1028 3655 1178 3694 Deputato
1196 3656 1251 3687 ibi·

217 3731 316 3762 Sciatis
331 3716 410 3770 quod
427 3715 637 3768 Affissgnavirnus
647 3740 699 3761 vos
713 3729 747 3760 ad
762 3728 930 3760 Alianorum
947 3731 1095 3771 Cobeham‚
1119 3733 1170 3764 sub
1188 3732 1251 3765 Cu-

181 3770 271 3801 stodia
282 3770 373 3802 vestra
386 3769 550 3808 detentam,
563 3781 578 3800 a
598 3769 705 3800 Castro
726 3767 826 3798 nostro
847 3769 988 3806 praedieto
1010 3771 1088 3803 salvo
1108 3772 1140 3803 &
1154 3771 1251 3802 secure

181 3810 267 3846 usque
282 3809 416 3840 Castrum
430 3806 560 3838 nostrum
573 3807 610 3838 de
622 3806 811 3838 Kenelworth
827 3807 1007 3839 Ducendum
1016 3833 1026 3848 ,

218 3847 256 3878 Et
272 3858 338 3880 eam
351 3845 568 3878 Constabulario
581 3844 818 3887 nostro-ejusdem
833 3845 926 3876 Castri
935 3869 945 3885 ,
959 3847 1004 3877 seu
1019 3849 1077 3887 ejus
1092 3849 1250 3880 Locumte-

182 3887 262 3916 nenti
276 3887 404 3925 ibidem,
421 3896 470 3923 per
483 3883 664 3920 Indenturas,
681 3882 748 3912 inde
761 3884 832 3913 inter
846 3895 898 3915 vos
910 3886 943 3917 &
960 3887 1108 3924 praefatum
1123 3886 1248 3919 Consta-

184 3925 327 3956 bularium
341 3926 388 3956 seu
403 3927 462 3964 ejus
477 3923 744 3955 Locumtenentem
764 3920 862 3953 debite
879 3923 1069 3957 conficiendas
1079 3949 1090 3966 ‚
1114 3926 1249 3958 Liberan-

180 3962 268 4032 duffsd
280 4001 313 4032 ad
327 4001 424 4039 Equos
442 4002 477 4034 &
494 3999 647 4038 victualia,
666 4000 726 4031 tam
742 4009 796 4044 pro
810 3999 989 4045 Hominibus
1003 4026 1014 4042 ‚
1038 4004 1123 4043 quam
1137 4012 1192 4042 pro
1211 4003 1249 4034 E-

182 4037 1146 4121 ?iisssfiofffisesisii‘isscss‘pffiffiigfissiufei‘{iffldifsufififfssigsnisssse
1151 4041 1253 4114 ”1322

1327 212 1796 262 PUBLICA.
2284 240 2364 279 127

1295 335 1509 369 Providendum
1518 363 1527 377 ‚

1884 329 1894 346 2
1911 310 1995 349 quam
2018 324 2109 354 exrra,
2128 314 2308 354 Capiendum
2325 316 2358 346 ὃ(
2385 303 2514 338 Anu-D-

2403 352 2492 388 1443.

1329 374 1366 405 Et
1381 376 1448 406 ideo
1463 379 1546 408 vobis
1562 377 1739 412 Mandamus
1754 381 1834 420 quod
1850 384 1925 415 circa
1941 385 2082 421 Premissa
2096 393 2243 432 diiigenter
2260 393 2356 423 inten‘
2381 386 2445 410 Hen.
2465 392 2493 412 θ’

1289 411 1358 442 datis
1370 415 1402 444 &
1418 416 1570 459 ear-faciatis
1582 419 1615 448 &
1631 422 1809 457 exequamini
1826 423 1853 451 in
1869 421 1961 453 forma
1977 428 2122 462 praedieta:

1328 450 1531 500 Mandayimus
1553 457 1630 485 enim
1653 458 1770 494 praefato
1792 459 2030 501 constabulario,
2053 466 2097 496 seu
2118 469 2175 506 ejus
2195 470 2354 501 Locumte⁴

1289 498 1367 520 nenti
1384 492 1482 529 ‚quod
1500 493 1587 532 ipsam
1603 494 1795 539 Aliariorama
1808 500 1889 529 vobis
1910 501 1939 530 in
1965 502 2057 533 forma
2072 507 2201 541 praedeta
2223 509 2353 546 recipiat:

1326 528 1441 574 Damus
1463 539 1559 561 autem
1581 538 1712 564 univerlis
1735 536 1768 565 &
1799 537 1915 574 singulis
1942 539 2067 569 Subditis
2094 547 2192 574 nostri-
2234 547 2354 578 Tenore

1286 565 1491 613 Praesentium,
1509 569 1628 601 firmiter
1650 573 1680 601 in
1704 573 1849 605 Mandatis
1879 578 1958 614 quod
1990 578 2096 616 VobiS,
2121 583 2148 609 in
2174 570 2353 616 Eiccutione

1287 604 1519 646 Praemifforum,
1538 608 1716 641 intendentes
1733 612 1785 643 sint
1803 613 1835 644 &
1856 613 2025 646 Auxilimtes
2039 618 2068 646 in
2083 621 2217 652 omnibus
2233 624 2352 663 diligen-

1285 652 1344 675 ter:

1323 683 1363 715 Et
1376 685 1508 724 ulterius,
1526 686 1561 717 ad
1576 686 1676 718 Finem
1689 688 1769 727 quod
1788 689 1897 721 difflam
1913 691 2081 722 Ali-‘anorum
2096 694 2130 724 ad
2152 695 2260 726 dietum
2281 698 2354 730 Cis-

1287 730 1361 766 trum
1377 724 1412 755 de
1429 723 1615 756 Kenelworth
1630 726 1754 757 securius
1769 729 1802 759 &
1819 730 1939 766 quietius
1953 733 2116 762 conlucere
2137 735 2244 764 valeatis
2258 758 2268 772 ,
2286 748 2354 775 vos,

1287 771 1321 805 ac
1336 762 1425 798 ipsam
1439 764 1624 800 Alianoram,
1644 775 1678 796 ac
1693 765 1886 805 quoscumque
1902 766 1992 806 Ipsam
2008 771 2200 802 conducente<
2210 795 2218 810 ‚
2243 783 2274 803 ac
2290 785 2354 804 om-

1287 810 1332 830 nia
1348 800 1428 832 Bona
1441 803 1475 833 &
1491 801 1551 832 Res
1566 802 1673 842 vestra,
1693 805 1722 833 in
1738 805 1844 836 nostras
1859 805 2076 838 protectionem
2091 832 2101 848 ,
2118 810 2305 850 Tuitioncm,
2322 815 2355 845 ὃς

1288 838 1497 871 Defenfionem
1512 841 1655 873 Ponimus
1669 843 1701 874 &
1718 843 1891 882 Suscipimus
1906 845 2053 886 speciales,

1305 916 1310 921 ,
1325 878 1472 924 Omnibus
1486 880 1519 910 ὃ(
1536 881 1645 920 singulis
1660 882 1878 921 (cujuscumque
1899 884 2011 923 Status,
2030 886 2163 925 Gradsw,
2181 888 2224 919 seu
2246 887 2358 919 Condi-

1289 924 1375 949 tionis
1390 917 1512 962 fuerint)
1533 918 1696 951 Inhibentes
1713 923 1751 952 ne
1767 924 1870 960 vobis,
1889 933 1934 954 aut
1951 925 2037 954 dictae
2052 925 2198 956 Alianorae
2214 936 2259 957 aut
2276 928 2359 958 alicui

1291 955 1327 986 de
1342 955 1493 988 Comitiva
1508 958 1616 996 vestra,
1635 960 1664 989 in
1680 958 1824 998 Personis,
1841 961 1944 1000 Bonis,
1963 963 2017 994 sive
2034 963 2150 1003 Rebus,
2170 965 2360 1004 Dairapnum,

1290 991 1554 1039 Impedimentum,
1572 997 1741 1029 Molestiam
1758 999 1876 1030 inferant
1890 1011 1934 1031 aut
1951 1001 2126 1033 Gravarnem
2140 1027 2149 1042 ‚
2166 1013 2213 1034 aut
2236 1005 2362 1042 aliquali-

1289 1041 1331 1063 ter
1344 1034 1403 1065 fieri
1419 1035 1463 1066 vel
1480 1036 1575 1066 inferri
1595 1038 1776 1076 permittant,
1793 1037 1842 1069 sub
1858 1042 1937 1076 gravi
1951 1040 2151 1078 indignatione
2165 1042 2279 1081 nostra,

1327 1071 1438 1104 Damus
1459 1076 1543 1105 etiam
1567 1076 1650 1105 vobis
1665 1075 1838 1108 Potestatem
1861 1079 1894 1107 &
1918 1079 2126 1112 Audieritatem
2139 1081 2304 1116 Exequendi
2326 1084 2360 1114 &

1286 1109 1418 1179 Falciendi
1437 1115 1534 1182 omgia
1550 1114 1583 1145 &
1598 1113 1708 1152 singula
1722 1114 1786 1146 Prae
1793 1116 1873 1147 missa
1887 1126 1934 1154 per
1950 1118 2107 1150 Praesentes.
2210 1117 2218 1122 ”

1340 1160 1357 1179 n
1373 1161 1468 1190 cujus,
1522 1163 1547 1183 c.

1287 1226 1352 1257 bris.
1360 1189 1449 1221 Teste
1463 1191 1546 1231 Rege
1559 1192 1634 1231 apud
1647 1189 1933 1233 Westmonasterium,
1957 1195 2093 1226 vicesimo
2107 1197 2184 1228 sexto
2199 1197 2246 1229 die
2262 1197 2358 1230 oero-

1287 1305 1341 1333 Per
1361 1307 1459 1374 ἔντυε
1481 1307 1657 1376 deti³rivato
1677 1308 1786 1348 sigillo,
1803 1309 1841 1346 ὠ·
1859 1311 1892 1341 de
1910 1315 1995 1343 Data
2007 1313 2162 1352 praedsta,
2180 1315 2359 1344 Aut-‘loritate

1386 1356 1419 1374 ar
1431 1357 1519 1376 lamen
1533 1359 1553 1377 l-

1437 1476 1497 1506 Pro
1517 1477 1645 1523 Hugone
1662 1475 1836 1520 Midelton,
1858 1480 2021 1525 Tarcupler
2038 1479 2075 1513 de
2094 1479 2199 1514 Rodes.

1294 1556 1379 1612 RE
1390 1557 1420 1589 X
1435 1559 1520 1590 Fratri
1535 1561 1649 1592 Thomae
1664 1565 1858 1593 Fitz—Gerotte
1869 1587 1878 1602 ,
1897 1566 2082 1603 praetendenti
2105 1566 2131 1597 se
2146 1565 2262 1597 existere
2278 1564 2362 1597 Prio-

1371 1607 1433 1628 rem
1449 1599 1546 1630 saneti
1557 1600 1694 1638 johannis
1710 1604 1738 1632 in
1754 1602 1890 1633 Hibernia
1900 1627 1909 1641 ,
1925 1604 2042 1634 Ordinis
2058 1606 2153 1635 Sancli
2165 1605 2300 1643 joliannis
2312 1606 2362 1644 Je-

1291 1636 1407 1666 rusalem
1422 1637 1458 1667 de
1470 1638 1585 1677 Rodes,
1602 1650 1635 1670 ac
1652 1642 1789 1671 omnibus
1803 1642 1861 1672 aliis
1876 1642 1912 1672 de
1927 1644 2033 1674 eodem
2049 1644 2157 1674 Oreine
2171 1644 2240 1674 infra
2253 1645 2361 1675 dictam

1292 1674 1417 1706 Terram
1434 1676 1560 1708 nostram
1576 1678 1746 1718 Hiberniae,
1771 1680 1907 1711 Salutem.

1327 1712 1429 1753 Cum,
1448 1725 1496 1753 per
1514 1718 1655 1756 quandam
1671 1718 1934 1758 Supplicationem,
1952 1730 2020 1758 per,
2039 1720 2177 1751 dileetum
2194 1722 2227 1753 ὅ(
2248 1719 2360 1753 fidelem
2387 1707 2410 1730 H

1290 1752 1441 1796 nostrum,
1460 1755 1586 1786 Fratrem
1600 1758 1741 1794 Higonem
1763 1758 1921 1797 Midelton,
1938 1759 2101 1797 Turcupler
2123 1760 2159 1790 de
2176 1759 2293 1798 Rones,
2310 1772 2365 1791 no-

1290 1792 1333 1822 bis
1346 1792 1536 1831 praesentatam
1546 1818 1556 1833 ,
1573 1795 1792 1827 intellexerimus
1806 1798 1938 1837 qualiter,
1959 1798 2140 1828 Reverendus
2155 1799 2254 1837 Pater,
2274 1800 2365 1830 Frater

1319 1830 1437 1861 ohannes
1451 1834 1482 1863 de
1498 1832 1624 1874 Laſsira,
1644 1839 1764 1880 filagrius
1785 1835 1916 1876 Magister
1938 1836 2089 1876 Hospitalis
2105 1839 2200 1867 Sanc‘i‘r'
2215 1837 2362 1876 Johannis·

2385 1584 2452 1616 Ann
2471 1585 2516 1618 D:

2405 1632 2490 1663 144³·

2384 1668 2438 1692 An.
2456 1673 2498 1701 ¹7·

2415 1725 2420 1730 .
2437 1705 2466 1730 6.

2426 1742 2494 1773 ibid.

2387 1790 2423 1809 m.
2438 1783 2482 1811 16.

1319 1870 1465 1910 erasa-lem,
1484 1873 1518 1903 &
1528 1874 1711 1903 *Conventus
1729 1885 1773 1912 eju
1787 1876 1845 1904 dem
1858 1876 1943 1905 Rodes
1953 1899 1963 1914 ,
1978 1886 2028 1914 per
2041 1876 2160 1907 diversas
2175 1876 2357 1917 Literassuas,
2386 1879 2405 1899 θ’
2416 1879 2459 1908 XI
2470 1879 2518 1915 46.-

1293 1909 1343 1940 sub
1359 1909 1459 1950 Sigillo
1474 1910 1523 1942 suo
1539 1915 1689 1943 communi
1706 1914 1742 1944 de
1783 1915 1886 1945 lumbo

1330 1948 1409 1986 Quae
1427 1958 1477 1986 pei·
1499 1950 1631 1989 separales
1654 1951 1757 1989 Baiias,
1775 1938 1950 1984 Sanfifisiimi
1972 1954 2002 1984 in
2017 1952 2136 1985 Christo
2158 1953 2261 1992 Patris,
2276 1956 2361 1994 Papae

1290 1987 1407 2055 Euffem'i
1421 1988 1582 2020 Ratificatae
1598 1991 1632 2021 &
1648 1989 1836 2023 Confirmat-ae
1850 1994 2018 2031 eXtiterunt,

1351 2036 1382 2056 er
1402 2027 1589 2059 deliberatum
1613 2028 1774 2060 Consilium
1795 2030 1873 2061 suum
1899 2031 2059 2070 Fecerunt,
2078 2032 2308 2070 Ordinaverunt,
2325 2034 2361 2064 ὃς

1291 2061 1507 2097 Constituerunt
1522 2067 1672 2105 praefatum
1694 2070 1834 2106 nugonem
1856 2070 2115 2100 Locumrenentem
2137 2071 2243 2108 praefati
2268 2071 2363 2109 Magi·

1291 2102 1359 2141 stri,
1379 2104 1576 2145 Visitatorem,
1592 2105 1795 2137 Correcstorem
1805 2131 1814 2146 ,
1830 2119 1863 2139 ac
1879 2107 2133 2148 Reformatorem,
2154 2110 2211 2139 timi
2229 2112 2257 2140 in
2273 2110 2364 2140 Parti-

1292 2143 1345 2172 bus
1354 2143 1455 2174 Terrae
1470 2144 1575 2175 nostrae
1589 2144 1757 2184 Hiberniae,
1777 2148 1860 2184 quain
1878 2148 1907 2178 in
1923 2148 1981 2178 aliis
2000 2148 2112 2178 diversis
2134 2149 2259 2185 Regnis,
2278 2148 2361 2179 Prio-

1293 2190 1403 2212 ratuum
1420 2204 1430 2220 ‚
1447 2181 1730 2215 Comendatariarum
1745 2208 1754 2223 ,
1779 2185 2006 2217 castellaniarum
2023 2210 2032 2224 ,
2055 2198 2088 2217 ac
2106 2188 2226 2217 alioruin
2244 2187 2361 2218 Domo-

1293 2230 1358 2250 rum
1373 2221 1407 2250 &
1421 2221 1569 2252 Locorum
1582 2224 1617 2252 de
1633 2223 1789 2260 Religione
1812 2224 1857 2255 sua
1871 2248 1881 2262 ,
1900 2227 1959 2255 tam
1982 2226 2009 2254 in
2031 2225 2223 2263 spiritualibus
2237 2249 2246 2257 ,
2272 2227 2362 2264 quam

1292 2260 1321 2288 in
1335 2258 1576 2299 Temporalibus,
1593 2261 1642 2292 sub
1658 2261 1851 2301 Obedientia,
1867 2263 2071 2302 Observantia,
2097 2265 2131 2295 ὃ(
2151 2264 2263 2303 Regula
2285 2264 2364 2295 Hos-

1292 2298 1382 2335 pitalis
1396 2299 1525 2336 przediCti
1541 2300 1740 2339 existentium,
1756 2303 1810 2333 sive
1825 2301 1941 2332 existere
1955 2302 2122 2332 debentium
2132 2326 2141 2340 ‚

1328 2336 1364 2366 Et
1380 2338 1491 2368 ulterius
1508 2340 1625 2377 qualiter
1639 2340 1688 2377 ipsi
1702 2339 1832 2371 fecerunt
1855 2340 1946 2378 ipsum
1962 2344 2103 2378 Hugonem
2124 2341 2254 2371 Priorem
2276 2341 2358 2371 Prio-

1290 2375 1365 2405 ratsis
1382 2376 1421 2406 sui
1438 2376 1663 2416 Hiberniae,sub
1678 2380 1761 2409 certis
1775 2379 1868 2409 modis
1883 2380 1916 2410 &
1930 2379 2031 2409 formis
2048 2381 2077 2409 in
2093 2379 2176 2410 dietis
2191 2379 2356 2418 separalibus

1290 2412 1390 2444 Literis
1405 2415 1512 2452 praefati
1530 2415 1660 2456 Magistri
1675 2418 1830 2454 express'atis
1844 2419 1877 2449 &
1893 2419 2050 2456 contentis,

1328 2452 1461 2492 Quarum
1476 2455 1590 2493 quidem
1606 2456 1763 2486 Literarum
1778 2456 1918 2487 effectum
1934 2456 2062 2494 praefatus
2076 2458 2172 2494 Hugo,
2182 2456 2286 2495 absque
2297 2457 2359 2495 spe-

1290 2491 1354 2521 ciali
1372 2491 1500 2523 Licentia
1515 2493 1625 2531 nostra,
1643 2495 1673 2524 in
1687 2494 1740 2525 hac
1755 2504 1832 2533 parte
1845 2494 1938 2526 habita
1945 2517 1957 2533 ,
1976 2496 2005 2525 in
2020 2494 2225 2526 Executionem
2247 2497 2359 2527 mittere

1290 2530 1401 2568 noluit,
1418 2540 1501 2568 prout
1515 2532 1594 2562 dixit.

1329 2568 1368 2598 Et
1384 2570 1466 2607 Nos,
1488 2571 1710 2601 consideratione
1723 2570 1939 2602 Priemissorum
1950 2595 1959 2610 ,
1973 2582 2005 2602 ac
2025 2572 2085 2603 tam
2111 2572 2270 2603 Literarum
2287 2584 2358 2613 prze-

1290 2606 1340 2636 fati
1355 2607 1527 2639 Sanc'iiffimi
1542 2609 1645 2648 Patris,
1665 2610 1748 2647 quam
1764 2610 1967 2647 praedictorum
1984 2610 2113 2649 Magistri
2126 2613 2158 2642 &
2177 2610 2359 2652 Conventus,

1291 2646 1372 2675 nobis
1388 2647 1577 2685 directarum,
1598 2659 1650 2686 pro
1670 2649 1775 2679 Favore
1794 2648 1892 2679 nostro
1909 2649 1942 2679 ad
1959 2649 2175 2680 Exhibitionem
2190 2650 2358 2681 Praemisso-

1289 2694 1352 2714 rum
1368 2686 1684 2724 exhibendo,Deciino
1698 2688 1805 2717 octavo
1821 2687 1964 2725 Diejunii
1977 2689 2080 2719 ultimo
2096 2690 2255 2727 prieteritm
2270 2689 2355 2720 Con-

1288 2722 1450 2755 cesserimus
1470 2725 1564 2756 eidem
1581 2727 1689 2762 Hugoni
1710 2726 1824 2763 plenam
1844 2727 2002 2757 Licentiarn
2026 2728 2108 2765 plane
2124 2727 2287 2766 Exequendi
2307 2728 2356 2758 Li-

1288 2769 1356 2791 teras
1372 2764 1405 2794 &
1422 2763 1511 2794 Bullas
1522 2764 1686 2802 praedictas,
1704 2775 1737 2795 ac
1750 2766 1848 2795 omnia
1864 2768 1892 2795 in
1907 2765 2009 2796 eisdem
2025 2775 2178 2805 contenta,
2196 2767 2355 2797 secundum

1288 2800 1431 2840 formam,
1449 2803 1636 2833 intentionem
1647 2827 1656 2842 ,
1673 2806 1707 2835 &
1724 2804 1863 2834 effeetum
1879 2804 2061 2842 earumdem,
2086 2815 2201 2836 necnon
2219 2805 2356 2836 Gauden-

1288 2838 1522 2878 di,Excercendi
1537 2865 1546 2880 ,
1562 2842 1594 2872 ὅ(
1613 2841 1772 2880 Optinendi
1792 2843 1962 2873 omnimoda
1983 2843 2211 2881 Aueioritatem,
2230 2844 2358 2876 Potesta-

1287 2886 1363 2915 tem,
1381 2880 1413 2909 &
1431 2879 1541 2911 Officia
1557 2881 1605 2910 sibi
1624 2881 1657 2911 ad
1671 2890 1740 2912 tunc
1756 2881 1907 2911 commiffa
1922 2882 1955 2912 ὃς
1969 2882 2117 2919 concessi,
2138 2882 2231 2921 aliquo
2253 2884 2331 2914 Αᾶυ
2343 2906 2354 2922 ,

1286 2915 1494 2956 Ordinatione,
1514 2919 1570 2949 sive
1587 2919 1711 2956 Statuto,
1730 2921 1759 2949 in
1775 2922 1947 2950 contrarium
1963 2921 2031 2951 inde
2045 2921 2142 2958 fastis,
2159 2931 2220 2951 non
2237 2922 2353 2952 obstan-

1288 2956 1360 2999 tibus
1369 2966 1469 2994 ,prout
1483 2959 1512 2988 in
1523 2958 1624 2988 Literis
1637 2957 1738 2988 nostris
1756 2958 1914 2989 Parentibus
1925 2959 1992 2990 inde
2008 2960 2148 2990 confeetis
2161 2960 2268 2998 plenius
2283 2970 2355 2991 cori-

1282 3002 1385 3025 tinetur

1325 3017 1416 3064 Vobis
1437 3034 1612 3066 Mandamus
1636 3034 1714 3074 quod
1739 3035 1830 3075 ipsum
1850 3038 1990 3074 Hugonem
2012 3036 2100 3068 dictas
2116 3037 2223 3069 Literas
2238 3038 2353 3068 Bullatas

1286 3073 1471 3109 praefatorum
1487 3077 1588 3111 Magni
1607 3073 1736 3113 Magistri
1753 3076 1786 3106 &
1803 3075 1976 3113 amentiis,
1994 3085 2027 3105 ac
2043 3075 2131 3106 dietas
2146 3077 2277 3114 separales
2286 3076 2350 3106 Bul-

1286 3111 1324 3141 las
1338 3112 1446 3149 praefati
1465 3111 1638 3143 SanCtiffimi
1654 3115 1749 3142 Patris
1764 3115 1844 3152 Papae
1859 3115 1974 3152 Eugenii
1987 3115 2017 3144 in
2029 3115 2164 3145 omnibus
2177 3116 2210 3145 δε
2227 3124 2349 3153 perom-

1286 3151 1350 3189 nia,
1369 3161 1433 3189 quae
1452 3152 1481 3181 in
1497 3151 1602 3182 eisdem
1616 3150 1809 3189 specificantur
1821 3152 1854 3183 &
1872 3154 2070 3190 continentur,
2095 3153 2140 3184 seu
2160 3163 2203 3184 eas
2225 3153 2354 3190 qualiter-

1287 3198 1413 3228 cumque
1428 3199 1621 3226 concernunt,
1659 3200 1689 3220 er
1705 3190 1730 3220 se
1743 3192 1778 3223 &
1831 3201 1843 3221 r
1857 3191 1944 3229 alios,
1964 3201 2047 3229 prout
2060 3190 2147 3222 Casus
2169 3192 2270 3230 exigit,
2291 3191 2352 3221 Ac-

1286 3237 1416 3266 ceptare,
1442 3228 1567 3268 Legem,
1598 3200 1747 3260 Publicare
1765 3252 1774 3268 ,
1795 3201 1988 3261 {fronunciare
2003 3252 2013 3268 ‚
2039 3230 2072 3260 &
2091 3231 2120 3259 in
2141 3229 2352 3272 Executionem

1280 3269 1358 3307 juxta
1372 3266 1510 3298 effectum
1522 3267 1686 3299 earumdem
1700 3269 1869 3307 mittere,ac
1888 3269 2147 3299 Locumtenentem
2163 3266 2269 3311 praefati
2285 3270 2354 3312 Ma-

1282 3306 1376 3351 gistri,
1394 3306 1592 3345 visitatorem,
1611 3305 1835 3346 Correctorem,
1853 3317 1886 3338 ac
1903 3307 2133 3349 Reformatorem
2144 3328 2152 3342 ‚
2172 3307 2229 3348 t-Zim
2246 3316 2272 3335 in
2288 3306 2352 3350 dic·

1286 3354 1320 3376 tis
1334 3344 1463 3376 Partibus
1475 3345 1578 3376 Terrae
1591 3345 1695 3376 nostrae
1709 3345 1861 3377 Hiberniae
1887 3347 1972 3384 quam
1987 3347 2017 3375 in
2033 3345 2090 3374 aliis
2102 3344 2213 3387 diversis
2227 3343 2353 3384 Regnis,

1286 3383 1469 3416 Prioratuum
1477 3407 1488 3424 ,
1497 3383 1788 3415 Comendatariarum
1795 3407 1804 3422 ,
1813 3369 2033 3416 Castellanarum
2043 3405 2051 3419 ‚
2062 3392 2093 3425 ac
2102 3383 2223 3425 ahoruin
2233 3382 2353 3414 Domo-

1285 3433 1350 3454 rum
1365 3425 1399 3456 &
1416 3423 1565 3455 Locorum
1581 3424 1617 3454 de
1632 3423 1792 3460 Religione
1805 3423 1867 3461 sua,
1893 3424 1950 3453 tam
1973 3423 2000 3451 in
2023 3420 2217 3464 Spirituilibus
2231 3443 2240 3459 ‚
2261 3423 2352 3466 quam

1285 3464 1315 3493 in
1331 3462 1570 3501 Temporalibus,
1591 3463 1641 3492 iub
1662 3461 1838 3493 Obedientia
1849 3485 1859 3499 ,
1887 3460 2090 3501 observantia,
2107 3459 2140 3488 &
2160 3458 2272 3504 Regula
2286 3460 2353 3491 Ho-

1285 3500 1388 3539 spitalis
1403 3501 1534 3540 praedirsti
1547 3500 1747 3539 existentium,
1764 3500 1809 3531 seu
1823 3499 1938 3530 existere
1958 3498 2122 3541 debentium
2128 3519 2147 3541 ,o
2162 3508 2200 3542 ac·
2219 3497 2351 3529 Priorem

1285 3540 1357 3571 dieti
1372 3539 1515 3571 Prioratfis
1530 3539 1802 3577 Hiberniae,modis
1818 3539 1848 3570 δε
1859 3537 1957 3568 formis
1970 3546 1999 3565 m
2011 3534 2094 3566 d¹6hs
2112 3535 2229 3580 Literis,
2240 3547 2269 3581 ut
2279 3548 2311 3575 pr
2321 3548 2352 3580 ‚e-

1287 3580 1426 3618 mittitur,
1439 3577 1735 3616 expreffitis,existere
1753 3579 1782 3607 in
1797 3577 1932 3606 omnibus
1950 3574 1983 3617 ξε
2001 3583 2050 3611 per
2064 3583 2163 3605 oinnia
2176 3585 2352 3613 permittatis,

1284 3619 1361 3657 juxta
1375 3620 1453 3655 vim,
1472 3617 1615 3654 formam,
1635 3617 1669 3647 &
1687 3615 1826 3646 effeituni
1848 3615 1906 3644 tam
1927 3611 2068 3643 dietarum
2086 3613 2245 3644 Literarum
2261 3613 2352 3644 Bulla-

1286 3666 1395 3694 tarum,
1415 3657 1502 3694 quam
1519 3656 1678 3687 Literarum
1694 3653 1859 3696 nostrarum⁴
1867 3650 2086 3690 praedictarum,

1323 3695 1420 3733 Ipsum
1433 3696 1574 3731 Hugonem
1584 3717 1592 3730 ,
1612 3701 1658 3723 aut
1672 3691 1829 3722 Servientes
1845 3693 1900 3719 live
1915 3689 2072 3728 Deputatos
2088 3690 2165 3727 suos,
2185 3690 2229 3719 vel
2243 3699 2347 3720 eorum

1285 3734 1429 3774 aliquem,
1448 3741 1547 3764 contra
1562 3732 1712 3762 Tenorem
1729 3727 1892 3759 earumdem
1905 3751 1915 3767 ‚
1926 3738 1985 3758 non
2004 3729 2187 3760 Molestantcs
2201 3729 2228 3771 in
2252 3728 2348 3765 aliquo

1286 3774 1332 3804 seu
1346 3772 1523 3809 Gravantes,
1540 3779 1586 3801 aut
1601 3767 1750 3799 Molestari
1770 3766 1814 3798 seu
1837 3767 1958 3798 Gravari
1980 3769 2010 3798 in
2027 3769 2121 3809 aliquo
2137 3775 2346 3807 permittentes,

1285 3811 1325 3842 set
1341 3811 1435 3841 eidem
1451 3812 1715 3847 Hugoni,tanquam
1731 3805 1824 3835 Priori
1839 3805 1934 3836 vestro
1948 3807 2018 3837 infra
2034 3807 2139 3837 dietam
2154 3806 2273 3835 Terram
2286 3804 2348 3848 Hi-

1285 3851 1408 3887 berniae,
1425 3849 1497 3886 sitis,
1511 3849 1566 3878 tam
1581 3847 1610 3875 in
1626 3845 1802 3875 Executione
1817 3843 2047 3882 Praemissorum,
2065 3846 2150 3883 quam
2166 3845 2194 3873 in
2209 3845 2347 3889 omnibus

1286 3889 1345 3919 aliis
1356 3888 1440 3918 licitis
1459 3887 1492 3917 &
1511 3883 1770 3921 honestis‚Statum
1785 3883 1818 3914 δε
1837 3882 1983 3921 Regulam
1999 3883 2116 3913 Ordinis
2133 3883 2165 3913 ὃ(
2190 3882 2348 3924 Religionis

1286 3926 1431 3965 praedietae
1446 3922 1683 3956 concernentibus
1695 3921 1729 3952 &
1743 3923 1936 3960 tangentibus,
1952 3921 2148 3964 IntendcntcS,
2168 3920 2350 3965 Auxiliantes,

1287 3965 1473 3996 Consulentes
1488 3985 1498 4000 ‚
1524 3960 1743 4000 confoventes,
1768 3962 1801 3993 &
1821 3961 1995 3992 obedientes
2017 3961 2046 3989 in
2067 3959 2202 3990 omnibus
2223 3959 2348 3998 diligen-

1285 4013 1343 4035 ter·
2183 4036 2188 4042 .

1327 4027 1364 4072 ἐι
1380 4040 1438 4070 hoc
1453 4039 1502 4069 sub
1517 4037 1608 4068 Poena
1624 4036 1708 4069 Mille
1725 4038 1875 4069 Librarum
1892 4037 2048 4067 nullatenus
2065 4036 2210 4066 omittatis.

1362 4077 1450 4110 Teste
1466 4076 1549 4115 Rege
1564 4076 1639 4115 apud
1659 4076 1935 4116 {Wstmonasterium2
1952 4074 2128 4107 duodecimo
2149 4075 2197 4108 die
2214 4075 2352 4107 Novem-

1291 4118 1356 4149 bris.
2295 4116 2350 4144 Pro
