2555 4266
226 142 308 181 194
698 86 1964 164 CONVENTIONES‚L1TERAE,

74 217 154 250 Ann‘.
170 214 216 246 D.
227 217 260 248 &
273 213 473 252 Obligationes
486 207 694 248 quascumque,
712 216 767 245 pro
781 205 970 237 Resolution·
990 203 1154 244 hujusmodi
1178 203 1294 241 Expen-

502 250 507 254 .
588 248 591 252 ¹
701 246 706 251 .
788 247 793 252 .
810 247 825 251 ..
1225 244 1230 249 ⁷
1368 200 1449 229 Inter
1466 197 1544 236 Nos,
1570 197 1605 227 &
1621 195 1744 234 Regna,
1768 195 1890 234 Terras,
1917 195 2079 236 Dominia,
2105 193 2229 237 patrias,
2255 197 2290 230 &
2308 195 2409 241 Loca,
2427 198 2504 234 Ann.
2516 191 2555 238 D}

98 255 184 295 1488.
227 256 334 286 sarum,
355 263 403 289 per
418 250 486 281 Nos
500 258 529 278 in
545 246 707 286 hujusmodi
721 246 841 276 Auxilus
862 244 1121 283 Exponendarum,
1138 253 1170 274 ac
1191 241 1297 278 V1llas,

1335 248 1369 268 ac
1389 237 1528 268 Subditos
1546 258 1557 272 ,
1579 235 1716 265 vassallos
1731 257 1741 272 ,
1768 234 1926 272 Alligatos,
1948 235 2089 273 Amicos,
2113 236 2337 269 Confoedemtos
2354 249 2408 271 no·
2446 241 2533 281 1488.

76 299 138 324 Heri.
160 304 188 331 7.
226 292 364 329 Castella,
380 289 476 328 Opida
486 311 494 324 ,
509 288 542 318 δε
555 287 605 317 alta
625 286 707 316 Loca
723 293 932 322 quaecumque,
950 283 1020 313 loco
1035 282 1167 321 Pignoris
1181 282 1215 312 &
1228 280 1297 320 Ipo-

223 334 339 371 thecae,
357 332 385 360 iri
403 338 434 358 ea
445 326 529 359 Parte
542 335 592 363 per
607 324 711 354 dib‘t'am
723 321 860 362 Drmffizm
881 321 980 353 Nobis
1004 331 1051 352 aut
1076 320 1224 359 Assignatis
1244 329 1299 349 no-

226 372 291 404 stris
305 367 438 437 traigenda
452 366 496 433 &a
503 364 698 401 deliberanda,
716 362 856 401 Petendi,
870 361 1046 399 Stipulandi,
1062 359 1202 400 Exigendi
1226 359 1299 397 pari-

224 420 268 443 ter
285 410 318 440 ὃ(
367 407 410 437 eci
433 406 476 434 ien
499 404 507 433 i

265 448 302 479 Et
315 447 351 476 de
363 416 432 474 nori³
440 427 638 473 contr’ahendo
655 439 878 471 Matrimonium
893 446 941 469 aut
953 437 1097 476 Sponsalia
1116 446 1184 467 cum
1206 436 1299 475 aliquo

228 487 329 526 Rege,
346 483 392 515 vel
411 481 561 518 Principe,
580 480 627 510 vel
643 481 739 517 aliquo
753 479 811 509 alio
827 487 1032 516 quocumque,
1050 487 1103 508 nec
1117 475 1155 506 de
1171 475 1299 505 ineundo

227 527 273 558 seu
296 521 431 555 faciendo
450 519 575 551 Pacem,
593 518 740 556 Treugas,
762 517 862 556 ngas,
882 515 1171 551 Confoederationes,
1185 513 1231 543 seu
1256 512 1300 542 A-

227 564 348 596 micitias
362 570 434 592 cum
445 560 541 590 alic-tm
558 557 658 596 Rege,
676 557 721 587 vel
746 555 896 593 Principe,
912 556 958 586 vel
981 553 1219 590 Communitate,
1237 551 1300 580 abs-

225 612 285 642 que
300 600 404 632 nostris
416 597 566 630 Consensu
579 597 611 628 &
639 595 776 633 Assensu,
793 595 899 625 distat-n
921 591 1075 632 Duciffam,
1093 592 1198 620 virtute
1218 588 1301 627 Jura—

229 642 340 679 menti,
359 639 467 676 suisque
483 637 582 668 Literis
598 634 692 666 Manu
709 633 823 672 propria
836 643 920 669 atque
935 632 1033 669 Sigillo
1048 629 1181 665 munitis,
1197 628 1229 658 ὃ(
1244 627 1302 658 aliis

229 679 422 711 Cautionibus
436 675 665 714 quibuscumque
675 697 683 712 ,
693 672 910 710 Obligandi,&
926 669 1125 708 Obligationes
1142 665 1304 705 hujusmodi

227 721 257 751 in
275 729 305 749 ea
320 728 396 756 parte
411 715 536 747 similiter
554 713 741 752 Recipiendi,

268 757 400 788 Necnon
414 755 449 786 de
463 755 496 786 δε
516 755 597 792 super
614 752 750 782 omnibus
765 751 798 782 &
812 747 924 788 singulis
940 745 1184 777 Contentionibus
1194 743 1304 781 ,Quae-

230 795 388 833 itionibus,
415 793 551 829 Guerris,
577 790 675 822 causis
685 813 694 826 ,
719 788 869 828 Qierelis,
897 786 1026 821 Litibus,
1050 783 1251 820 Attemptatis,
1268 782 1302 811 ὅ(

230 835 392 866 Demancbs
402 858 412 871 ,
431 833 487 863 unsa
504 841 575 862 cum
586 829 638 860 suis
653 826 883 858 Circumstantiis
893 847 903 862 ,
916 823 1154 862 EmergentibuS,
1169 821 1303 851 Inciden-

230 876 323 912 tibur,
342 870 597 912 DependentibuS,
615 877 649 898 ac
663 866 829 903 Connexis,
848 874 912 902 quae
929 866 1000 892 inter
1022 863 1082 891 Nor
1098 861 1130 890 ὃς
1141 859 1304 897 predictam

231 913 388 953 Ductffirm,
405 921 439 942 ac
456 909 576 948 Regna,
594 906 717 941 Terras,
737 903 894 938 Dominia,
915 901 1034 937 Patri-as,
1053 901 1085 930 ὅ(
1110 898 1190 928 Loca
1201 920 1211 935 ,
1228 897 1304 927 Sub-

230 953 326 990 ditos‚
344 949 499 985 Vaffizilos,
516 946 672 981 Alligatos,
690 942 933 978 confoederatos,
953 941 986 970 ἃ
1005 938 1186 970 Adhaerentes
1203 935 1304 975 praedi-

231 991 296 1024 &os
312 991 379 1021 hinc
395 988 462 1018 inde
476 984 598 1024 pendere
613 983 815 1018 dinoscuntur,

269 1031 316 1062 Ac
331 1028 418 1064 Nos,
437 1023 604 1062 nostrosque
621 1022 755 1052 l-iaeredes
771 1021 804 1051 δε
821 1016 1020 1051 δυεεείΐοτες,
1039 1013 1074 1044 ad
1089 1023 1192 1044 eorum
1206 1013 1305 1044 Loco-

231 1079 299 1102 rum
322 1065 566 1100 Restitutionem,
583 1062 617 1093 ὃ(
639 1060 676 1090 de
699 1069 759 1090 non
782 1055 991 1089 Contrahendo
1015 1053 1140 1090 Pacem,
1158 1053 1304 1092 Treugas,

230 1108 333 1146 Ligas,
354 1102 640 1138 confoederationes,
657 1098 703 1130 seu
725 1097 877 1128 Amicitias
899 1105 970 1125 cum
993 1092 1089 1129 aliquo
1103 1091 1202 1130 Rege,
1220 1091 1304 1122 Prin-

231 1148 316 1183 cipe,
333 1144 382 1176 vel
408 1141 649 1178 Communitate,
662 1137 764 1176 absque
788 1136 869 1166 diste
892 1132 1010 1173 Ductſjae
1031 1130 1199 1170 Consensu,
1217 1130 1304 1161 Obli-

229 1184 338 1225 gandi,

270 1224 316 1256 Ac
332 1222 438 1260 etiam,
452 1220 474 1252 fi
487 1216 598 1250 necesse
805 1253 810 1258 7
890 1253 895 1257 .
1020 1248 1030 1252 ἡ
1125 1249 1128 1252 ¹
1271 1248 1275 1252 ·

232 1261 416 1300 Capiendum
437 1267 524 1290 unam
547 1257 629 1287 aliam
652 1257 782 1289 Dietam,
803 1262 833 1282 in
849 1251 896 1282 tali
911 1250 997 1281 Loco
1013 1251 1070 1278 live
1084 1248 1184 1277 talibus
1202 1246 1306 1286 Locis,

230 1302 267 1334 δι
293 1301 364 1330 inibi
385 1299 419 1329 ad
443 1294 750 1331 Communicandum,
774 1289 996 1325 Tractandum,
1022 1286 1306 1324 Appunc'iuandum,

231 1342 267 1373 &
283 1339 400 1370 finaliter
412 1336 448 1367 de
463 1336 496 1366 &
510 1335 590 1372 super
610 1333 747 1363 omnibus
767 1332 801 1362 δε
825 1329 936 1368 singulis
959 1325 1132 1363 Praemiffis,
1151 1325 1184 1356 &
1208 1325 1244 1355 ab
1268 1326 1306 1355 eis

256 1379 476 1412 ualitercumque
495 1371 734 1411 Dependentibus
757 1367 1004 1400 Concludendum
1020 1388 1029 1404 ,
1054 1373 1140 1403 prout
1161 1365 1200 1395 eis
1221 1372 1307 1402 expe-

231 1389 311 1450 diens
325 1416 418 1447 visum
433 1414 515 1446 fuerit
531 1413 564 1444 &
577 1419 776 1450 oportunum,

614 1215 716 1252 fuerit,
732 1214 766 1245 ad
785 1210 1011 1253 Affignandum,
1030 1208 1254 1247 Deputandum‚
1271 1209 1305 1240 &

272 1453 475 1491 Praemiffaque
497 1451 596 1482 omnia
613 1450 646 1480 ὅ(
664 1448 768 1488 singula
782 1445 946 1483 Firmandi,
961 1440 1204 1483 Appunfflandi,
1224 1421 1307 1472 Aise-

233 1494 368 1532 curandi,
385 1494 418 1524 &
433 1489 657 1526 Concludendi,
1047 1521 1052 1525 ¹

270 1534 403 1564 Necnon
418 1530 455 1561 de
468 1532 503 1560 δε
514 1529 595 1568 super
609 1524 771 1564 hujusmodi
789 1523 1067 1563 Appunrstuamenns
1083 1520 1117 1551 &
1137 1518 1307 1557 Conclusis,

235 1573 400 1610 caeterisque
416 1569 555 1601 omnibus
569 1569 602 1599 &
617 1565 731 1602 singulis
753 1562 897 1594 Proemiffa
917 1561 1161 1601 qualitercumque
1184 1568 1308 1589 concer-

235 1611 471 1647 nentibus‚.quae
494 1616 565 1638 cum
582 1603 705 1645 praefata
727 1601 857 1642 Duciffiz,
884 1601 929 1631 seu
951 1601 1008 1638 ejus
1032 1597 1308 1636 Ambaffiatoribus,

235 1648 464 1685 Commissariis,
483 1645 652 1683 Deputatis,
675 1642 805 1681 negatis,
828 1641 860 1671 &
881 1639 1007 1682 Nunciis
1026 1637 1167 1674 praedictis
1187 1636 1309 1675 Appun-

236 1690 331 1721 &uara
343 1712 353 1727 ,
371 1684 573 1722 Concordata,
591 1683 624 1714 δε
643 1679 788 1712 Conclusa
807 1679 925 1714 fuerint,
952 1677 1057 1707 Literas
1075 1675 1177 1707 validas
1195 1676 1229 1706 ἃ
1245 1674 1309 1705 effi-

237 1737 320 1759 caces
344 1736 397 1764 pro
422 1725 513 1755 Parte
522 1722 618 1753 nostra
635 1718 784 1751 Tradendi
804 1719 839 1750 &
860 1715 1038 1751 Liberandi,
1066 1714 1228 1753 Literasque
1245 1715 1310 1745 alias

236 1766 391 1834 εοῃῐὲωῦἰε
417 1761 550 1795 Effectus
569 1762 604 1793 ὅ(
628 1759 749 1798 Vigoris
773 1766 808 1788 ex
823 1756 906 1788 altera
925 1755 1008 1785 Parte
1027 1753 1147 1785 Petendi
1165 1754 1198 1784 ὃς
1218 1753 1309 1784 Reci-

259 1816 303 1837 ΙΕΠ
326 1815 333 1834 l

237 1815 258 1846 P
276 1843 314 1875 Et
326 1829 492 1881 g'eneraliter
507 1839 604 1871 omnia
620 1835 782 1874 Praemiffa,
801 1836 834 1867 &
850 1832 1069 1864 Praernissorum
1087 1830 1197 1869 singula
1220 1831 1310 1869 quali-

238 1891 411 1920 tercumque
430 1889 519 1919 enque
543 1876 766 1912 concernentia,
785 1873 936 1910 Faciendi,
956 1870 1153 1909 Excercendi,
1167 1871 1200 1901 ὃ(
1216 1870 1311 1908 Expe-

239 1921 353 1960 diendi,
371 1922 408 1952 ita
431 1921 466 1951 &
493 1918 597 1949 eodem
621 1915 713 1946 modo
736 1914 806 1944 sicut
830 1912 899 1943 Nos
920 1911 969 1949 ipsi
991 1910 1194 1942 faceremus&
1219 1909 1312 1940 facere

240 1960 386 2000 possemus
401 1959 419 1989 si
435 1960 464 1989 in
479 1957 591 1995 propria
605 1954 728 1986 Persona
752 1951 848 1984 nostra
870 1950 1082 1988 interessemus,
1098 1950 1182 1980 etiam
1207 1948 1226 1979 si
1248 1949 1312 1980 talia

240 2000 294 2031 fint
309 2009 374 2037 quae
390 1997 562 2028 Mandatum
579 1995 614 2026 de
627 1995 653 2026 se
671 1993 759 2031 magis
771 1993 885 2028 exigant
903 1990 1037 2028 speciale,

278 2037 497 2073 Promittentes,
516 2033 595 2065 bona
610 2033 682 2064 Fide
696 2033 728 2062 ἃ
744 2032 773 2061 in
788 2029 886 2060 Verbo
903 2029 949 2059 Rc
972 2030 1017 2065 i0,
1038 2028 1136 2058 omnia
1150 2027 1183 2058 &
1197 2026 1236 2057 sin
1258 2027 1313 2067 ula,

240 2086 308 2116 quae
333 2086 385 2115 per
407 2074 538 2113 praefatos
562 2071 800 2107 AmbaffiatoreS,
818 2068 942 2098 Commi
968 2069 1058 2105 arios,
1076 2035 1313 2104 OratoreSflDe-

240 2124 354 2156 putatos
391 2114 424 2146 δε
446 2113 583 2145 Nuncios
612 2110 737 2148 nostros,
760 2107 976 2145 Appuriftuata,
996 2105 1156 2143 Promissa,
1176 2104 1313 2137 Concor-

240 2155 319 2192 data,
340 2139 511 2189 Conventa,
532 2151 565 2181 ὃ(
582 2148 726 2180 Conclusa
741 2146 864 2184 fuerint,
884 2148 912 2177 in
929 2146 982 2177 hac
1008 2153 1104 2182 parte,
1126 2145 1195 2176 Nos
1218 2144 1313 2183 Rata,

93 2220 113 2242 .
242 2193 349 2230 Grata,
370 2194 402 2224 &
420 2192 516 2222 Firma
528 2190 671 2220 habituros
694 2188 726 2218 &
751 2185 1012 2230 obseruaturos,1&
1033 2183 1181 2228 superinde
1206 2183 1314 2214 Literas

129 2221 186 2250 ΧΠ
240 2231 347 2264 nostras
364 2231 494 2261 Patentes
514 2239 619 2265 novas,
638 2225 889 2262 Confirmatortas,
910 2223 1136 2261 Ratificatorias,
1151 2223 1184 2253 &
1208 2224 1226 2240 *
1252 2223 1314 2260 Ap-

95 2269 160 2299 350·
241 2271 416 2310 probazorias
427 2293 437 2309 ‚
456 2271 486 2301 in
503 2268 595 2300 forma
609 2266 705 2298 debita
718 2266 750 2298 ὃς
766 2265 925 2302 autentica,
945 2272 1029 2303 prout
1053 2272 1125 2302 opus
1145 2261 1246 2301 fuerit,
1265 2261 1314 2293 da-

277 2320 329 2340 ros.

242 2320 272 2344 tu
281 2349 313 2381 ln
328 2348 424 2387 cujus,
443 2347 505 2379 ἃς.

278 2425 370 2459 Teste
383 2424 467 2463 Rege
482 2421 555 2462 apud
573 2420 832 2461 Wellmonasterium
841 2443 852 2460 ‚
869 2419 1029 2451 undecimo
1045 2417 1092 2449 die
1108 2417 1290 2450 Decembris.

880 2499 933 2527 Per
950 2497 1032 2537 ipsum
1048 2500 1154 2535 Regem.

246 2629 298 2663 De
320 2624 493 2660 Traffhmdo
519 2635 590 2657 cum
611 2626 701 2658 Duce
726 2620 904 2668 Burgundiae
924 2648 934 2663 ,
969 2623 1005 2658 ὠ·
1028 2617 1139 2653 Tribus
1171 2617 1318 2654 Statubus

705 2670 869 2706 Flandriae.

97 2752 230 2789 Arm-D·
251 2758 370 2816 REX
388 2758 555 2796 Omnibus,
571 2756 605 2788 ad
623 2766 713 2796 quos,
728 2756 790 2787 &c.
807 2755 942 2786 Salutem.

119 2793 206 2833 1488·
385 2799 502 2828 uoniam
527 2797 654 2827 Creator
663 2797 798 2826 omniurn
814 2793 925 2824 Rerum
944 2791 1026 2823 Deus
1041 2792 1114 2822 adeo
1131 2793 1206 2822 miro
1220 2791 1322 2822 ordine

96 2838 152 2862 An.
171 2843 199 2869 4-
250 2836 365 2868 Rerum
405 2836 514 2867 »laturas
538 2835 690 2873 disposuit,
707 2842 739 2864 ut
764 2833 901 2872 Regnum
927 2841 1035 2869 omne,
1058 2841 1108 2868 per
1132 2830 1159 2860 se
1179 2831 1323 2869 indigens,

99 2877 135 2900 Η-
161 2882 189 2908 7·
251 2875 362 2907 alterius
376 2875 532 2914 frugalitate
550 2873 751 2912 perficeretur,
769 2872 920 2912 quodque,
936 2869 1013 2902 tanta
1029 2868 1190 2900 necessitate
1203 2869 1325 2909 impulli,

100 2915 189 2939 franc.
207 2922 236 2948 4·
253 2913 360 2947 Pacem
376 2915 556 2952 coleremus,

101 2955 136 2978 H.
152 2960 179 2987 7·
195 2960 233 2979 m·
288 2955 359 2986 Nos
370 2955 479 2998 igitur,

289 2993 441 3024 Interiores
458 2992 559 3022 mentis
575 2989 681 3021 nostrae
698 2990 798 3020 oculos
815 2988 849 3021 ad
863 2987 944 3019 Pacis
971 2987 1087 3018 Bonum
1108 2993 1325 3024 convertentes,

254 3041 310 3064 nec
325 3031 428 3063 divinis
443 3030 580 3061 Institutis
594 3029 724 3060 reluctari
742 3028 938 3066 intendentes,

292 3071 335 3102 Ea
351 3071 451 3102 omnia
464 3068 651 3100 desideramus
667 3078 731 3105 qua:
745 3067 879 3097 omnibus
891 3076 924 3097 ac
941 3064 1066 3096 maxime
1086 3063 1196 3095 Vicinis
1219 3062 1328 3102 Regnis

255 3111 291 3143 ἃ
306 3110 451 3141 Gentibus
467 3107 643 3138 conduc'tura
658 3107 838 3138 videbuntur.

293 3148 376 3180 Hinc
390 3147 431 3180 est
446 3146 526 3185 quod
541 3146 629 3182 Nos,

296 3187 346 3218 De
370 3186 565 3218 Fidelitatibus
581 3207 591 3222 ,
615 3182 758 3214 Industriis
773 3206 782 3220 ‚
806 3182 840 3214 &
861 3181 985 3220 providis
1010 3178 1329 3211 Circumsoeetionibus

260 3226 369 3256 Dilec'ti
397 3225 497 3256 Nobis
524 3225 553 3254 in
578 3221 697 3253 Christo
723 3220 856 3258 Magistri
880 3220 1022 3259 Johannis
1045 3217 1190 3249 Arundell
1215 3217 1328 3248 Decani

260 3264 394 3296 Ecclesiae
413 3261 588 3294 Cathedralis
605 3260 768 3292 Exoniensis
787 3259 945 3289 Consiliarii
963 3257 1069 3294 nostri,
1088 3267 1120 3287 ac
1137 3257 1245 3287 Dileffi
1266 3256 1330 3286 Ser-

259 3304 356 3334 vitoris
376 3303 465 3334 nostri
484 3300 594 3332 Ricardi
611 3299 704 3337 Gough
720 3300 865 3338 Armigeri
881 3321 891 3337 ,
912 3296 1156 3336 quamplurimum
1179 3294 1331 3326 confiden-

261 3349 319 3379 tes,

299 3379 377 3418 Ipsos
402 3378 513 3410 nostros
541 3387 624 3408 veros
649 3377 683 3408 &
712 3375 885 3406 indubitatos
915 3374 1140 3408 Procuratores,
1173 3371 1307 3402 Oratores
1323 3395 1332 3409 ‚

263 3416 484 3449 commissarios
500 3441 510 3456 ,
535 3416 698 3455 Deputatos
714 3439 724 3452 ,
750 3414 874 3453 Legatos
887 3435 896 3449 ,
921 3413 954 3443 ὃς
974 3412 1006 3441 N
1012 3413 1110 3441 uncios
1130 3411 1258 3446 speciales
1278 3410 1333 3440 As-

265 3456 410 3494 fignamus
425 3480 435 3494 ,
462 3455 611 3493 Facimus,
637 3453 867 3490 Constituimus,
894 3452 927 3483 &
946 3450 1120 3480 Ordinamus
1140 3459 1189 3487 per
1208 3447 1334 3479 Praesen-

267 3505 325 3532 teS,

304 3533 414 3565 Dant&
439 3533 472 3564 δε
498 3531 698 3562 Concedentes
727 3530 830 3562 eisdem
857 3528 1008 3567 plenariam
1033 3525 1209 3556 Potestatem
1225 3524 1258 3555 ὃς
1276 3524 1334 3555 Au-

267 3572 449 3608 {toritatem
466 3580 499 3600 ac
518 3569 689 3601 Mandatum
708 3570 837 3608 generale
855 3570 888 3600 &
903 3566 1040 3605 speciale,
1058 3564 1192 3594 Nomine
1213 3562 1313 3594 nostro
1324 3587 1335 3603 ‚

269 3612 304 3642 &
322 3621 375 3649 pro
394 3608 493 3640 Nobis
506 3631 515 3645 ,
538 3609 643 3647 Regnis
660 3632 670 3646 ,
694 3608 812 3645 Terris,
836 3606 1002 3642 Dominiis,
1029 3604 1161 3640 Amicis,
1190 3602 1335 3641 Alligatis,

270 3648 503 3684 confoederatis,
530 3647 719 3684 Faventibus,
745 3647 777 3677 ἃ
794 3645 1013 3677 Adherentibus
1031 3642 1132 3672 nostris
1148 3642 1335 3679 quibuscum—

269 3699 327 3727 que
342 3711 351 3727 ‚
375 3697 444 3718 cum
469 3684 654 3716 Illustriffimo
681 3685 815 3722 Principe
835 3683 956 3722 Philippo
973 3685 1049 3712 Duce
1066 3679 1232 3717 Burgundiae
1250 3678 1335 3709 Con-

271 3728 424 3767 sanguineo
443 3724 543 3756 nostro
558 3724 714 3762 carissimo,
735 3725 767 3754 ἃ
786 3723 883 3753 Tribus
901 3721 1032 3752 Statuhus
1049 3718 1205 3755 Flandriae,
1219 3717 1266 3748 seu
1285 3728 1335 3748 eo-

272 3776 340 3796 rum
365 3763 619 3799 procuratoribus,
646 3761 858 3792 Commillariis
872 3786 881 3799 ,
909 3760 1080 3798 Deputatis‚
1105 3758 1161 3788 sive
1182 3755 1310 3787 Nunciis
1326 3780 1336 3795 ,

274 3804 463 3834 sufficientem
494 3799 668 3831 potestatem
698 3800 730 3830 ὃς
762 3801 973 3831 Auctoritatem
1001 3799 1036 3829 ad
1062 3798 1121 3827 hoc
1145 3796 1312 3826 habentibus
1328 3817 1338 3833 ,

274 3840 540 3877 Communicandi,
560 3838 732 3875 Tractandi,
749 3838 970 3875 Conveniendi,
993 3834 1214 3871 Concordandi,
1242 3832 1337 3864 Com-

275 3880 417 3917 ponendi,
442 3882 474 3911 &
494 3877 731 3917 Appunctuandi,
757 3877 789 3907 &
809 3877 926 3908 finaliter
943 3878 976 3908 &
992 3876 1101 3914 integre
1120 3872 1339 3904 Determinandi

278 3919 310 3960 Q
320 3916 606 3956 Concludendi,tam
626 3916 662 3947 de
680 3916 713 3946 &
731 3914 810 3952 supet
817 3915 938 3955 Treugis
951 3914 1167 3946 &Guerrarum
1182 3910 1338 3941 Abstinen-

280 3963 323 3986 uis
345 3957 558 3994 imperpetuum
583 3955 629 3988 vel
656 3955 689 3985 ad
708 3962 785 3986 certa
800 3954 948 3991 Tempora
966 3953 1103 3985 duraturis
1118 3974 1127 3990 ,
1152 3961 1187 3981 ac
1205 3949 1284 3988 Ligis
1302 3949 1336 3980 &

281 3992 586 4026 Confoederationibus
614 3994 838 4032 quibuscumque
853 4015 861 4030 ,
894 3996 982 4030 quam
1007 3992 1043 4022 de
1068 3993 1102 4024 &
1126 3990 1207 4027 super
1233 3995 1336 4019 mutuo

277 4031 346 4103 1153
369 4034 567 4071 amicabilique
593 4034 626 4065 δε
654 4032 717 4064 utili
740 4031 898 4063 Intercursu
924 4031 1071 4061 Mercium
1088 4031 1122 4062 &
1143 4027 1334 4061 Mercancfifii-

350 4092 361 4108 2

1336 276 1428 314 stros,
1446 277 1481 307 ὃς
1500 275 1568 306 alios
1586 273 1727 305 Faventes
1745 272 1780 303 &
1801 273 1988 304 Adhaerentes
2001 274 2201 315 quoscumque
2218 285 2252 307 ex
2271 277 2328 308 una
2365 287 2409 310 at·
2427 285 2479 309 Hm

1337 325 1393 352 que
1413 315 1527 345 dietum
1546 311 1750 353 Illrstriffimum
1769 313 1920 349 Principem
1937 335 1946 348 ,
1971 313 2005 342 &
2025 312 2117 343 dictos
2133 318 2228 345 Status
2249 302 2389 347 Fland'riae
2484 302 2490 309 ⁸
2509 290 2537 316 ⁷·

1339 354 1438 392 Loca,
1463 353 1585 389 Terras,
1607 353 1640 383 &
1658 351 1798 382 Dominia
1816 349 1879 387 sua,
1897 349 2051 388 Subditos,
2075 351 2227 392 Vaflallos,
2244 342 2410 387 Confoede3

1338 393 1464 432 rarosque
1495 393 1528 424 &
1552 390 1693 428 Alligatos
1716 389 1780 420 suos
1795 412 1805 427 ,
1830 389 1863 419 ὅτ.
1888 387 1939 417 sibi
1962 387 2097 420 Faventes
2114 391 2148 422 δε
2167 392 2354 426 Adhaerentes
2373 396 2409 427 ὃς

1337 431 1480 463 adhaerere
1497 430 1626 462 volentes
1643 429 1860 467 quoscumque,
1879 435 1913 457 ex
1931 425 2018 457 altera
2036 428 2181 470 Partibus,
2197 433 2327 465 ineundis
2364 436 2411 465 in.

1338 471 1494 508 novandis,
1519 468 1720 507 reformandis,
1748 466 1907 505 capiendis,
1932 467 2159 506 componendis,
2185 468 2285 503 fiendis
2334 457 2411 505 cele-

1339 509 1471 548 brandis,
1489 508 1523 538 &
1535 507 1690 546 habendis,
2298 497 2309 512 ²

1377 547 1510 578 Necnon
1524 546 1561 577 de
1576 546 1611 577 &
1625 546 1708 584 super
1721 545 1861 576 omnibus
1875 541 1991 580 Caufis,
2007 541 2138 581 Litibus‚
2157 543 2402 582 Contentionibus

1339 584 1469 624 Injuriis,
1496 585 1696 623 Attemptatis,
1720 585 1754 616 δε
1776 583 1926 622 Querelis,
1943 591 2014 612 curn
2033 580 2088 612 suis
2108 581 2336 619 Circumstantiis
2370 575 2412 620 E}

1339 624 1551 662 mergentibus,
1574 622 1788 659 Incidentibus,
1816 620 2069 658 Dependentibus,
2096 620 2131 651 &
2151 620 2299 656 Connexis
2343 612 2410 660 'uae

1339 665 1413 692 inter
1434 664 1520 707 Nos,
1530 664 1564 706 ξε
1579 661 1729 706 praefarum
1744 657 1950 729 Illussrifflnmm
1964 661 2114 705 Principem
2123 682 2134 699 ,
2147 671 2180 692 ac
2196 648 2317 702 Regna:
2331 638 2410 698 qur.

1341 699 1790 778 sssstcffsimeffieoefflssz,{
1809 698 2241 771 §Jessxssflffi‘ssffiss's2‘izl33
2259 702 2413 779 ἒὲἕὲῗὲξ

1342 777 1478 808 hincinde
1496 778 1620 818 pendere
1635 778 1821 808 dinoscuntur
1832 799 1842 814 ‚

1364 816 1436 861 ‘Ac'
1452 818 1557 855 etiarn,
1584 816 1605 847 si
1627 817 1741 848 neceffe
1759 815 1862 853 fuerit,
1887 814 2071 856 Affignandi,
2099 815 2266 854 Deputandi
2302 819 2337 850 δε
2354 818 2414 851 Ca-

1341 854 1438 892 piendi
1460 865 1549 899 unam
1570 864 1618 886 aut
1640 856 1733 892 plures
1746 856 1860 884 Dietam
1875 854 1932 884 five
1945 857 2060 891 Dietas,
2080 856 2108 886 in
2123 857 2170 886 tali
2187 843 2335 888 Loco’vel
2353 859 2416 890 tali-

1343 894 1396 938 bus
1420 893 1526 931 Locis,
1548 894 1586 937 ¹&
1608 894 1697 930 inibi,
1723 893 1993 929 Communicandi,
2011 893 2187 934 Tractandi,
2206 896 2417 934 Appunetuan-

1342 931 1371 962 dt
1385 956 1395 970 ,
1415 932 1454 976 ,δε
1479 931 1598 963 finaliter
1623 933 1659 963 de
1679 933 1713 963 ὃς
1731 931 1810 970 super
1826 932 1963 962 omnibus
1979 931 2131 963 Praemiffis
2146 934 2180 964 &
2198 935 2234 966 ab
2251 937 2289 966 eis
2309 935 2417 974 depen-

1342 970 1477 1002 dentibus
1493 970 1699 1002 Concludendi
1714 993 1726 1008 ,
1748 978 1834 1008 prout
1851 970 1954 1000 eisdem
1973 969 2076 1001 nostris
2092 971 2328 1005 Procuratoribus
2370 974 2418 1006 O·

1344 1011 1498 1048 ratoribus,
1516 1010 1645 1050 Legata,
1662 1009 1696 1041 δε
1714 1008 1843 1040 Nunciis
1860 1009 2010 1047 expediens
2028 1011 2119 1040 visum
2138 1011 2222 1044 fuerit
2242 1013 2276 1045 ὃς
2295 998 2420 1052 oportu-

1343 1059 1586 1132 nuffissemissaque
1603 1088 1702 1132 omnia
1720 1088 1754 1119 &
1770 1085 1875 1131 fingula
1894 1085 2057 1124 Firmandi,
2073 1087 2317 1130 Appunistuandi,
2334 1091 2420 1124 Affe-

1343 1126 1480 1165 curandi,
1499 1126 1647 1165 Vallandi,
1663 1126 1853 1163 Roborandi,
1874 1126 1908 1156 ὃ(
1927 1123 2151 1163 Concludendi,

1381 1165 1514 1210 Necnon
1530 1166 1566 1196 de
1584 1167 1618 1198 &
1633 1166 1714 1204 super
1730 1165 1895 1202 hujusmodi
1911 1164 2119 1202 Appunc'tuatis
2134 1166 2167 1197 &
2181 1164 2419 1208 Conclufis,cae-

1343 1205 1464 1249 terisque
1483 1205 1619 1235 omnibus
1635 1205 1668 1236 &
1687 1204 1802 1241 fingulis
1817 1202 1964 1235 Praemiffa
1979 1203 2225 1242 qualitercumque
2239 1216 2418 1240 concemen-

1344 1244 1438 1282 tibus,
1458 1254 1523 1288 quze
1549 1253 1617 1274 cum
1640 1243 1759 1281 praefato
1780 1241 1956 1282 Illustrtffimo
1979 1243 2100 1281 Prinape
2123 1243 2301 1275 &Statubus
2315 1248 2419 1284 predi-

1345 1284 1410 1321 ciis,
1428 1283 1474 1313 seu
1493 1293 1551 1321 ejus
1571 1281 1829 1320 Procuratoribus,
1847 1279 2074 1319 Commissariis,
2092 1280 2243 1320 Deputatis
2286 1283 2417 1316 Oratori-

1344 1322 1397 1351 bus
1410 1346 1420 1360 ,
1446 1321 1580 1359 Legata,
1607 1322 1641 1353 &
1659 1320 1788 1351 Nunciis
1805 1320 1947 1358 praedietis
1963 1343 1971 1357 ‚
1999 1319 2220 1359 Appunctuata,
2246 1306 2400 1355 Conventa

1345 1359 1548 1398 concordata,
1564 1362 1596 1391 &
1614 1358 1759 1390 Conclusa
1772 1359 1894 1396 fuerint,
1914 1358 2020 1388 Literas
2034 1358 2138 1390 validas
2153 1361 2187 1392 &
2201 1360 2333 1393 efficaces
2364 1348 2418 1400 prc’·

1345 1398 1554 1444 Parrenostra,
1573 1398 1720 1442 Tradendi
1741 1399 1773 1429 ὃ(
1796 1397 1965 1433 Liberandi,
1987 1397 2152 1436 Literasque
2173 1399 2236 1431 alias
2256 1384 2418 1432 consiiniles

1347 1448 1452 1507 vigerii-s
1473 1440 1507 1470 ὃς
1529 1436 1653 1469 εθεέὶῦε
1681 1447 1717 1468 ex
1738 1437 1823 1468 alteri
1845 1436 1928 1468 Parte
1947 1435 2086 1475 pretendi,
2105 1436 2248 1476 Exigendi
2268 1440 2302 1471 &
2327 1439 2419 1472 Reci-

1346 1487 1413 1516 pien
1435 1487 1464 1516 i,

1382 1516 1421 1546 Et
1439 1516 1605 1553 generaliter
1621 1516 1720 1547 omnin
1736 1513 1884 1546 Praemiffii
1900 1515 1934 1545 &
1948 1513 2166 1546 Praemifforum
2191 1516 2315 1557 singula,
2332 1527 2365 1549 ac
2385 1526 2418 1549 ea

1344 1555 1586 1624 gualitercumque
1599 1555 1819 1592 concernentia,
1839 1553 1995 1591 Faciendi,
2014 1552 2211 1593 Excercendi,
2228 1557 2262 1587 &
2280 1555 2301 1574 ³*
2321 1556 2417 1594 Expe-
2435 1554 2451 1571 ⁴⁸
2467 1554 2537 1593 xix,

1366 1593 1460 1632 rendi,
1479 1602 1514 1625 ita
1539 1594 1572 1625 δε
1592 1593 1696 1624 eodem
1716 1592 1808 1624 modo
1832 1591 1904 1623 sicut
1923 1591 1992 1622 Nos
2013 1592 2064 1630 ipsi
2085 1592 2246 1626 faceremus
2268 1594 2302 1625 &
2324 1595 2418 1627 facere
2436 1601 2504 1632 ΞΠ,

1346 1632 1492 1671 possemus
1510 1632 1529 1663 si
1545 1632 1727 1670 personaliter
1742 1631 1954 1668 interessemus,
1972 1631 2058 1661 etiam
2073 1631 2093 1662 fi
2106 1633 2170 1665 talia
2183 1632 2237 1664 fint
2248 1643 2315 1672 quae
2327 1634 2364 1666 de
2377 1636 2419 1666 lui

1348 1680 1444 1702 natura
1459 1671 1634 1703 Mandatum
1650 1672 1760 1710 exigant
1777 1680 1821 1700 ma
1845 1672 1850 1676 '
1878 1669 2016 1708 speciale,

1385 1710 1606 1749 Promittentec,
1624 1710 1703 1741 bona
1726 1709 1797 1740 Fide
1873 1709 1902 1738 in
1925 1707 2026 1739 Verbo
2037 1707 2154 1750 Regio,
2172 1709 2243 1741 Nos
2263 1712 2366 1743 omnia
2385 1713 2420 1745 &

1348 1748 1472 1788 singula,
1490 1759 1556 1788 quae
1567 1759 1616 1787 per
1632 1748 1764 1787 praefatos
1777 1746 2000 1785 Procuratores,
2017 1745 2171 1787 Oratores,
2189 1748 2410 1782 Commiffarios

1350 1788 1529 1826 Deputatos,
1548 1787 1686 1827 Legatos,
1704 1787 1738 1818 &
1754 1785 1892 1817 Nuncios
1910 1785 2025 1816 nostros
2039 1786 2191 1823 praediecos
2207 1774 2422 1828 Appumstuata:

1348 1827 1505 1864 Promissa,
1523 1825 1726 1864 Concordata,
1743 1825 1778 1857 &
1799 1824 1943 1855 Conclusa
1968 1823 2073 1855 fuerint
2091 1825 2119 1854 in
2144 1825 2199 1856 hac
2224 1835 2322 1865 parte,
2352 1828 2427 1859 Nos

1352 1866 1426 1910 Rata
1437 1890 1447 1905 ‚
1465 1865 1553 1897 Grata
1564 1888 1574 1903 ,
1592 1866 1626 1897 δι
1645 1865 1739 1895 Firma
1762 1864 1907 1894 habituros
1929 1863 1963 1894 δε
1984 1862 2200 1903 observaturos,
2217 1866 2251 1896 ὃ(
2275 1865 2424 1903 superinde

1350 1905 1457 1936 Literas
1482 1904 1590 1935 nostras
1612 1904 1760 1940 Patentes,
1778 1912 1884 1940 nova5‚
1899 1909 1945 1931 aut
1971 1899 2176 1941 Ratificatorias
2210 1904 2244 1936 &
2259 1902 2424 1936 Confirma-

1349 1945 1451 2014 torligs,
1470 1944 1500 2021 ijn
1517 1944 1612 2014 ἱοτὸτῐέα
1623 1943 1719 1975 debita
1735 1942 1770 1973 &
1786 1940 1945 1979 autentica,
1963 1939 2087 1972 daturos.
2182 1925 2193 1942 ³
2421 1939 2426 1942 “

1439 1992 1475 2014 cu
1490 1992 1540 2021 us,
1592 1992 1618 2014 c.

1386 2059 1478 2092 Teste
1492 2059 1577 2101 Rege
1591 2059 1666 2100 apud
1683 2055 1961 2102 westmonasterium,
1974 2055 2133 2089 undecimo
2145 2056 2192 2088 die
2206 2054 2390 2090 Decembris.v

1988 2140 2043 2170 Per
2057 2138 2142 2178 ipsscm
2157 2141 2263 2178 Regem.

1521 2277 1571 2309 De
1594 2272 1849 2308 Communicando
1875 2285 1946 2308 cum
1969 2277 2046 2321 Rege
2070 2274 2257 2321 Portngaliae.

1351 2361 1467 2418 REX
1481 2361 1647 2400 Omnibus,
1664 2359 1699 2391 ad
1715 2370 1804 2399 quos,
1822 2361 1882 2393 &c.
1899 2359 2036 2392 Salutem.
2439 2369 2507 2402 An„
2529 2365 2555 2402 n

1446 2399 1528 2431 Cum
1543 2401 1580 2431 ab
1603 2401 1688 2431 omni
1707 2400 1819 2431 redacta
1844 2398 1944 2430 AEtate
1968 2399 2076 2430 firmata
2096 2398 2201 2431 fuerint
2224 2398 2369 2430 Amicitiae
2387 2400 2421 2432 δε
2507 2395 2543 2442 {38

1353 2436 1478 2483 Foedera
1493 2441 1566 2470 inter
1581 2438 1781 2470 lllustriffimos
1794 2448 1827 2470 ac
1843 2438 2056 2470 Potentiffimos
2066 2437 2181 2478 ,Angliae
2193 2438 2226 2469 &
2249 2438 2422 2476 Portugaliae
2438 2419 2505 2476 ,4¹4
2544 2431 2553 2441 '

1352 2475 1518 2517 Principes,
1538 2488 1611 2517 quos
1634 2487 1694 2508 non
1717 2477 1773 2508 sola
1792 2486 1890 2508 mutua
1913 2477 2127 2510 Intercursuum
2138 2476 2300 2515 neceffitas,
2318 2476 2421 2509 verum
2437 2462 2490 2515 H‘I'
2504 2460 2534 2486 4·

1354 2518 1440 2548 etiam
1458 2518 1513 2548 San
1535 2518 1607 2548 uinis
1623 2516 1754 2547 Affinitas
1769 2516 1922 2555 copulant,
2436 2498 2554 2556 Jb}]⁰,„·

1391 2556 1504 2587 Hince
1543 2555 1625 2594 quod
1642 2554 1725 2592 Nos,
2497 2548 2503 2555 “
2544 2543 2554 2563 ‘⁴

1392 2594 1454 2633 Qui
1469 2594 1549 2626 Pacis
1566 2594 1645 2625 Vires
1658 2595 1793 2624 novimus
1807 2594 1890 2631 eique
1905 2593 1971 2624 totis
1987 2593 2102 2624 Viribus
2121 2592 2282 2624 insudamus
2319 2594 2428 2632 quique
2443 2576 2490 2595 Μ’

1354 2636 1486 2664 omnium
1496 2656 1505 2671 ,
1525 2633 1691 2671 peculiarius
1703 2642 1800 2662 tamen
1814 2631 2003 2663 Potentiffimi
2017 2634 2097 2670 Regis
2112 2631 2278 2670 Portugaliae
2287 2616 2299 2671 ζ
2316 2633 2363 2663 cui
2384 2632 2429 2663 su-

1356 2682 1418 2702 mus
1438 2672 1587 2711 Sanguinis
1608 2671 1802 2703 benivolentia
1817 2670 1964 2710 devincti,
1979 2680 2126 2709 mutuam,
2144 2670 2274 2710 firmam,
2290 2681 2324 2702 ac
2343 2670 2430 2702 stabi-

1357 2711 1417 2741 lem
1430 2710 1487 2741 effe
1501 2710 1705 2748 desideramus,

1397 2749 1446 2792 De
1470 2749 1677 2787 Fidelitatibus,
1703 2747 1865 2786 industriis,
1892 2750 1926 2780 ὃ(
1945 2747 2072 2786 providis
2092 2747 2413 2787 Circumspeetionibus

1360 2787 1546 2818 Dilectorurn
1569 2789 1603 2819 δε
1629 2787 1768 2818 Fidelium
1798 2784 2033 2818 Consiliariorum
2061 2787 2232 2819 nostrorum
2249 2811 2260 2826 ,
2296 2787 2335 2818 M
2369 2770 2431 2817 istri

1357 2826 1464 2856 Thomae
1482 2830 1591 2864 Savage
1610 2826 1723 2866 Legum
1743 2825 1885 2857 Dmstoris
1903 2825 2070 2857 Comitatfis
2087 2825 2177 2858 nostri
2195 2826 2337 2857 Marchiae
2379 2835 2428 2856 an-

1361 2866 1475 2908 cellarii,
1493 2866 1525 2896 &
1542 2865 1653 2895 Ricardi
1670 2862 1792 2904 Nanfan
1812 2864 1914 2896 Militis
1932 2864 2178 2903 quamplurimum
2195 2865 2391 2902 confidentes,

1399 2904 1476 2942 lpios
1488 2904 1600 2935 nostros
1616 2914 1700 2936 veros
1714 2905 1747 2935 &
1762 2904 1934 2935 indubitatos
1949 2903 2169 2935 Commisiarios
2178 2903 2347 2942 ,Oratores,
2356 2901 2432 2932 Pro-

1360 2953 1519 2982 curatores,
1546 2943 1682 2982 Legatos,
1712 2942 1872 2981 Deputatos
1916 2943 1949 2973 ὅτ
1972 2943 2113 2974 Nuncios
2137 2941 2267 2980 speciales
2302 2940 2434 2980 Affigna·

1361 2982 1628 3051 ‘pugffinfacimus'
1648 2965 2093 3020 Constituimus‚'0rdinamus,
2118 2981 2152 3012 &
2179 2963 2360 3018 Deput'amus
2380 2989 2431 3018 per

1387 3034 1397 3052 r
1484 3031 1529 3060 es,

1401 3059 1511 3090 Dantes
1532 3059 1566 3091 ὃς
1587 3059 1789 3091 Concedentes
1809 3058 1914 3089 eisdem
1941 3057 2072 3096 plenam,
2089 3055 2210 3087 Tenore
2227 3056 2433 3096 Praesentium,

1362 3098 1539 3130 Potestatem
1553 3100 1586 3130 &
1601 3099 1826 3135 Antitoritatem,
1847 3107 1880 3128 ac
1893 3095 2067 3127 Mandatum
2089 3095 2216 3133 generale
2238 3096 2273 3127 &
2294 3096 2414 3134 speciale

1364 3147 1419 3176 pro
1440 3137 1539 3167 Nobis
1557 3138 1591 3169 &
1615 3137 1752 3168 Nomine
1771 3135 1888 3175 nostro,
1906 3144 1974 3165 cum
1993 3132 2179 3165 Serenissimo
2203 3133 2342 3172 Principe
2361 3120 2433 3172 RegZ

1367 3175 1531 3212 Portugaliae
1547 3175 1768 3215 Consanguineo
1782 3174 1882 3205 nostro
1899 3171 2059 3210 cariffimo,
2074 3172 2120 3202 seu
2134 3173 2192 3210 ejus
2209 3171 2421 3204 Commissariis

1366 3215 1616 3252 Procax-acoribus,
1644 3215 1806 3252 Deputatis,
1826 3214 1859 3243 δε
1882 3211 2026 3250 Nunciis,
2044 3210 2235 3242 sufficientem
2254 3196 2434 3244 Potestaterri

1367 3254 1400 3284 δε
1420 3254 1631 3284 Auc'toritatem
1648 3254 1684 3284 ab
1703 3252 1806 3284 eodem
1827 3250 2051 3286 Confinguineo
2073 3249 2172 3280 nostro
2183 3250 2217 3280 ad
2234 3250 2292 3280 hoc
2306 3250 2436 3282 habenti„

1367 3293 1420 3322 bus
1433 3315 1443 3330 ,
1467 3291 1672 3322 Conveniendi
1690 3314 1700 3329 ,
1725 3288 1989 3327 Communicandi,
2010 3288 2184 3327 Tractandi,
2205 3288 2436 3326 Concordandi,-

1370 3330 1612 3369 AppunCtuandi,
1628 3328 1853 3367 Componendi,
1876 3327 2056 3365 Paciscendi,
2080 3336 2113 3358 ac
2137 3326 2256 3358 finaliter
2276 3329 2311 3360 δε
2328 3327 2435 3367 integre

1371 3369 1589 3399 Determinandi
1608 3369 1642 3399 ὃς
1664 3367 1869 3398 Concludendi
1885 3389 1895 3405 ,
1922 3367 1984 3397 tam
2007 3367 2044 3396 de
2067 3367 2100 3397 &
2119 3365 2199 3404 super
2222 3366 2290 3398 vera
2333 3365 2417 3397 firmfi

1369 3406 1524 3445 perpetua,
1544 3407 1578 3437 &
1590 3407 1652 3436 reali
1666 3405 1742 3436 Pace
1754 3407 1788 3436 &
1803 3404 1991 3442 Concordia,
2010 3404 2107 3442 Ligis,
2122 3387 2437 3442 Confoedera’tionibus}

1370 3446 1529 3482 Aniicitiis‚
1549 3445 1733 3482 Foederibus,
1752 3443 1963 3481 Affinitatibus,
1983 3444 2016 3475 δε
2036 3443 2228 3483 Intelligentiis
2251 3443 2436 3482 quibuscum-

1371 3482 1832 3553 ἷῃίἰιὲεέζεὲὲῃύξίετεψΐιὲΜεζεὲυω
1851 3480 2161 3550 &stMgrcandisairum,
2181 3482 2340 3529 mutuisque
2348 3481 2438 3513 Auxi-

1367 3560 1542 3600 ffingmm
1556 3529 1891 3599 ffirffimjnffigggg‘}
1906 3521 2439 3598 3233353522,¹32‘1{³2g52³“32532‘·

1374 3599 1530 3636 Dominia‚
1553 3598 1704 3636 Subditos,
1724 3597 1876 3636 Vaffallos,
1900 3597 2052 3638 Alligatos,
2072 3598 2228 3637 Faventes,
2247 3581 2439 3629 Co’nfoedera3

1373 3648 1435 3676 tos,
1451 3637 1588 3676 Amicos,
1606 3637 1640 3668 ὃ(
1656 3638 1839 3668 Adhaerentes
1861 3636 1972 3668 nostros
1994 3639 2029 3670 &
2051 3637 2115 3668 suos
2159 3637 2335 3673 uoscumque
2355 3634 2439 3665 hinc·

1373 3676 1441 3707 inde
1456 3676 1600 3714 ineundis,
1618 3676 1758 3716 capiendis
1791 3675 1981 3713 celebrandis,
1998 3677 2032 3708 δε
2049 3676 2141 3706 haben
2165 3677 2171 3682 '
2216 3683 2300 3712 atque
2319 3671 2428 3703 Pacem

1373 3715 1478 3753 Ligas,
1501 3714 1670 3759 Amicitias,
1695 3717 1729 3747 &
1749 3700 2021 3746 donfoederationes
2042 3698 2218 3753 hujusinod'i,
2233 3696 2441 3750 Paetionesquss

1374 3754 1408 3798 <Sc
1423 3752 1641 3784 Conventiones
1655 3755 1708 3785 viis
1723 3755 1757 3785 &
1773 3753 1867 3784 modis
1890 3754 1993 3790 quibus
2018 3754 2118 3784 melius
2139 3750 2270 3790 expedire
2297 3750 2337 3780 eis
2359 3750 2440 3781 vide-

1374 3793 1458 3861 tcntug·
1475 3790 1682 3832 Componendi
1695 3815 1705 3831 ,
1729 3791 1850 3823 Ineundi
1863 3815 1872 3831 ‚
1897 3792 2042 3830 Vallandi‚
2065 3788 2261 3826 Roborandi,
2283 3788 2318 3819 &
2343 3786 2441 3820 Pacis-

1395 3841 1429 3860 en
1452 3840 1478 3869 i,

1409 3867 1520 3912 Dantoe
1541 3868 1655 3900 ulterius
1677 3871 1711 3902 &
1729 3868 1935 3901 Concedentes
1954 3868 2057 3900 eisdem
2077 3864 2179 3897 nostris
2208 3863 2443 3904 Commiffiriis3

1375 3905 1542 3938 Oratoribus
1556 3930 1568 3947 ,
1594 3907 1852 3946 procuratoribus,
1879 3908 1993 3948 Legatis
2008 3929 2019 3946 ,
2042 3904 2212 3942 Deputatis‚
2237 3904 2272 3935 &
2292 3903 2442 3942 Nunciis,

1373 3946 1486 3984 plenam
1501 3947 1605 3984 etiarn,
1624 3946 1742 3977 Tenere
1754 3947 1956 3983 Praesentium‚
1977 3943 2151 3975 potestatem
2172 3942 2206 3973 &
2229 3941 2440 3974 AuRonmtern

1372 3985 1464 4023 ipsum
1484 3984 1714 4024 Consanguineum
1731 3985 1848 4026 nestrum
1865 3985 1917 4015 suis
1932 3982 2109 4019 exigentibus
2127 3981 2161 4011 &
2179 3981 2330 4021 condignis
2348 3980 2440 4011 Meri-

1373 4026 1406 4056 tis
1430 4023 1471 4053 ad
1494 4024 1626 4068 Qrdinem
1652 4023 1768 4054 Militia
1792 4026 1920 4053 Garterae
1937 4021 2037 4051 Nobis
2054 4020 2088 4051 &
2108 4019 2242 4050 Nomine
2257 4019 2357 4051 nostro
2376 4018 2439 4048 Ac-

1372 4061 1504 4100 ceptandi
1518 4085 1528 4101 ,
1552 4061 1701 4101 ipsumque
1724 4063 1756 4093 in
1781 4060 1965 4092 Confratrem
1981 4058 2015 4089 ὅ(
2034 4056 2188 4090 Comitem
2209 4058 2333 4096 ejusden
2349 4054 2440 4099 Ordi-

2396 4102 2442 4124 nis
