<?xml version="1.0" encoding="UTF-8"?>
<!DOCTYPE html PUBLIC "-//W3C//DTD XHTML 1.0 Transitional//EN"
    "http://www.w3.org/TR/xhtml1/DTD/xhtml1-transitional.dtd">
<html xmlns="http://www.w3.org/1999/xhtml" xml:lang="en" lang="en">
 <head>
  <title>
</title>
<meta http-equiv="Content-Type" content="text/html;charset=utf-8" />
  <meta name='ocr-system' content='tesseract 3.04.00' />
  <meta name='ocr-capabilities' content='ocr_page ocr_carea ocr_par ocr_line ocrx_word'/>
</head>
<body>
  <div class='ocr_page' id='page_1' title='image "./fderaconventione05ryme_0270.png"; bbox 0 0 2555 4266; ppageno 0'>
   <div class='ocr_carea' id='block_1_1' title="bbox 80 257 209 364">
    <p class='ocr_par' dir='ltr' id='par_1_1' title="bbox 80 257 209 364">
     <span class='ocr_line' id='line_1_1' title="bbox 80 257 209 291; baseline -0.023 -2"><span class='ocrx_word' id='word_1_1' title='bbox 80 258 159 291; x_wconf 80' lang='lat' dir='ltr'>Anii.</span> <span class='ocrx_word' id='word_1_2' title='bbox 167 257 209 288; x_wconf 89' lang='lat' dir='ltr'>D.</span> 
     </span>
     <span class='ocr_line' id='line_1_2' title="bbox 82 306 188 364; baseline -0.009 0"><span class='ocrx_word' id='word_1_3' title='bbox 82 306 188 364; x_wconf 51' lang='grc' dir='ltr'>ιὲἷῗέ</span> 
     </span>
    </p>
   </div>
   <div class='ocr_carea' id='block_1_2' title="bbox 81 1375 178 1454">
    <p class='ocr_par' dir='ltr' id='par_1_2' title="bbox 81 1375 178 1454">
     <span class='ocr_line' id='line_1_3' title="bbox 81 1375 178 1409; baseline 0.01 -2"><span class='ocrx_word' id='word_1_4' title='bbox 81 1375 103 1397; x_wconf 62' lang='lat'>⁸</span> <span class='ocrx_word' id='word_1_5' title='bbox 124 1379 178 1409; x_wconf 82' lang='lat' dir='ltr'>XI.</span> 
     </span>
     <span class='ocr_line' id='line_1_4' title="bbox 86 1427 151 1454; baseline 0 0"><span class='ocrx_word' id='word_1_6' title='bbox 86 1427 151 1454; x_wconf 84' lang='lat'>333·</span> 
     </span>
    </p>
   </div>
   <div class='ocr_carea' id='block_1_3' title="bbox 233 185 285 222">
    <p class='ocr_par' dir='ltr' id='par_1_3' title="bbox 233 185 285 222">
     <span class='ocr_line' id='line_1_5' title="bbox 233 185 285 222; baseline 0 -8"><span class='ocrx_word' id='word_1_7' title='bbox 233 185 285 222; x_wconf 84' lang='lat'>50</span> 
     </span>
    </p>
   </div>
   <div class='ocr_carea' id='block_1_4' title="bbox 227 258 1318 4129">
    <p class='ocr_par' dir='ltr' id='par_1_4' title="bbox 233 258 1312 995">
     <span class='ocr_line' id='line_1_6' title="bbox 233 258 1305 302; baseline 0 -14"><span class='ocrx_word' id='word_1_8' title='bbox 233 268 280 288; x_wconf 91' lang='lat' dir='ltr'>aut</span> <span class='ocrx_word' id='word_1_9' title='bbox 294 259 414 289; x_wconf 80' lang='lat' dir='ltr'>Terram</span> <span class='ocrx_word' id='word_1_10' title='bbox 428 258 539 290; x_wconf 80' lang='lat' dir='ltr'>alterius</span> <span class='ocrx_word' id='word_1_11' title='bbox 554 258 661 299; x_wconf 81' lang='lat' dir='ltr'>Partis,</span> <span class='ocrx_word' id='word_1_12' title='bbox 678 262 711 292; x_wconf 73' lang='grc' dir='ltr'>δε</span> <span class='ocrx_word' id='word_1_13' title='bbox 727 259 792 301; x_wconf 87' lang='lat' dir='ltr'>post</span> <span class='ocrx_word' id='word_1_14' title='bbox 806 259 856 291; x_wconf 94' lang='lat' dir='ltr'>De</span> <span class='ocrx_word' id='word_1_15' title='bbox 877 260 1061 291; x_wconf 84' lang='lat' dir='ltr'>raedationem</span> <span class='ocrx_word' id='word_1_16' title='bbox 1078 259 1240 299; x_wconf 85' lang='lat' dir='ltr'>hujusmodi</span> <span class='ocrx_word' id='word_1_17' title='bbox 1258 258 1305 302; x_wconf 82' lang='lat' dir='ltr'>seu</span> 
     </span>
     <span class='ocr_line' id='line_1_7' title="bbox 235 297 1305 337; baseline 0 -11"><span class='ocrx_word' id='word_1_18' title='bbox 235 297 446 335; x_wconf 85' lang='lat' dir='ltr'>Attemptatum</span> <span class='ocrx_word' id='word_1_19' title='bbox 466 298 603 337; x_wconf 80' lang='lat' dir='ltr'>fugiendo</span> <span class='ocrx_word' id='word_1_20' title='bbox 622 308 775 330; x_wconf 85' lang='lat' dir='ltr'>revertatur</span> <span class='ocrx_word' id='word_1_21' title='bbox 797 298 832 328; x_wconf 91' lang='lat' dir='ltr'>ad</span> <span class='ocrx_word' id='word_1_22' title='bbox 914 301 1003 329; x_wconf 88' lang='lat' dir='ltr'>rchias</span> <span class='ocrx_word' id='word_1_23' title='bbox 1027 309 1075 329; x_wconf 88' lang='lat' dir='ltr'>aut</span> <span class='ocrx_word' id='word_1_24' title='bbox 1092 301 1213 330; x_wconf 71' lang='lat' dir='ltr'>Iermm</span> <span class='ocrx_word' id='word_1_25' title='bbox 1234 298 1305 328; x_wconf 88' lang='lat' dir='ltr'>illius</span> 
     </span>
     <span class='ocr_line' id='line_1_8' title="bbox 236 335 1303 404; baseline 0.001 -39"><span class='ocrx_word' id='word_1_26' title='bbox 236 335 326 380; x_wconf 76' lang='lat' dir='ltr'>Partis</span> <span class='ocrx_word' id='word_1_27' title='bbox 338 338 419 374; x_wconf 82' lang='lat' dir='ltr'>cujus</span> <span class='ocrx_word' id='word_1_28' title='bbox 433 335 474 380; x_wconf 70' lang='lat' dir='ltr'>est}</span> <span class='ocrx_word' id='word_1_29' title='bbox 489 337 640 380; x_wconf 67' lang='lat' dir='ltr'>5ubdstus,</span> <span class='ocrx_word' id='word_1_30' title='bbox 656 339 754 383; x_wconf 75' lang='lat' dir='ltr'>licebit</span> <span class='ocrx_word' id='word_1_31' title='bbox 766 338 824 376; x_wconf 80' lang='lat' dir='ltr'>illi,</span> <span class='ocrx_word' id='word_1_32' title='bbox 843 348 944 368; x_wconf 90' lang='lat' dir='ltr'>contra</span> <span class='ocrx_word' id='word_1_33' title='bbox 958 348 1046 376; x_wconf 87' lang='lat' dir='ltr'>quem</span> <span class='ocrx_word' id='word_1_34' title='bbox 1061 338 1098 368; x_wconf 92' lang='lat' dir='ltr'>sic</span> <span class='ocrx_word' id='word_1_35' title='bbox 1117 345 1303 404; x_wconf 55' lang='lat' dir='ltr'>attempltgve-</span> 
     </span>
     <span class='ocr_line' id='line_1_9' title="bbox 236 373 1308 458; baseline 0 -15"><span class='ocrx_word' id='word_1_36' title='bbox 236 384 334 444; x_wconf 64' lang='grc' dir='ltr'>’ἐέῑὲὲ</span> <span class='ocrx_word' id='word_1_37' title='bbox 348 373 1308 458; x_wconf 46' lang='lat' dir='ltr'>{efflaviilffgnffgfisffj{sgffgzsssstaetessssssffsstimfik</span> 
     </span>
     <span class='ocr_line' id='line_1_10' title="bbox 237 452 1308 493; baseline -0.001 -11"><span class='ocrx_word' id='word_1_38' title='bbox 237 452 296 488; x_wconf 86' lang='lat' dir='ltr'>nis,</span> <span class='ocrx_word' id='word_1_39' title='bbox 313 452 417 491; x_wconf 85' lang='lat' dir='ltr'>absque</span> <span class='ocrx_word' id='word_1_40' title='bbox 429 453 488 483; x_wconf 89' lang='lat' dir='ltr'>aliis</span> <span class='ocrx_word' id='word_1_41' title='bbox 507 452 619 483; x_wconf 83' lang='lat' dir='ltr'>Litteris</span> <span class='ocrx_word' id='word_1_42' title='bbox 639 453 674 483; x_wconf 92' lang='lat' dir='ltr'>de</span> <span class='ocrx_word' id='word_1_43' title='bbox 689 452 776 484; x_wconf 87' lang='lat' dir='ltr'>Salvo</span> <span class='ocrx_word' id='word_1_44' title='bbox 787 453 965 492; x_wconf 50' lang='lat' dir='ltr'>Conduetffi</span> <span class='ocrx_word' id='word_1_45' title='bbox 983 455 1112 493; x_wconf 74' lang='lat' dir='ltr'>prosequi</span> <span class='ocrx_word' id='word_1_46' title='bbox 1133 454 1215 483; x_wconf 87' lang='lat' dir='ltr'>illum</span> <span class='ocrx_word' id='word_1_47' title='bbox 1238 452 1308 482; x_wconf 82' lang='lat' dir='ltr'>Ma-</span> 
     </span>
     <span class='ocr_line' id='line_1_11' title="bbox 235 489 1309 530; baseline -0.001 -10"><span class='ocrx_word' id='word_1_48' title='bbox 235 489 420 529; x_wconf 54' lang='lat' dir='ltr'>lentiorem,</span> <span class='ocrx_word' id='word_1_49' title='bbox 439 493 473 522; x_wconf 87' lang='lat'>&amp;</span> <span class='ocrx_word' id='word_1_50' title='bbox 489 492 579 530; x_wconf 90' lang='lat' dir='ltr'>ipsum</span> <span class='ocrx_word' id='word_1_51' title='bbox 596 492 634 522; x_wconf 87' lang='lat' dir='ltr'>fic</span> <span class='ocrx_word' id='word_1_52' title='bbox 649 492 847 530; x_wconf 86' lang='lat' dir='ltr'>prosequendo</span> <span class='ocrx_word' id='word_1_53' title='bbox 862 494 964 523; x_wconf 79' lang='lat' dir='ltr'>intrare</span> <span class='ocrx_word' id='word_1_54' title='bbox 977 493 1056 523; x_wconf 80' lang='lat' dir='ltr'>salvo</span> <span class='ocrx_word' id='word_1_55' title='bbox 1072 495 1105 523; x_wconf 68' lang='grc' dir='ltr'>ὅτ</span> <span class='ocrx_word' id='word_1_56' title='bbox 1121 491 1216 521; x_wconf 87' lang='lat' dir='ltr'>secure</span> <span class='ocrx_word' id='word_1_57' title='bbox 1225 490 1309 520; x_wconf 90' lang='lat' dir='ltr'>Mar-</span> 
     </span>
     <span class='ocr_line' id='line_1_12' title="bbox 239 529 1308 571; baseline 0.001 -13"><span class='ocrx_word' id='word_1_58' title='bbox 239 529 318 559; x_wconf 79' lang='lat' dir='ltr'>chias</span> <span class='ocrx_word' id='word_1_59' title='bbox 332 529 377 562; x_wconf 90' lang='lat' dir='ltr'>seu</span> <span class='ocrx_word' id='word_1_60' title='bbox 390 530 513 561; x_wconf 87' lang='lat' dir='ltr'>Terram</span> <span class='ocrx_word' id='word_1_61' title='bbox 527 532 557 561; x_wconf 91' lang='lat' dir='ltr'>in</span> <span class='ocrx_word' id='word_1_62' title='bbox 571 541 656 568; x_wconf 88' lang='lat' dir='ltr'>quarn</span> <span class='ocrx_word' id='word_1_63' title='bbox 673 532 749 562; x_wconf 86' lang='lat' dir='ltr'>idem</span> <span class='ocrx_word' id='word_1_64' title='bbox 763 530 936 562; x_wconf 60' lang='lat' dir='ltr'>Malefadmr</span> <span class='ocrx_word' id='word_1_65' title='bbox 943 531 970 561; x_wconf 91' lang='lat' dir='ltr'>se</span> <span class='ocrx_word' id='word_1_66' title='bbox 982 532 1113 569; x_wconf 68' lang='lat' dir='ltr'>retraxit,</span> <span class='ocrx_word' id='word_1_67' title='bbox 1132 529 1308 571; x_wconf 77' lang='lat' dir='ltr'>dummodo,</span> 
     </span>
     <span class='ocr_line' id='line_1_13' title="bbox 237 567 1310 610; baseline 0.001 -13"><span class='ocrx_word' id='word_1_68' title='bbox 237 577 324 606; x_wconf 90' lang='lat' dir='ltr'>quam</span> <span class='ocrx_word' id='word_1_69' title='bbox 340 569 403 599; x_wconf 81' lang='lat' dir='ltr'>cito</span> <span class='ocrx_word' id='word_1_70' title='bbox 418 569 578 607; x_wconf 85' lang='lat' dir='ltr'>hujusmodi</span> <span class='ocrx_word' id='word_1_71' title='bbox 590 568 755 601; x_wconf 63' lang='lat' dir='ltr'>Nlarchiam</span> <span class='ocrx_word' id='word_1_72' title='bbox 767 570 820 600; x_wconf 78' lang='lat' dir='ltr'>hac</span> <span class='ocrx_word' id='word_1_73' title='bbox 834 570 871 600; x_wconf 89' lang='lat' dir='ltr'>de</span> <span class='ocrx_word' id='word_1_74' title='bbox 889 571 968 600; x_wconf 89' lang='lat' dir='ltr'>causa</span> <span class='ocrx_word' id='word_1_75' title='bbox 983 570 1146 605; x_wconf 78' lang='lat' dir='ltr'>intraverit,</span> <span class='ocrx_word' id='word_1_76' title='bbox 1165 568 1246 610; x_wconf 79' lang='lat' dir='ltr'>adeat</span> <span class='ocrx_word' id='word_1_77' title='bbox 1259 567 1310 596; x_wconf 86' lang='lat' dir='ltr'>ah-</span> 
     </span>
     <span class='ocr_line' id='line_1_14' title="bbox 239 605 1309 648; baseline -0.004 -11"><span class='ocrx_word' id='word_1_78' title='bbox 239 616 326 644; x_wconf 81' lang='lat' dir='ltr'>quem</span> <span class='ocrx_word' id='word_1_79' title='bbox 341 606 448 638; x_wconf 87' lang='lat' dir='ltr'>Virum</span> <span class='ocrx_word' id='word_1_80' title='bbox 462 610 547 638; x_wconf 82' lang='lat' dir='ltr'>bonae</span> <span class='ocrx_word' id='word_1_81' title='bbox 562 608 658 638; x_wconf 80' lang='lat' dir='ltr'>Famae</span> <span class='ocrx_word' id='word_1_82' title='bbox 678 609 711 640; x_wconf 87' lang='lat'>&amp;</span> <span class='ocrx_word' id='word_1_83' title='bbox 735 608 894 646; x_wconf 80' lang='lat' dir='ltr'>Opinionis</span> <span class='ocrx_word' id='word_1_84' title='bbox 915 608 1005 638; x_wconf 84' lang='lat' dir='ltr'>iilaesae</span> <span class='ocrx_word' id='word_1_85' title='bbox 1026 607 1213 637; x_wconf 84' lang='lat' dir='ltr'>Habitantem</span> <span class='ocrx_word' id='word_1_86' title='bbox 1237 605 1309 648; x_wconf 81' lang='lat' dir='ltr'>infra</span> 
     </span>
     <span class='ocr_line' id='line_1_15' title="bbox 239 642 1310 687; baseline -0.003 -11"><span class='ocrx_word' id='word_1_87' title='bbox 239 644 408 678; x_wconf 85' lang='lat' dir='ltr'>Marchiam</span> <span class='ocrx_word' id='word_1_88' title='bbox 420 656 505 686; x_wconf 85' lang='lat' dir='ltr'>quam</span> <span class='ocrx_word' id='word_1_89' title='bbox 519 647 558 677; x_wconf 83' lang='lat' dir='ltr'>fic</span> <span class='ocrx_word' id='word_1_90' title='bbox 572 648 671 684; x_wconf 80' lang='lat' dir='ltr'>intrat,</span> <span class='ocrx_word' id='word_1_91' title='bbox 690 649 723 679; x_wconf 71' lang='grc' dir='ltr'>δε</span> <span class='ocrx_word' id='word_1_92' title='bbox 738 648 833 678; x_wconf 85' lang='lat' dir='ltr'>eidem</span> <span class='ocrx_word' id='word_1_93' title='bbox 847 647 969 677; x_wconf 82' lang='lat' dir='ltr'>declaret</span> <span class='ocrx_word' id='word_1_94' title='bbox 980 645 1102 676; x_wconf 83' lang='lat' dir='ltr'>Causam</span> <span class='ocrx_word' id='word_1_95' title='bbox 1111 642 1247 687; x_wconf 73' lang='lat' dir='ltr'>introitus</span> <span class='ocrx_word' id='word_1_96' title='bbox 1253 643 1310 681; x_wconf 85' lang='lat' dir='ltr'>sui,</span> 
     </span>
     <span class='ocr_line' id='line_1_16' title="bbox 239 683 1308 727; baseline -0.007 -9"><span class='ocrx_word' id='word_1_97' title='bbox 239 684 396 722; x_wconf 86' lang='lat' dir='ltr'>(videlicet)</span> <span class='ocrx_word' id='word_1_98' title='bbox 421 685 504 716; x_wconf 69' lang='lat' dir='ltr'>causa</span> <span class='ocrx_word' id='word_1_99' title='bbox 520 685 709 724; x_wconf 85' lang='lat' dir='ltr'>Prosequendi</span> <span class='ocrx_word' id='word_1_100' title='bbox 728 685 983 724; x_wconf 83' lang='lat' dir='ltr'>Depraedationem</span> <span class='ocrx_word' id='word_1_101' title='bbox 1003 685 1098 722; x_wconf 80' lang='lat' dir='ltr'>suam,</span> <span class='ocrx_word' id='word_1_102' title='bbox 1115 683 1308 727; x_wconf 76' lang='lat' dir='ltr'>describatque</span> 
     </span>
     <span class='ocr_line' id='line_1_17' title="bbox 239 721 1308 765; baseline -0.002 -12"><span class='ocrx_word' id='word_1_103' title='bbox 239 722 336 754; x_wconf 80' lang='lat' dir='ltr'>eidem</span> <span class='ocrx_word' id='word_1_104' title='bbox 349 725 383 755; x_wconf 90' lang='lat'>&amp;</span> <span class='ocrx_word' id='word_1_105' title='bbox 395 723 537 762; x_wconf 86' lang='lat' dir='ltr'>specificet</span> <span class='ocrx_word' id='word_1_106' title='bbox 556 725 658 764; x_wconf 82' lang='lat' dir='ltr'>quibus</span> <span class='ocrx_word' id='word_1_107' title='bbox 677 724 782 762; x_wconf 79' lang='lat' dir='ltr'>BoniS‚</span> <span class='ocrx_word' id='word_1_108' title='bbox 802 722 932 761; x_wconf 69' lang='lat' dir='ltr'>Cannis,</span> <span class='ocrx_word' id='word_1_109' title='bbox 950 722 996 753; x_wconf 91' lang='lat' dir='ltr'>vel</span> <span class='ocrx_word' id='word_1_110' title='bbox 1012 722 1112 753; x_wconf 89' lang='lat' dir='ltr'>Rebus</span> <span class='ocrx_word' id='word_1_111' title='bbox 1137 721 1221 765; x_wconf 84' lang='lat' dir='ltr'>fuerit</span> <span class='ocrx_word' id='word_1_112' title='bbox 1244 722 1308 764; x_wconf 45' lang='grc' dir='ltr'>ΒΕ·-</span> 
     </span>
     <span class='ocr_line' id='line_1_18' title="bbox 241 760 1309 805; baseline -0.003 -13"><span class='ocrx_word' id='word_1_113' title='bbox 241 762 398 801; x_wconf 69' lang='lat' dir='ltr'>praedatus,</span> <span class='ocrx_word' id='word_1_114' title='bbox 415 773 448 794; x_wconf 92' lang='lat' dir='ltr'>ac</span> <span class='ocrx_word' id='word_1_115' title='bbox 469 763 580 801; x_wconf 79' lang='lat' dir='ltr'>insuper</span> <span class='ocrx_word' id='word_1_116' title='bbox 603 764 721 801; x_wconf 87' lang='lat' dir='ltr'>requirat</span> <span class='ocrx_word' id='word_1_117' title='bbox 738 762 864 793; x_wconf 89' lang='lat' dir='ltr'>eundem</span> <span class='ocrx_word' id='word_1_118' title='bbox 886 761 967 801; x_wconf 83' lang='lat' dir='ltr'>quod</span> <span class='ocrx_word' id='word_1_119' title='bbox 993 760 1309 805; x_wconf 33' lang='lat' dir='ltr'>quamdiu—huiusmodi</span> 
     </span>
     <span class='ocr_line' id='line_1_19' title="bbox 239 799 1309 842; baseline -0.003 -11"><span class='ocrx_word' id='word_1_120' title='bbox 239 799 474 832; x_wconf 72' lang='lat' dir='ltr'>prosecutionem</span> <span class='ocrx_word' id='word_1_121' title='bbox 483 802 560 832; x_wconf 83' lang='lat' dir='ltr'>suam</span> <span class='ocrx_word' id='word_1_122' title='bbox 568 801 680 837; x_wconf 87' lang='lat' dir='ltr'>fecerit,</span> <span class='ocrx_word' id='word_1_123' title='bbox 699 801 794 831; x_wconf 90' lang='lat' dir='ltr'>secum</span> <span class='ocrx_word' id='word_1_124' title='bbox 804 810 866 839; x_wconf 87' lang='lat' dir='ltr'>eat,</span> <span class='ocrx_word' id='word_1_125' title='bbox 884 811 915 831; x_wconf 91' lang='lat' dir='ltr'>ut</span> <span class='ocrx_word' id='word_1_126' title='bbox 930 801 967 831; x_wconf 92' lang='lat' dir='ltr'>sic</span> <span class='ocrx_word' id='word_1_127' title='bbox 983 799 1064 839; x_wconf 89' lang='lat' dir='ltr'>super</span> <span class='ocrx_word' id='word_1_128' title='bbox 1076 800 1157 830; x_wconf 66' lang='lat' dir='ltr'>factis</span> <span class='ocrx_word' id='word_1_129' title='bbox 1171 799 1222 829; x_wconf 86' lang='lat' dir='ltr'>suis</span> <span class='ocrx_word' id='word_1_130' title='bbox 1235 808 1309 842; x_wconf 85' lang='lat' dir='ltr'>tem-</span> 
     </span>
     <span class='ocr_line' id='line_1_20' title="bbox 241 838 1308 881; baseline -0.002 -12"><span class='ocrx_word' id='word_1_131' title='bbox 241 848 312 878; x_wconf 82' lang='lat' dir='ltr'>pore</span> <span class='ocrx_word' id='word_1_132' title='bbox 332 840 419 870; x_wconf 71' lang='lat' dir='ltr'>dit-Ttae</span> <span class='ocrx_word' id='word_1_133' title='bbox 436 839 644 871; x_wconf 76' lang='lat' dir='ltr'>Prolecutionis</span> <span class='ocrx_word' id='word_1_134' title='bbox 663 838 765 878; x_wconf 82' lang='lat' dir='ltr'>possit,</span> <span class='ocrx_word' id='word_1_135' title='bbox 783 840 852 870; x_wconf 77' lang='lat' dir='ltr'>cum</span> <span class='ocrx_word' id='word_1_136' title='bbox 876 839 1019 877; x_wconf 75' lang='lat' dir='ltr'>requifitus</span> <span class='ocrx_word' id='word_1_137' title='bbox 1036 840 1115 877; x_wconf 89' lang='lat' dir='ltr'>super</span> <span class='ocrx_word' id='word_1_138' title='bbox 1129 839 1187 881; x_wconf 82' lang='lat' dir='ltr'>hoc</span> <span class='ocrx_word' id='word_1_139' title='bbox 1208 838 1308 874; x_wconf 84' lang='lat' dir='ltr'>fuerit,</span> 
     </span>
     <span class='ocr_line' id='line_1_21' title="bbox 240 877 1312 919; baseline -0.005 -9"><span class='ocrx_word' id='word_1_140' title='bbox 240 879 388 917; x_wconf 80' lang='lat' dir='ltr'>perhibere</span> <span class='ocrx_word' id='word_1_141' title='bbox 401 878 619 910; x_wconf 85' lang='lat' dir='ltr'>Testimonium</span> <span class='ocrx_word' id='word_1_142' title='bbox 634 878 773 915; x_wconf 73' lang='lat' dir='ltr'>veritati,</span> <span class='ocrx_word' id='word_1_143' title='bbox 791 879 853 917; x_wconf 86' lang='lat' dir='ltr'>vel,</span> <span class='ocrx_word' id='word_1_144' title='bbox 872 878 892 908; x_wconf 90' lang='lat' dir='ltr'>si</span> <span class='ocrx_word' id='word_1_145' title='bbox 906 879 958 909; x_wconf 88' lang='lat' dir='ltr'>fibi</span> <span class='ocrx_word' id='word_1_146' title='bbox 967 878 1067 908; x_wconf 76' lang='lat' dir='ltr'>melius</span> <span class='ocrx_word' id='word_1_147' title='bbox 1082 877 1239 919; x_wconf 85' lang='lat' dir='ltr'>videbitur,</span> <span class='ocrx_word' id='word_1_148' title='bbox 1257 885 1312 919; x_wconf 83' lang='lat' dir='ltr'>po·</span> 
     </span>
     <span class='ocr_line' id='line_1_22' title="bbox 241 915 1311 955; baseline -0.001 -9"><span class='ocrx_word' id='word_1_149' title='bbox 241 918 303 948; x_wconf 87' lang='lat' dir='ltr'>terit</span> <span class='ocrx_word' id='word_1_150' title='bbox 325 918 396 948; x_wconf 87' lang='lat' dir='ltr'>infra</span> <span class='ocrx_word' id='word_1_151' title='bbox 421 917 574 955; x_wconf 59' lang='lat' dir='ltr'>praedic&#39;kos</span> <span class='ocrx_word' id='word_1_152' title='bbox 595 917 649 947; x_wconf 78' lang='lat' dir='ltr'>Sex</span> <span class='ocrx_word' id='word_1_153' title='bbox 676 916 745 948; x_wconf 74' lang='lat' dir='ltr'>Dies</span> <span class='ocrx_word' id='word_1_154' title='bbox 767 916 841 947; x_wconf 85' lang='lat' dir='ltr'>adire</span> <span class='ocrx_word' id='word_1_155' title='bbox 865 927 956 947; x_wconf 89' lang='lat' dir='ltr'>unum</span> <span class='ocrx_word' id='word_1_156' title='bbox 974 925 1009 946; x_wconf 82' lang='lat' dir='ltr'>ex</span> <span class='ocrx_word' id='word_1_157' title='bbox 1027 916 1178 947; x_wconf 83' lang='lat' dir='ltr'>Gardianis</span> <span class='ocrx_word' id='word_1_158' title='bbox 1202 915 1311 945; x_wconf 85' lang='lat' dir='ltr'>alterius</span> 
     </span>
     <span class='ocr_line' id='line_1_23' title="bbox 240 954 1165 995; baseline -0.003 -9"><span class='ocrx_word' id='word_1_159' title='bbox 240 954 346 992; x_wconf 84' lang='lat' dir='ltr'>Partis,</span> <span class='ocrx_word' id='word_1_160' title='bbox 365 957 409 987; x_wconf 83' lang='lat' dir='ltr'>vel</span> <span class='ocrx_word' id='word_1_161' title='bbox 423 957 480 993; x_wconf 81' lang='lat' dir='ltr'>ejus</span> <span class='ocrx_word' id='word_1_162' title='bbox 496 954 691 995; x_wconf 85' lang='lat' dir='ltr'>Deputatum,</span> <span class='ocrx_word' id='word_1_163' title='bbox 711 964 763 992; x_wconf 74' lang='lat' dir='ltr'>pro</span> <span class='ocrx_word' id='word_1_164' title='bbox 781 960 826 985; x_wconf 72' lang='lat' dir='ltr'>lua</span> <span class='ocrx_word' id='word_1_165' title='bbox 837 955 949 994; x_wconf 79' lang='lat' dir='ltr'>Justitia</span> <span class='ocrx_word' id='word_1_166' title='bbox 965 954 1165 993; x_wconf 89' lang='lat' dir='ltr'>prosequenda.</span> 
     </span>
    </p>

    <p class='ocr_par' dir='ltr' id='par_1_5' title="bbox 236 990 1311 1147">
     <span class='ocr_line' id='line_1_24' title="bbox 278 990 1311 1036; baseline -0.003 -11"><span class='ocrx_word' id='word_1_167' title='bbox 278 993 301 1025; x_wconf 88' lang='grc' dir='ltr'>Ε</span> <span class='ocrx_word' id='word_1_168' title='bbox 311 1002 334 1023; x_wconf 84' lang='lat' dir='ltr'>T</span> <span class='ocrx_word' id='word_1_169' title='bbox 354 993 398 1024; x_wconf 79' lang='lat' dir='ltr'>IN</span> <span class='ocrx_word' id='word_1_170' title='bbox 410 1004 421 1025; x_wconf 90' lang='lat' dir='ltr'>s</span> <span class='ocrx_word' id='word_1_171' title='bbox 430 1003 453 1024; x_wconf 83' lang='grc' dir='ltr'>υ</span> <span class='ocrx_word' id='word_1_172' title='bbox 464 1002 482 1024; x_wconf 80' lang='lat' dir='ltr'>P</span> <span class='ocrx_word' id='word_1_173' title='bbox 493 1004 510 1024; x_wconf 81' lang='lat' dir='ltr'>E</span> <span class='ocrx_word' id='word_1_174' title='bbox 521 1003 546 1025; x_wconf 80' lang='lat' dir='ltr'>R</span> <span class='ocrx_word' id='word_1_175' title='bbox 557 1017 568 1032; x_wconf 91' lang='lat'>‚</span> <span class='ocrx_word' id='word_1_176' title='bbox 587 994 730 1035; x_wconf 78' lang='lat' dir='ltr'>confimiii</span> <span class='ocrx_word' id='word_1_177' title='bbox 753 994 845 1025; x_wconf 82' lang='lat' dir='ltr'>modo</span> <span class='ocrx_word' id='word_1_178' title='bbox 868 993 1103 1032; x_wconf 66' lang='lat' dir='ltr'>Appunc&#39;iuatum</span> <span class='ocrx_word' id='word_1_179' title='bbox 1111 1015 1120 1030; x_wconf 82' lang='lat'>‚</span> <span class='ocrx_word' id='word_1_180' title='bbox 1138 990 1311 1036; x_wconf 79' lang='lat' dir='ltr'>Concorda-</span> 
     </span>
     <span class='ocr_line' id='line_1_25' title="bbox 236 1031 1309 1074; baseline -0.002 -12"><span class='ocrx_word' id='word_1_181' title='bbox 236 1040 300 1062; x_wconf 87' lang='lat' dir='ltr'>tum</span> <span class='ocrx_word' id='word_1_182' title='bbox 316 1034 350 1064; x_wconf 72' lang='grc' dir='ltr'>δε</span> <span class='ocrx_word' id='word_1_183' title='bbox 368 1031 548 1064; x_wconf 87' lang='lat' dir='ltr'>Conclusum</span> <span class='ocrx_word' id='word_1_184' title='bbox 562 1033 602 1063; x_wconf 84' lang='lat' dir='ltr'>est</span> <span class='ocrx_word' id='word_1_185' title='bbox 618 1033 698 1071; x_wconf 83' lang='lat' dir='ltr'>quod</span> <span class='ocrx_word' id='word_1_186' title='bbox 713 1037 822 1069; x_wconf 75' lang='lat' dir='ltr'>{emper</span> <span class='ocrx_word' id='word_1_187' title='bbox 843 1033 877 1063; x_wconf 88' lang='lat'>&amp;</span> <span class='ocrx_word' id='word_1_188' title='bbox 891 1033 1029 1063; x_wconf 74' lang='lat' dir='ltr'>continue</span> <span class='ocrx_word' id='word_1_189' title='bbox 1039 1053 1048 1069; x_wconf 88' lang='lat'>‚</span> <span class='ocrx_word' id='word_1_190' title='bbox 1066 1031 1169 1062; x_wconf 89' lang='lat' dir='ltr'>eisdem</span> <span class='ocrx_word' id='word_1_191' title='bbox 1185 1031 1309 1074; x_wconf 79' lang='lat' dir='ltr'>Treugis</span> 
     </span>
     <span class='ocr_line' id='line_1_26' title="bbox 239 1069 1309 1108; baseline 0 -8"><span class='ocrx_word' id='word_1_192' title='bbox 239 1071 416 1108; x_wconf 77' lang='lat' dir='ltr'>durantibus,</span> <span class='ocrx_word' id='word_1_193' title='bbox 433 1071 499 1101; x_wconf 80' lang='lat' dir='ltr'>fiant</span> <span class='ocrx_word' id='word_1_194' title='bbox 513 1073 546 1102; x_wconf 88' lang='lat'>&amp;</span> <span class='ocrx_word' id='word_1_195' title='bbox 561 1081 645 1102; x_wconf 87' lang='lat' dir='ltr'>erunt</span> <span class='ocrx_word' id='word_1_196' title='bbox 658 1071 722 1100; x_wconf 62' lang='lat' dir='ltr'>tiu-„e</span> <span class='ocrx_word' id='word_1_197' title='bbox 740 1071 844 1102; x_wconf 80' lang='lat' dir='ltr'>Literae</span> <span class='ocrx_word' id='word_1_198' title='bbox 861 1071 990 1101; x_wconf 77' lang='lat' dir='ltr'>Parentes</span> <span class='ocrx_word' id='word_1_199' title='bbox 1003 1070 1079 1101; x_wconf 84' lang='lat' dir='ltr'>Salvi</span> <span class='ocrx_word' id='word_1_200' title='bbox 1093 1069 1269 1101; x_wconf 70' lang='lat' dir='ltr'>Conduetsis</span> <span class='ocrx_word' id='word_1_201' title='bbox 1279 1079 1309 1100; x_wconf 88' lang='lat' dir='ltr'>in</span> 
     </span>
     <span class='ocr_line' id='line_1_27' title="bbox 239 1109 822 1147; baseline -0.003 -7"><span class='ocrx_word' id='word_1_202' title='bbox 239 1110 316 1140; x_wconf 84' lang='lat' dir='ltr'>bona</span> <span class='ocrx_word' id='word_1_203' title='bbox 329 1110 363 1141; x_wconf 90' lang='lat'>&amp;</span> <span class='ocrx_word' id='word_1_204' title='bbox 377 1109 529 1141; x_wconf 85' lang='lat' dir='ltr'>sufficienti</span> <span class='ocrx_word' id='word_1_205' title='bbox 545 1110 637 1141; x_wconf 82' lang='lat' dir='ltr'>forma</span> <span class='ocrx_word' id='word_1_206' title='bbox 653 1119 822 1147; x_wconf 67' lang='lat' dir='ltr'>conceptae,</span> 
     </span>
    </p>

    <p class='ocr_par' dir='ltr' id='par_1_6' title="bbox 235 1146 1310 1459">
     <span class='ocr_line' id='line_1_28' title="bbox 279 1146 1310 1187; baseline -0.002 -8"><span class='ocrx_word' id='word_1_207' title='bbox 279 1148 349 1179; x_wconf 88' lang='lat' dir='ltr'>Una</span> <span class='ocrx_word' id='word_1_208' title='bbox 361 1149 518 1185; x_wconf 84' lang='lat' dir='ltr'>(videlicet)</span> <span class='ocrx_word' id='word_1_209' title='bbox 539 1158 573 1178; x_wconf 82' lang='lat' dir='ltr'>ex</span> <span class='ocrx_word' id='word_1_210' title='bbox 592 1158 669 1187; x_wconf 72' lang='lat' dir='ltr'>parte</span> <span class='ocrx_word' id='word_1_211' title='bbox 689 1148 758 1178; x_wconf 68' lang='lat' dir='ltr'>dieti</span> <span class='ocrx_word' id='word_1_212' title='bbox 781 1146 1014 1178; x_wconf 76' lang='lat' dir='ltr'>Excellentiffimi</span> <span class='ocrx_word' id='word_1_213' title='bbox 1035 1147 1176 1186; x_wconf 85' lang='lat' dir='ltr'>Principis</span> <span class='ocrx_word' id='word_1_214' title='bbox 1194 1146 1310 1186; x_wconf 78' lang='lat' dir='ltr'>Angliae</span> 
     </span>
     <span class='ocr_line' id='line_1_29' title="bbox 239 1184 1309 1226; baseline 0 -10"><span class='ocrx_word' id='word_1_215' title='bbox 239 1184 278 1221; x_wconf 64' lang='grc' dir='ltr'><strong><em>ὠ</em></strong></span> <span class='ocrx_word' id='word_1_216' title='bbox 291 1190 415 1217; x_wconf 72' lang='lat' dir='ltr'>Franciae</span> <span class='ocrx_word' id='word_1_217' title='bbox 429 1192 523 1225; x_wconf 75' lang='lat' dir='ltr'>Regis,</span> <span class='ocrx_word' id='word_1_218' title='bbox 540 1189 589 1217; x_wconf 92' lang='lat' dir='ltr'>suo</span> <span class='ocrx_word' id='word_1_219' title='bbox 604 1186 716 1226; x_wconf 86' lang='lat' dir='ltr'>Magno</span> <span class='ocrx_word' id='word_1_220' title='bbox 731 1186 831 1222; x_wconf 70' lang='lat' dir='ltr'>Sigillo</span> <span class='ocrx_word' id='word_1_221' title='bbox 845 1186 973 1226; x_wconf 80' lang='lat' dir='ltr'>sigillata,</span> <span class='ocrx_word' id='word_1_222' title='bbox 990 1188 1130 1218; x_wconf 85' lang='lat' dir='ltr'>continue</span> <span class='ocrx_word' id='word_1_223' title='bbox 1148 1196 1266 1218; x_wconf 86' lang='lat' dir='ltr'>manens</span> <span class='ocrx_word' id='word_1_224' title='bbox 1279 1188 1309 1216; x_wconf 91' lang='lat' dir='ltr'>in</span> 
     </span>
     <span class='ocr_line' id='line_1_30' title="bbox 237 1224 1308 1265; baseline 0 -9"><span class='ocrx_word' id='word_1_225' title='bbox 237 1226 334 1264; x_wconf 78' lang='lat' dir='ltr'>aliquo</span> <span class='ocrx_word' id='word_1_226' title='bbox 347 1227 433 1258; x_wconf 92' lang='lat' dir='ltr'>Loco</span> <span class='ocrx_word' id='word_1_227' title='bbox 446 1230 480 1257; x_wconf 88' lang='lat' dir='ltr'>ad</span> <span class='ocrx_word' id='word_1_228' title='bbox 497 1227 554 1256; x_wconf 81' lang='lat' dir='ltr'>hoc</span> <span class='ocrx_word' id='word_1_229' title='bbox 569 1235 718 1265; x_wconf 83' lang='lat' dir='ltr'>congruo,</span> <span class='ocrx_word' id='word_1_230' title='bbox 737 1225 808 1255; x_wconf 82' lang='lat' dir='ltr'>infra</span> <span class='ocrx_word' id='word_1_231' title='bbox 823 1224 966 1256; x_wconf 74' lang='lat' dir='ltr'>March‘ms</span> <span class='ocrx_word' id='word_1_232' title='bbox 978 1224 1207 1265; x_wconf 74' lang='lat' dir='ltr'>RegniScotiae‚</span> <span class='ocrx_word' id='word_1_233' title='bbox 1221 1235 1308 1264; x_wconf 89' lang='lat' dir='ltr'>quern</span> 
     </span>
     <span class='ocr_line' id='line_1_31' title="bbox 239 1263 1310 1303; baseline 0.001 -9"><span class='ocrx_word' id='word_1_234' title='bbox 239 1263 436 1296; x_wconf 85' lang='lat' dir='ltr'>Sereuissimus</span> <span class='ocrx_word' id='word_1_235' title='bbox 455 1265 588 1301; x_wconf 81' lang='lat' dir='ltr'>Princeps</span> <span class='ocrx_word' id='word_1_236' title='bbox 602 1267 663 1294; x_wconf 80' lang='lat' dir='ltr'>Rex</span> <span class='ocrx_word' id='word_1_237' title='bbox 679 1268 815 1295; x_wconf 83' lang='lat' dir='ltr'>Scotorum</span> <span class='ocrx_word' id='word_1_238' title='bbox 836 1264 967 1303; x_wconf 82' lang='lat' dir='ltr'>elegerit,</span> <span class='ocrx_word' id='word_1_239' title='bbox 981 1266 1085 1296; x_wconf 88' lang='lat' dir='ltr'>virtute</span> <span class='ocrx_word' id='word_1_240' title='bbox 1105 1266 1184 1302; x_wconf 83' lang='lat' dir='ltr'>cujus</span> <span class='ocrx_word' id='word_1_241' title='bbox 1201 1267 1310 1295; x_wconf 69' lang='lat' dir='ltr'>valeant</span> 
     </span>
     <span class='ocr_line' id='line_1_32' title="bbox 239 1302 1310 1342; baseline -0.001 -8"><span class='ocrx_word' id='word_1_242' title='bbox 239 1305 494 1342; x_wconf 81' lang='lat' dir='ltr'>quandocumque,</span> <span class='ocrx_word' id='word_1_243' title='bbox 512 1302 618 1333; x_wconf 80' lang='lat' dir='ltr'>eisdem</span> <span class='ocrx_word' id='word_1_244' title='bbox 634 1303 759 1342; x_wconf 85' lang='lat' dir='ltr'>Trcugis</span> <span class='ocrx_word' id='word_1_245' title='bbox 776 1304 939 1334; x_wconf 73' lang='lat' dir='ltr'>durantibus</span> <span class='ocrx_word' id='word_1_246' title='bbox 950 1326 960 1341; x_wconf 89' lang='lat'>,</span> <span class='ocrx_word' id='word_1_247' title='bbox 977 1303 1091 1334; x_wconf 90' lang='lat' dir='ltr'>Subditi</span> <span class='ocrx_word' id='word_1_248' title='bbox 1116 1307 1193 1342; x_wconf 83' lang='lat' dir='ltr'>Regis</span> <span class='ocrx_word' id='word_1_249' title='bbox 1207 1308 1310 1334; x_wconf 82' lang='lat' dir='ltr'>Scotto-</span> 
     </span>
     <span class='ocr_line' id='line_1_33' title="bbox 238 1342 1309 1383; baseline 0.002 -12"><span class='ocrx_word' id='word_1_250' title='bbox 238 1352 299 1371; x_wconf 74' lang='lat' dir='ltr'>rum</span> <span class='ocrx_word' id='word_1_251' title='bbox 315 1344 488 1381; x_wconf 86' lang='lat' dir='ltr'>quicumque</span> <span class='ocrx_word' id='word_1_252' title='bbox 499 1365 509 1380; x_wconf 87' lang='lat'>,</span> <span class='ocrx_word' id='word_1_253' title='bbox 527 1351 628 1373; x_wconf 86' lang='lat' dir='ltr'>contra</span> <span class='ocrx_word' id='word_1_254' title='bbox 646 1342 754 1373; x_wconf 79' lang='lat' dir='ltr'>easdem</span> <span class='ocrx_word' id='word_1_255' title='bbox 774 1342 894 1373; x_wconf 80' lang='lat' dir='ltr'>Gravati</span> <span class='ocrx_word' id='word_1_256' title='bbox 903 1364 913 1380; x_wconf 87' lang='lat'>‚</span> <span class='ocrx_word' id='word_1_257' title='bbox 929 1342 1020 1373; x_wconf 86' lang='lat' dir='ltr'>libere</span> <span class='ocrx_word' id='word_1_258' title='bbox 1035 1342 1148 1381; x_wconf 79' lang='lat' dir='ltr'>Ingredi</span> <span class='ocrx_word' id='word_1_259' title='bbox 1170 1342 1309 1383; x_wconf 81' lang='lat' dir='ltr'>Regnum</span> 
     </span>
     <span class='ocr_line' id='line_1_34' title="bbox 237 1379 1308 1421; baseline 0.003 -11"><span class='ocrx_word' id='word_1_260' title='bbox 237 1381 350 1420; x_wconf 81' lang='lat' dir='ltr'>Angliae</span> <span class='ocrx_word' id='word_1_261' title='bbox 365 1382 384 1399; x_wconf 65' lang='lat'>²*</span> <span class='ocrx_word' id='word_1_262' title='bbox 401 1383 435 1412; x_wconf 91' lang='lat'>&amp;</span> <span class='ocrx_word' id='word_1_263' title='bbox 453 1380 582 1419; x_wconf 84' lang='lat' dir='ltr'>prosequi</span> <span class='ocrx_word' id='word_1_264' title='bbox 604 1379 726 1412; x_wconf 81' lang='lat' dir='ltr'>Causam</span> <span class='ocrx_word' id='word_1_265' title='bbox 747 1380 844 1420; x_wconf 85' lang='lat' dir='ltr'>suam,</span> <span class='ocrx_word' id='word_1_266' title='bbox 861 1382 1035 1421; x_wconf 88' lang='lat' dir='ltr'>ubicumque</span> <span class='ocrx_word' id='word_1_267' title='bbox 1050 1382 1085 1412; x_wconf 73' lang='grc' dir='ltr'>δε</span> <span class='ocrx_word' id='word_1_268' title='bbox 1107 1391 1208 1413; x_wconf 90' lang='lat' dir='ltr'>coram</span> <span class='ocrx_word' id='word_1_269' title='bbox 1233 1392 1308 1421; x_wconf 90' lang='lat' dir='ltr'>quo-</span> 
     </span>
     <span class='ocr_line' id='line_1_35' title="bbox 235 1419 1021 1459; baseline 0 -9"><span class='ocrx_word' id='word_1_270' title='bbox 235 1429 365 1458; x_wconf 83' lang='lat' dir='ltr'>cumque</span> <span class='ocrx_word' id='word_1_271' title='bbox 378 1422 553 1457; x_wconf 75' lang='lat' dir='ltr'>competenti</span> <span class='ocrx_word' id='word_1_272' title='bbox 564 1419 670 1458; x_wconf 88' lang='lat' dir='ltr'>Judice</span> <span class='ocrx_word' id='word_1_273' title='bbox 686 1420 759 1451; x_wconf 81' lang='lat' dir='ltr'>infra</span> <span class='ocrx_word' id='word_1_274' title='bbox 771 1420 848 1450; x_wconf 87' lang='lat' dir='ltr'>idem</span> <span class='ocrx_word' id='word_1_275' title='bbox 865 1420 1021 1459; x_wconf 85' lang='lat' dir='ltr'>Regnum,</span> 
     </span>
    </p>

    <p class='ocr_par' dir='ltr' id='par_1_7' title="bbox 232 1458 1312 1760">
     <span class='ocr_line' id='line_1_36' title="bbox 275 1458 1310 1498; baseline 0.001 -9"><span class='ocrx_word' id='word_1_276' title='bbox 275 1458 312 1489; x_wconf 87' lang='lat' dir='ltr'>Et</span> <span class='ocrx_word' id='word_1_277' title='bbox 328 1458 390 1489; x_wconf 82' lang='lat' dir='ltr'>Alia</span> <span class='ocrx_word' id='word_1_278' title='bbox 403 1468 437 1490; x_wconf 85' lang='lat' dir='ltr'>ex</span> <span class='ocrx_word' id='word_1_279' title='bbox 453 1468 530 1497; x_wconf 84' lang='lat' dir='ltr'>parte</span> <span class='ocrx_word' id='word_1_280' title='bbox 545 1458 616 1490; x_wconf 66' lang='lat' dir='ltr'>diEti</span> <span class='ocrx_word' id='word_1_281' title='bbox 629 1458 802 1490; x_wconf 85' lang='lat' dir='ltr'>Sereniffimi</span> <span class='ocrx_word' id='word_1_282' title='bbox 816 1458 956 1497; x_wconf 85' lang='lat' dir='ltr'>Principis</span> <span class='ocrx_word' id='word_1_283' title='bbox 967 1462 1118 1489; x_wconf 79' lang='lat' dir='ltr'>Scottorum</span> <span class='ocrx_word' id='word_1_284' title='bbox 1127 1462 1202 1498; x_wconf 80' lang='lat' dir='ltr'>Regis</span> <span class='ocrx_word' id='word_1_285' title='bbox 1212 1483 1222 1498; x_wconf 94' lang='lat'>,</span> <span class='ocrx_word' id='word_1_286' title='bbox 1239 1459 1310 1498; x_wconf 87' lang='lat' dir='ltr'>ejus-</span> 
     </span>
     <span class='ocr_line' id='line_1_37' title="bbox 236 1496 1310 1537; baseline 0.003 -11"><span class='ocrx_word' id='word_1_287' title='bbox 236 1496 304 1527; x_wconf 90' lang='lat' dir='ltr'>dem</span> <span class='ocrx_word' id='word_1_288' title='bbox 316 1496 429 1536; x_wconf 89' lang='lat' dir='ltr'>Magno</span> <span class='ocrx_word' id='word_1_289' title='bbox 447 1498 548 1537; x_wconf 77' lang='lat' dir='ltr'>sigillo</span> <span class='ocrx_word' id='word_1_290' title='bbox 564 1497 674 1536; x_wconf 81' lang='lat' dir='ltr'>sigillata</span> <span class='ocrx_word' id='word_1_291' title='bbox 683 1522 693 1536; x_wconf 86' lang='lat'>,</span> <span class='ocrx_word' id='word_1_292' title='bbox 711 1507 828 1528; x_wconf 70' lang='lat' dir='ltr'>mai-iens</span> <span class='ocrx_word' id='word_1_293' title='bbox 841 1499 980 1528; x_wconf 76' lang='lat' dir='ltr'>continue</span> <span class='ocrx_word' id='word_1_294' title='bbox 995 1500 1023 1528; x_wconf 93' lang='lat' dir='ltr'>in</span> <span class='ocrx_word' id='word_1_295' title='bbox 1031 1498 1129 1537; x_wconf 86' lang='lat' dir='ltr'>aliquo</span> <span class='ocrx_word' id='word_1_296' title='bbox 1142 1499 1227 1529; x_wconf 85' lang='lat' dir='ltr'>Loco</span> <span class='ocrx_word' id='word_1_297' title='bbox 1237 1508 1310 1529; x_wconf 87' lang='lat' dir='ltr'>con-</span> 
     </span>
     <span class='ocr_line' id='line_1_38' title="bbox 235 1535 1310 1577; baseline 0.003 -12"><span class='ocrx_word' id='word_1_298' title='bbox 235 1544 308 1575; x_wconf 86' lang='lat' dir='ltr'>gruo</span> <span class='ocrx_word' id='word_1_299' title='bbox 323 1536 395 1567; x_wconf 83' lang='lat' dir='ltr'>infra</span> <span class='ocrx_word' id='word_1_300' title='bbox 410 1535 556 1567; x_wconf 79' lang='lat' dir='ltr'>Marchias</span> <span class='ocrx_word' id='word_1_301' title='bbox 570 1537 701 1575; x_wconf 76' lang='lat' dir='ltr'>Angliae,</span> <span class='ocrx_word' id='word_1_302' title='bbox 719 1546 805 1574; x_wconf 90' lang='lat' dir='ltr'>quem</span> <span class='ocrx_word' id='word_1_303' title='bbox 819 1535 1075 1567; x_wconf 84' lang='lat' dir='ltr'>Christianiffimus</span> <span class='ocrx_word' id='word_1_304' title='bbox 1090 1537 1226 1577; x_wconf 83' lang='lat' dir='ltr'>Princeps</span> <span class='ocrx_word' id='word_1_305' title='bbox 1241 1542 1310 1568; x_wconf 88' lang='lat' dir='ltr'>An-</span> 
     </span>
     <span class='ocr_line' id='line_1_39' title="bbox 232 1573 1312 1615; baseline 0.003 -12"><span class='ocrx_word' id='word_1_306' title='bbox 232 1573 298 1611; x_wconf 76' lang='lat' dir='ltr'>gliae</span> <span class='ocrx_word' id='word_1_307' title='bbox 313 1573 352 1610; x_wconf 75' lang='grc' dir='ltr'>ό·</span> <span class='ocrx_word' id='word_1_308' title='bbox 367 1578 390 1605; x_wconf 88' lang='lat' dir='ltr'><em>F</em></span> <span class='ocrx_word' id='word_1_309' title='bbox 391 1579 490 1605; x_wconf 66' lang='lat' dir='ltr'>rancia</span> <span class='ocrx_word' id='word_1_310' title='bbox 504 1578 565 1606; x_wconf 84' lang='lat' dir='ltr'>Rex</span> <span class='ocrx_word' id='word_1_311' title='bbox 578 1575 710 1615; x_wconf 83' lang='lat' dir='ltr'>elegerit,</span> <span class='ocrx_word' id='word_1_312' title='bbox 727 1576 831 1607; x_wconf 85' lang='lat' dir='ltr'>virtute</span> <span class='ocrx_word' id='word_1_313' title='bbox 840 1577 920 1612; x_wconf 74' lang='lat' dir='ltr'>cuius</span> <span class='ocrx_word' id='word_1_314' title='bbox 932 1577 1041 1606; x_wconf 74' lang='lat' dir='ltr'>valeant</span> <span class='ocrx_word' id='word_1_315' title='bbox 1055 1578 1248 1615; x_wconf 76' lang='lat' dir='ltr'>quicumque,</span> <span class='ocrx_word' id='word_1_316' title='bbox 1267 1577 1312 1606; x_wconf 90' lang='lat' dir='ltr'>di·</span> 
     </span>
     <span class='ocr_line' id='line_1_40' title="bbox 239 1613 1311 1654; baseline 0.001 -11"><span class='ocrx_word' id='word_1_317' title='bbox 239 1613 293 1643; x_wconf 66' lang='lat' dir='ltr'>&amp;is</span> <span class='ocrx_word' id='word_1_318' title='bbox 304 1613 429 1653; x_wconf 77' lang='lat' dir='ltr'>Treugis</span> <span class='ocrx_word' id='word_1_319' title='bbox 443 1613 606 1644; x_wconf 83' lang='lat' dir='ltr'>durantibus</span> <span class='ocrx_word' id='word_1_320' title='bbox 616 1637 626 1652; x_wconf 87' lang='lat'>‚</span> <span class='ocrx_word' id='word_1_321' title='bbox 641 1613 753 1644; x_wconf 87' lang='lat' dir='ltr'>Subditi</span> <span class='ocrx_word' id='word_1_322' title='bbox 769 1615 895 1651; x_wconf 83' lang='lat' dir='ltr'>ejusdem</span> <span class='ocrx_word' id='word_1_323' title='bbox 915 1614 1029 1653; x_wconf 81' lang='lat' dir='ltr'>Angliae</span> <span class='ocrx_word' id='word_1_324' title='bbox 1042 1614 1080 1649; x_wconf 67' lang='grc' dir='ltr'>ό-</span> <span class='ocrx_word' id='word_1_325' title='bbox 1094 1618 1218 1645; x_wconf 80' lang='lat' dir='ltr'>Franciae</span> <span class='ocrx_word' id='word_1_326' title='bbox 1233 1619 1311 1654; x_wconf 85' lang='lat' dir='ltr'>Regis</span> 
     </span>
     <span class='ocr_line' id='line_1_41' title="bbox 235 1651 1311 1693; baseline 0.004 -13"><span class='ocrx_word' id='word_1_327' title='bbox 235 1651 344 1691; x_wconf 87' lang='lat' dir='ltr'>ingredi</span> <span class='ocrx_word' id='word_1_328' title='bbox 362 1653 453 1683; x_wconf 86' lang='lat' dir='ltr'>libere</span> <span class='ocrx_word' id='word_1_329' title='bbox 473 1652 612 1692; x_wconf 78' lang='lat' dir='ltr'>Regnum</span> <span class='ocrx_word' id='word_1_330' title='bbox 633 1652 757 1690; x_wconf 85' lang='lat' dir='ltr'>Scotiae,</span> <span class='ocrx_word' id='word_1_331' title='bbox 776 1654 809 1684; x_wconf 88' lang='lat'>&amp;</span> <span class='ocrx_word' id='word_1_332' title='bbox 835 1652 962 1693; x_wconf 88' lang='lat' dir='ltr'>prosequi</span> <span class='ocrx_word' id='word_1_333' title='bbox 987 1652 1109 1684; x_wconf 87' lang='lat' dir='ltr'>Causam</span> <span class='ocrx_word' id='word_1_334' title='bbox 1128 1654 1223 1693; x_wconf 89' lang='lat' dir='ltr'>suam,</span> <span class='ocrx_word' id='word_1_335' title='bbox 1248 1656 1311 1684; x_wconf 88' lang='lat' dir='ltr'>ubi-</span> 
     </span>
     <span class='ocr_line' id='line_1_42' title="bbox 236 1691 1311 1760; baseline 0.003 -39"><span class='ocrx_word' id='word_1_336' title='bbox 236 1699 364 1760; x_wconf 55' lang='lat' dir='ltr'>cumqug</span> <span class='ocrx_word' id='word_1_337' title='bbox 381 1691 414 1722; x_wconf 75' lang='grc' dir='ltr'>ὃ(</span> <span class='ocrx_word' id='word_1_338' title='bbox 429 1701 526 1722; x_wconf 86' lang='lat' dir='ltr'>coram</span> <span class='ocrx_word' id='word_1_339' title='bbox 542 1701 727 1731; x_wconf 87' lang='lat' dir='ltr'>quocumque</span> <span class='ocrx_word' id='word_1_340' title='bbox 742 1693 922 1729; x_wconf 73' lang='lat' dir='ltr'>competenti</span> <span class='ocrx_word' id='word_1_341' title='bbox 938 1691 1044 1730; x_wconf 84' lang='lat' dir='ltr'>Judjce</span> <span class='ocrx_word' id='word_1_342' title='bbox 1064 1692 1138 1723; x_wconf 85' lang='lat' dir='ltr'>infra</span> <span class='ocrx_word' id='word_1_343' title='bbox 1157 1693 1235 1723; x_wconf 90' lang='lat' dir='ltr'>idem</span> <span class='ocrx_word' id='word_1_344' title='bbox 1251 1693 1311 1724; x_wconf 90' lang='lat' dir='ltr'>Re-</span> 
     </span>
    </p>

    <p class='ocr_par' dir='ltr' id='par_1_8' title="bbox 257 1740 461 1761">
     <span class='ocr_line' id='line_1_43' title="bbox 257 1740 461 1761; baseline 0.015 -2"><span class='ocrx_word' id='word_1_345' title='bbox 257 1740 326 1760; x_wconf 87' lang='lat' dir='ltr'>num</span> <span class='ocrx_word' id='word_1_346' title='bbox 363 1740 461 1761; x_wconf 78' lang='lat' dir='ltr'>cotiae·</span> 
     </span>
    </p>

    <p class='ocr_par' dir='ltr' id='par_1_9' title="bbox 233 1738 1311 2043">
     <span class='ocr_line' id='line_1_44' title="bbox 236 1738 1311 1809; baseline 0.004 -12"><span class='ocrx_word' id='word_1_347' title='bbox 236 1738 255 1768; x_wconf 78' lang='lat' dir='ltr'>g</span> <span class='ocrx_word' id='word_1_348' title='bbox 269 1768 404 1806; x_wconf 77' lang='lat' dir='ltr'>judicem</span> <span class='ocrx_word' id='word_1_349' title='bbox 422 1754 492 1800; x_wconf 70' lang='lat' dir='ltr'>ve’ro</span> <span class='ocrx_word' id='word_1_350' title='bbox 508 1778 726 1807; x_wconf 87' lang='lat' dir='ltr'>competentem</span> <span class='ocrx_word' id='word_1_351' title='bbox 749 1770 778 1798; x_wconf 90' lang='lat' dir='ltr'>in</span> <span class='ocrx_word' id='word_1_352' title='bbox 799 1778 921 1808; x_wconf 91' lang='lat' dir='ltr'>utroque</span> <span class='ocrx_word' id='word_1_353' title='bbox 940 1768 1014 1799; x_wconf 86' lang='lat' dir='ltr'>Casu</span> <span class='ocrx_word' id='word_1_354' title='bbox 1031 1769 1174 1809; x_wconf 67' lang='lat' dir='ltr'>praedieto</span> <span class='ocrx_word' id='word_1_355' title='bbox 1199 1780 1311 1808; x_wconf 88' lang='lat' dir='ltr'>reputa-</span> 
     </span>
     <span class='ocr_line' id='line_1_45' title="bbox 236 1806 1311 1846; baseline 0.004 -10"><span class='ocrx_word' id='word_1_356' title='bbox 236 1816 301 1837; x_wconf 82' lang='lat' dir='ltr'>mus</span> <span class='ocrx_word' id='word_1_357' title='bbox 313 1806 383 1836; x_wconf 78' lang='lat' dir='ltr'>Nos</span> <span class='ocrx_word' id='word_1_358' title='bbox 399 1808 528 1846; x_wconf 61' lang='lat' dir='ltr'>praedic‘ii</span> <span class='ocrx_word' id='word_1_359' title='bbox 547 1807 744 1838; x_wconf 81' lang='lat' dir='ltr'>Commiffarii</span> <span class='ocrx_word' id='word_1_360' title='bbox 756 1807 936 1838; x_wconf 84' lang='lat' dir='ltr'>Gardianum</span> <span class='ocrx_word' id='word_1_361' title='bbox 945 1808 1018 1838; x_wconf 89' lang='lat' dir='ltr'>illius</span> <span class='ocrx_word' id='word_1_362' title='bbox 1032 1808 1173 1840; x_wconf 83' lang='lat' dir='ltr'>Marchiae</span> <span class='ocrx_word' id='word_1_363' title='bbox 1188 1811 1238 1839; x_wconf 92' lang='lat' dir='ltr'>ubi</span> <span class='ocrx_word' id='word_1_364' title='bbox 1246 1809 1311 1840; x_wconf 89' lang='lat' dir='ltr'>De-</span> 
     </span>
     <span class='ocr_line' id='line_1_46' title="bbox 237 1846 1311 1886; baseline 0.003 -10"><span class='ocrx_word' id='word_1_365' title='bbox 237 1846 365 1885; x_wconf 81' lang='lat' dir='ltr'>linquens</span> <span class='ocrx_word' id='word_1_366' title='bbox 388 1847 468 1877; x_wconf 79' lang='lat' dir='ltr'>foret</span> <span class='ocrx_word' id='word_1_367' title='bbox 491 1847 594 1877; x_wconf 85' lang='lat' dir='ltr'>Larem</span> <span class='ocrx_word' id='word_1_368' title='bbox 614 1858 624 1885; x_wconf 84' lang='lat'>·,</span> <span class='ocrx_word' id='word_1_369' title='bbox 649 1848 681 1878; x_wconf 88' lang='lat'>&amp;</span> <span class='ocrx_word' id='word_1_370' title='bbox 700 1847 720 1877; x_wconf 90' lang='lat' dir='ltr'>si</span> <span class='ocrx_word' id='word_1_371' title='bbox 746 1847 768 1877; x_wconf 88' lang='lat' dir='ltr'>is</span> <span class='ocrx_word' id='word_1_372' title='bbox 784 1869 794 1884; x_wconf 82' lang='lat'>,</span> <span class='ocrx_word' id='word_1_373' title='bbox 820 1847 898 1885; x_wconf 82' lang='lat' dir='ltr'>super</span> <span class='ocrx_word' id='word_1_374' title='bbox 922 1856 1008 1885; x_wconf 89' lang='lat' dir='ltr'>quem</span> <span class='ocrx_word' id='word_1_375' title='bbox 1033 1847 1216 1886; x_wconf 88' lang='lat' dir='ltr'>Conquestio</span> <span class='ocrx_word' id='word_1_376' title='bbox 1236 1849 1311 1879; x_wconf 67' lang='lat' dir='ltr'>fac&#39;ia</span> 
     </span>
     <span class='ocr_line' id='line_1_47' title="bbox 233 1884 1304 1925; baseline 0.003 -11"><span class='ocrx_word' id='word_1_377' title='bbox 233 1884 293 1922; x_wconf 88' lang='lat' dir='ltr'>est,</span> <span class='ocrx_word' id='word_1_378' title='bbox 320 1885 392 1916; x_wconf 70' lang='lat' dir='ltr'>inira</span> <span class='ocrx_word' id='word_1_379' title='bbox 415 1885 534 1916; x_wconf 79' lang='lat' dir='ltr'>Limites</span> <span class='ocrx_word' id='word_1_380' title='bbox 557 1886 674 1925; x_wconf 84' lang='lat' dir='ltr'>alicujus</span> <span class='ocrx_word' id='word_1_381' title='bbox 698 1884 898 1916; x_wconf 85' lang='lat' dir='ltr'>Marchiarum</span> <span class='ocrx_word' id='word_1_382' title='bbox 919 1886 1022 1916; x_wconf 79' lang='lat' dir='ltr'>Larem</span> <span class='ocrx_word' id='word_1_383' title='bbox 1043 1896 1104 1916; x_wconf 92' lang='lat' dir='ltr'>nori</span> <span class='ocrx_word' id='word_1_384' title='bbox 1127 1887 1241 1925; x_wconf 89' lang='lat' dir='ltr'>foveat,</span> <span class='ocrx_word' id='word_1_385' title='bbox 1258 1896 1304 1918; x_wconf 87' lang='lat' dir='ltr'>aut</span> 
     </span>
     <span class='ocr_line' id='line_1_48' title="bbox 234 1923 1307 1964; baseline 0.002 -10"><span class='ocrx_word' id='word_1_386' title='bbox 234 1924 305 1954; x_wconf 85' lang='lat' dir='ltr'>infra</span> <span class='ocrx_word' id='word_1_387' title='bbox 317 1923 437 1962; x_wconf 80' lang='lat' dir='ltr'>aliquam</span> <span class='ocrx_word' id='word_1_388' title='bbox 451 1924 616 1954; x_wconf 88' lang='lat' dir='ltr'>earumdem</span> <span class='ocrx_word' id='word_1_389' title='bbox 632 1926 681 1955; x_wconf 92' lang='lat' dir='ltr'>ubi</span> <span class='ocrx_word' id='word_1_390' title='bbox 699 1933 826 1955; x_wconf 85' lang='lat' dir='ltr'>moratur</span> <span class='ocrx_word' id='word_1_391' title='bbox 842 1924 888 1955; x_wconf 89' lang='lat' dir='ltr'>seu</span> <span class='ocrx_word' id='word_1_392' title='bbox 900 1926 1005 1955; x_wconf 88' lang='lat' dir='ltr'>morari</span> <span class='ocrx_word' id='word_1_393' title='bbox 1017 1924 1121 1956; x_wconf 88' lang='lat' dir='ltr'>solebat</span> <span class='ocrx_word' id='word_1_394' title='bbox 1135 1927 1248 1964; x_wconf 86' lang='lat' dir='ltr'>reperiri</span> <span class='ocrx_word' id='word_1_395' title='bbox 1257 1936 1307 1956; x_wconf 76' lang='lat' dir='ltr'>ne—</span> 
     </span>
     <span class='ocr_line' id='line_1_49' title="bbox 234 1962 1307 2002; baseline 0.002 -8"><span class='ocrx_word' id='word_1_396' title='bbox 234 1972 338 2000; x_wconf 78' lang='lat' dir='ltr'>queat,</span> <span class='ocrx_word' id='word_1_397' title='bbox 356 1971 424 1994; x_wconf 88' lang='lat' dir='ltr'>tunc</span> <span class='ocrx_word' id='word_1_398' title='bbox 448 1963 545 1993; x_wconf 85' lang='lat' dir='ltr'>licebit</span> <span class='ocrx_word' id='word_1_399' title='bbox 570 1962 647 1994; x_wconf 85' lang='lat' dir='ltr'>Parti</span> <span class='ocrx_word' id='word_1_400' title='bbox 671 1963 871 2002; x_wconf 85' lang='lat' dir='ltr'>Conquerenti</span> <span class='ocrx_word' id='word_1_401' title='bbox 894 1963 993 1994; x_wconf 86' lang='lat' dir='ltr'>Billam</span> <span class='ocrx_word' id='word_1_402' title='bbox 1013 1963 1068 1994; x_wconf 89' lang='lat' dir='ltr'>sive</span> <span class='ocrx_word' id='word_1_403' title='bbox 1093 1963 1234 1996; x_wconf 85' lang='lat' dir='ltr'>Cedulam</span> <span class='ocrx_word' id='word_1_404' title='bbox 1250 1965 1307 1996; x_wconf 80' lang='lat' dir='ltr'>suae</span> 
     </span>
     <span class='ocr_line' id='line_1_50' title="bbox 236 2000 1209 2043; baseline 0.003 -12"><span class='ocrx_word' id='word_1_405' title='bbox 236 2001 438 2039; x_wconf 84' lang='lat' dir='ltr'>Qierimoniae</span> <span class='ocrx_word' id='word_1_406' title='bbox 455 2000 603 2032; x_wconf 84' lang='lat' dir='ltr'>Gardiano</span> <span class='ocrx_word' id='word_1_407' title='bbox 620 2002 780 2039; x_wconf 81' lang='lat' dir='ltr'>Marchiae,</span> <span class='ocrx_word' id='word_1_408' title='bbox 797 2003 845 2033; x_wconf 89' lang='lat' dir='ltr'>cui</span> <span class='ocrx_word' id='word_1_409' title='bbox 861 2003 1064 2042; x_wconf 81' lang='lat' dir='ltr'>conqueritur,</span> <span class='ocrx_word' id='word_1_410' title='bbox 1082 2003 1209 2043; x_wconf 79' lang='lat' dir='ltr'>tradere3</span> 
     </span>
    </p>

    <p class='ocr_par' dir='ltr' id='par_1_10' title="bbox 233 2040 1308 2273">
     <span class='ocr_line' id='line_1_51' title="bbox 274 2040 1308 2081; baseline 0.004 -12"><span class='ocrx_word' id='word_1_411' title='bbox 274 2040 338 2079; x_wconf 76' lang='lat' dir='ltr'>Qj</span> <span class='ocrx_word' id='word_1_412' title='bbox 363 2040 544 2078; x_wconf 68' lang='lat' dir='ltr'>Cardianus,</span> <span class='ocrx_word' id='word_1_413' title='bbox 568 2043 719 2078; x_wconf 73' lang='lat' dir='ltr'>quamcito</span> <span class='ocrx_word' id='word_1_414' title='bbox 743 2041 903 2072; x_wconf 83' lang='lat' dir='ltr'>commode</span> <span class='ocrx_word' id='word_1_415' title='bbox 925 2042 1046 2080; x_wconf 84' lang='lat' dir='ltr'>poterit,</span> <span class='ocrx_word' id='word_1_416' title='bbox 1066 2040 1207 2072; x_wconf 85' lang='lat' dir='ltr'>Cedularn</span> <span class='ocrx_word' id='word_1_417' title='bbox 1227 2041 1308 2081; x_wconf 89' lang='lat' dir='ltr'>hujus</span> 
     </span>
     <span class='ocr_line' id='line_1_52' title="bbox 233 2078 1306 2121; baseline 0.003 -13"><span class='ocrx_word' id='word_1_418' title='bbox 233 2078 370 2115; x_wconf 72' lang='lat' dir='ltr'>Querelae</span> <span class='ocrx_word' id='word_1_419' title='bbox 389 2080 511 2110; x_wconf 78' lang='lat' dir='ltr'>similiter</span> <span class='ocrx_word' id='word_1_420' title='bbox 526 2089 594 2109; x_wconf 86' lang='lat' dir='ltr'>curn</span> <span class='ocrx_word' id='word_1_421' title='bbox 611 2080 831 2118; x_wconf 86' lang='lat' dir='ltr'>Conquerente,</span> <span class='ocrx_word' id='word_1_422' title='bbox 850 2081 869 2110; x_wconf 88' lang='lat' dir='ltr'>si</span> <span class='ocrx_word' id='word_1_423' title='bbox 881 2081 940 2110; x_wconf 85' lang='lat' dir='ltr'>hoc</span> <span class='ocrx_word' id='word_1_424' title='bbox 956 2080 1022 2111; x_wconf 89' lang='lat' dir='ltr'>velit</span> <span class='ocrx_word' id='word_1_425' title='bbox 1037 2080 1094 2118; x_wconf 90' lang='lat' dir='ltr'>ipse</span> <span class='ocrx_word' id='word_1_426' title='bbox 1107 2080 1306 2121; x_wconf 88' lang='lat' dir='ltr'>Conquerens,</span> 
     </span>
     <span class='ocr_line' id='line_1_53' title="bbox 236 2117 1307 2151; baseline 0.003 -3"><span class='ocrx_word' id='word_1_427' title='bbox 236 2119 404 2148; x_wconf 69' lang='lat' dir='ltr'>transmittet</span> <span class='ocrx_word' id='word_1_428' title='bbox 428 2117 473 2148; x_wconf 86' lang='lat' dir='ltr'>seu</span> <span class='ocrx_word' id='word_1_429' title='bbox 489 2118 636 2149; x_wconf 81' lang='lat' dir='ltr'>transmitti</span> <span class='ocrx_word' id='word_1_430' title='bbox 659 2120 741 2149; x_wconf 85' lang='lat' dir='ltr'>faciet</span> <span class='ocrx_word' id='word_1_431' title='bbox 759 2129 827 2149; x_wconf 87' lang='lat' dir='ltr'>cum</span> <span class='ocrx_word' id='word_1_432' title='bbox 853 2119 953 2150; x_wconf 85' lang='lat' dir='ltr'>Literis</span> <span class='ocrx_word' id='word_1_433' title='bbox 975 2119 1027 2150; x_wconf 80' lang='lat' dir='ltr'>suis</span> <span class='ocrx_word' id='word_1_434' title='bbox 1049 2118 1307 2151; x_wconf 84' lang='lat' dir='ltr'>Testimonialibus</span> 
     </span>
     <span class='ocr_line' id='line_1_54' title="bbox 236 2155 1308 2197; baseline 0.003 -10"><span class='ocrx_word' id='word_1_435' title='bbox 236 2155 313 2187; x_wconf 83' lang='lat' dir='ltr'>Salvi</span> <span class='ocrx_word' id='word_1_436' title='bbox 328 2155 503 2187; x_wconf 61' lang='lat' dir='ltr'>conductus</span> <span class='ocrx_word' id='word_1_437' title='bbox 522 2158 603 2195; x_wconf 89' lang='lat' dir='ltr'>(quas</span> <span class='ocrx_word' id='word_1_438' title='bbox 628 2158 679 2188; x_wconf 88' lang='lat' dir='ltr'>sibi</span> <span class='ocrx_word' id='word_1_439' title='bbox 696 2158 783 2188; x_wconf 86' lang='lat' dir='ltr'>tradet</span> <span class='ocrx_word' id='word_1_440' title='bbox 802 2158 890 2188; x_wconf 82' lang='lat' dir='ltr'>libere</span> <span class='ocrx_word' id='word_1_441' title='bbox 910 2158 943 2189; x_wconf 91' lang='lat'>&amp;</span> <span class='ocrx_word' id='word_1_442' title='bbox 957 2158 1060 2196; x_wconf 90' lang='lat' dir='ltr'>absque</span> <span class='ocrx_word' id='word_1_443' title='bbox 1075 2159 1190 2197; x_wconf 87' lang='lat' dir='ltr'>alicujus</span> <span class='ocrx_word' id='word_1_444' title='bbox 1213 2159 1308 2190; x_wconf 84' lang='lat' dir='ltr'>Pecu-</span> 
     </span>
     <span class='ocr_line' id='line_1_55' title="bbox 233 2194 1307 2237; baseline 0.004 -12"><span class='ocrx_word' id='word_1_445' title='bbox 233 2197 290 2226; x_wconf 76' lang='lat' dir='ltr'>niae</span> <span class='ocrx_word' id='word_1_446' title='bbox 307 2194 475 2231; x_wconf 68' lang='lat' dir='ltr'>Exaffione)</span> <span class='ocrx_word' id='word_1_447' title='bbox 493 2195 673 2227; x_wconf 87' lang='lat' dir='ltr'>Cancellario</span> <span class='ocrx_word' id='word_1_448' title='bbox 686 2197 784 2234; x_wconf 83' lang='lat' dir='ltr'>Regni</span> <span class='ocrx_word' id='word_1_449' title='bbox 800 2197 888 2235; x_wconf 81' lang='lat' dir='ltr'>iliius,</span> <span class='ocrx_word' id='word_1_450' title='bbox 908 2197 988 2235; x_wconf 87' lang='lat' dir='ltr'>cujus</span> <span class='ocrx_word' id='word_1_451' title='bbox 1003 2198 1025 2227; x_wconf 88' lang='lat' dir='ltr'>is</span> <span class='ocrx_word' id='word_1_452' title='bbox 1036 2196 1073 2228; x_wconf 89' lang='lat' dir='ltr'>de</span> <span class='ocrx_word' id='word_1_453' title='bbox 1089 2207 1150 2236; x_wconf 88' lang='lat' dir='ltr'>quo</span> <span class='ocrx_word' id='word_1_454' title='bbox 1166 2197 1307 2237; x_wconf 87' lang='lat' dir='ltr'>Conque-</span> 
     </span>
     <span class='ocr_line' id='line_1_56' title="bbox 236 2233 740 2273; baseline 0 -9"><span class='ocrx_word' id='word_1_455' title='bbox 236 2233 291 2264; x_wconf 86' lang='lat' dir='ltr'>stio</span> <span class='ocrx_word' id='word_1_456' title='bbox 306 2234 378 2264; x_wconf 65' lang='lat' dir='ltr'>facta</span> <span class='ocrx_word' id='word_1_457' title='bbox 393 2233 433 2265; x_wconf 88' lang='lat' dir='ltr'>est</span> <span class='ocrx_word' id='word_1_458' title='bbox 449 2234 585 2266; x_wconf 82' lang='lat' dir='ltr'>Subditus</span> <span class='ocrx_word' id='word_1_459' title='bbox 602 2236 740 2273; x_wconf 68' lang='lat' dir='ltr'>extiterit,</span> 
     </span>
    </p>

    <p class='ocr_par' dir='ltr' id='par_1_11' title="bbox 232 2272 1306 2389">
     <span class='ocr_line' id='line_1_57' title="bbox 274 2272 1306 2312; baseline 0.003 -8"><span class='ocrx_word' id='word_1_460' title='bbox 274 2272 336 2311; x_wconf 80' lang='lat' dir='ltr'>Qui</span> <span class='ocrx_word' id='word_1_461' title='bbox 353 2274 470 2312; x_wconf 62' lang='lat' dir='ltr'>quidem</span> <span class='ocrx_word' id='word_1_462' title='bbox 489 2272 680 2304; x_wconf 85' lang='lat' dir='ltr'>Cancellariiis</span> <span class='ocrx_word' id='word_1_463' title='bbox 694 2275 793 2304; x_wconf 83' lang='lat' dir='ltr'>citabit</span> <span class='ocrx_word' id='word_1_464' title='bbox 811 2274 926 2305; x_wconf 83' lang='lat' dir='ltr'>Partem</span> <span class='ocrx_word' id='word_1_465' title='bbox 943 2273 979 2305; x_wconf 89' lang='lat' dir='ltr'>de</span> <span class='ocrx_word' id='word_1_466' title='bbox 996 2275 1053 2312; x_wconf 73' lang='lat' dir='ltr'>qua</span> <span class='ocrx_word' id='word_1_467' title='bbox 1073 2274 1196 2312; x_wconf 88' lang='lat' dir='ltr'>Querela</span> <span class='ocrx_word' id='word_1_468' title='bbox 1212 2275 1248 2307; x_wconf 87' lang='lat' dir='ltr'>fic</span> <span class='ocrx_word' id='word_1_469' title='bbox 1265 2276 1306 2307; x_wconf 92' lang='lat' dir='ltr'>fa-</span> 
     </span>
     <span class='ocr_line' id='line_1_58' title="bbox 233 2310 1306 2354; baseline 0.005 -13"><span class='ocrx_word' id='word_1_470' title='bbox 233 2310 280 2342; x_wconf 68' lang='lat' dir='ltr'>&amp;a</span> <span class='ocrx_word' id='word_1_471' title='bbox 295 2313 378 2344; x_wconf 81' lang='lat' dir='ltr'>suerit</span> <span class='ocrx_word' id='word_1_472' title='bbox 414 2313 447 2342; x_wconf 72' lang='grc' dir='ltr'>δε</span> <span class='ocrx_word' id='word_1_473' title='bbox 464 2321 534 2342; x_wconf 85' lang='lat' dir='ltr'>cum</span> <span class='ocrx_word' id='word_1_474' title='bbox 555 2314 640 2343; x_wconf 91' lang='lat' dir='ltr'>omni</span> <span class='ocrx_word' id='word_1_475' title='bbox 662 2313 805 2344; x_wconf 85' lang='lat' dir='ltr'>celeritate</span> <span class='ocrx_word' id='word_1_476' title='bbox 821 2313 946 2353; x_wconf 81' lang='lat' dir='ltr'>posiibili</span> <span class='ocrx_word' id='word_1_477' title='bbox 961 2313 1035 2344; x_wconf 84' lang='lat' dir='ltr'>Parti</span> <span class='ocrx_word' id='word_1_478' title='bbox 1057 2311 1257 2354; x_wconf 87' lang='lat' dir='ltr'>Conquerenti</span> <span class='ocrx_word' id='word_1_479' title='bbox 1275 2317 1306 2346; x_wconf 91' lang='lat' dir='ltr'>in</span> 
     </span>
     <span class='ocr_line' id='line_1_59' title="bbox 232 2350 726 2389; baseline 0.002 -8"><span class='ocrx_word' id='word_1_480' title='bbox 232 2360 271 2381; x_wconf 80' lang='lat' dir='ltr'>eo</span> <span class='ocrx_word' id='word_1_481' title='bbox 290 2350 364 2382; x_wconf 84' lang='lat' dir='ltr'>Casu</span> <span class='ocrx_word' id='word_1_482' title='bbox 397 2350 520 2382; x_wconf 86' lang='lat' dir='ltr'>ustitiam</span> <span class='ocrx_word' id='word_1_483' title='bbox 536 2351 726 2389; x_wconf 79' lang='lat' dir='ltr'>ministrabit,</span> 
     </span>
    </p>

    <p class='ocr_par' dir='ltr' id='par_1_12' title="bbox 233 2388 1308 2470">
     <span class='ocr_line' id='line_1_60' title="bbox 269 2388 1304 2429; baseline 0.005 -10"><span class='ocrx_word' id='word_1_484' title='bbox 269 2388 392 2420; x_wconf 86' lang='lat' dir='ltr'>Proviso</span> <span class='ocrx_word' id='word_1_485' title='bbox 404 2389 513 2429; x_wconf 85' lang='lat' dir='ltr'>semper</span> <span class='ocrx_word' id='word_1_486' title='bbox 531 2391 627 2429; x_wconf 84' lang='lat' dir='ltr'>quod,</span> <span class='ocrx_word' id='word_1_487' title='bbox 645 2392 748 2422; x_wconf 88' lang='lat' dir='ltr'>virtute</span> <span class='ocrx_word' id='word_1_488' title='bbox 769 2391 886 2427; x_wconf 83' lang='lat' dir='ltr'>alicujus</span> <span class='ocrx_word' id='word_1_489' title='bbox 909 2391 1064 2421; x_wconf 86' lang='lat' dir='ltr'>Literarum</span> <span class='ocrx_word' id='word_1_490' title='bbox 1085 2391 1160 2422; x_wconf 88' lang='lat' dir='ltr'>Salvi</span> <span class='ocrx_word' id='word_1_491' title='bbox 1179 2390 1304 2424; x_wconf 84' lang='lat' dir='ltr'>Condu-</span> 
     </span>
     <span class='ocr_line' id='line_1_61' title="bbox 233 2427 1308 2470; baseline 0.004 -12"><span class='ocrx_word' id='word_1_492' title='bbox 233 2427 301 2459; x_wconf 74' lang='grc' dir='ltr'>ἂιὶς</span> <span class='ocrx_word' id='word_1_493' title='bbox 315 2427 494 2466; x_wconf 78' lang='lat' dir='ltr'>hujusmodi,</span> <span class='ocrx_word' id='word_1_494' title='bbox 512 2439 572 2459; x_wconf 90' lang='lat' dir='ltr'>non</span> <span class='ocrx_word' id='word_1_495' title='bbox 590 2430 681 2469; x_wconf 87' lang='lat' dir='ltr'>plures</span> <span class='ocrx_word' id='word_1_496' title='bbox 697 2431 784 2468; x_wconf 73' lang='lat' dir='ltr'>quam</span> <span class='ocrx_word' id='word_1_497' title='bbox 799 2429 876 2460; x_wconf 86' lang='lat' dir='ltr'>Tres</span> <span class='ocrx_word' id='word_1_498' title='bbox 891 2430 937 2460; x_wconf 92' lang='lat' dir='ltr'>vel</span> <span class='ocrx_word' id='word_1_499' title='bbox 945 2429 1079 2467; x_wconf 81' lang='lat' dir='ltr'>Quatuor</span> <span class='ocrx_word' id='word_1_500' title='bbox 1089 2430 1236 2470; x_wconf 79' lang='lat' dir='ltr'>Personae,</span> <span class='ocrx_word' id='word_1_501' title='bbox 1254 2432 1308 2462; x_wconf 90' lang='lat' dir='ltr'>hu-</span> 
     </span>
    </p>

    <p class='ocr_par' dir='ltr' id='par_1_13' title="bbox 227 2465 1303 2547">
     <span class='ocr_line' id='line_1_62' title="bbox 227 2465 1303 2508; baseline 0.006 -13"><span class='ocrx_word' id='word_1_502' title='bbox 227 2465 356 2505; x_wconf 86' lang='lat' dir='ltr'>jusmodi</span> <span class='ocrx_word' id='word_1_503' title='bbox 371 2466 475 2498; x_wconf 78' lang='lat' dir='ltr'>Causas</span> <span class='ocrx_word' id='word_1_504' title='bbox 492 2467 620 2506; x_wconf 86' lang='lat' dir='ltr'>prosequi</span> <span class='ocrx_word' id='word_1_505' title='bbox 636 2469 781 2505; x_wconf 89' lang='lat' dir='ltr'>volentes,</span> <span class='ocrx_word' id='word_1_506' title='bbox 801 2478 834 2499; x_wconf 82' lang='lat' dir='ltr'>ex</span> <span class='ocrx_word' id='word_1_507' title='bbox 850 2468 907 2498; x_wconf 78' lang='lat' dir='ltr'>una</span> <span class='ocrx_word' id='word_1_508' title='bbox 921 2467 1004 2498; x_wconf 85' lang='lat' dir='ltr'>Parte</span> <span class='ocrx_word' id='word_1_509' title='bbox 1018 2469 1063 2499; x_wconf 90' lang='lat' dir='ltr'>vel</span> <span class='ocrx_word' id='word_1_510' title='bbox 1078 2478 1112 2500; x_wconf 85' lang='lat' dir='ltr'>ex</span> <span class='ocrx_word' id='word_1_511' title='bbox 1120 2469 1223 2508; x_wconf 70' lang='lat' dir='ltr'>alterii,</span> <span class='ocrx_word' id='word_1_512' title='bbox 1241 2469 1303 2501; x_wconf 88' lang='lat' dir='ltr'>Re-</span> 
     </span>
     <span class='ocr_line' id='line_1_63' title="bbox 235 2506 1228 2547; baseline 0.003 -13"><span class='ocrx_word' id='word_1_513' title='bbox 235 2514 329 2542; x_wconf 87' lang='lat' dir='ltr'>gnum</span> <span class='ocrx_word' id='word_1_514' title='bbox 345 2506 455 2536; x_wconf 80' lang='lat' dir='ltr'>alterius</span> <span class='ocrx_word' id='word_1_515' title='bbox 472 2506 552 2536; x_wconf 88' lang='lat' dir='ltr'>simul</span> <span class='ocrx_word' id='word_1_516' title='bbox 569 2508 602 2538; x_wconf 73' lang='grc' dir='ltr'>ὃ(</span> <span class='ocrx_word' id='word_1_517' title='bbox 617 2509 674 2536; x_wconf 71' lang='lat' dir='ltr'>un&#39;a</span> <span class='ocrx_word' id='word_1_518' title='bbox 689 2508 753 2537; x_wconf 92' lang='lat' dir='ltr'>vice</span> <span class='ocrx_word' id='word_1_519' title='bbox 772 2506 885 2545; x_wconf 76' lang='lat' dir='ltr'>Ingredi</span> <span class='ocrx_word' id='word_1_520' title='bbox 903 2507 1011 2537; x_wconf 86' lang='lat' dir='ltr'>valeant</span> <span class='ocrx_word' id='word_1_521' title='bbox 1026 2508 1228 2547; x_wconf 86' lang='lat' dir='ltr'>quovismodo.</span> 
     </span>
    </p>

    <p class='ocr_par' dir='ltr' id='par_1_14' title="bbox 234 2543 1315 3706">
     <span class='ocr_line' id='line_1_64' title="bbox 271 2543 1308 2587; baseline 0.005 -13"><span class='ocrx_word' id='word_1_522' title='bbox 271 2543 319 2574; x_wconf 88' lang='grc' dir='ltr'>Ιτ</span> <span class='ocrx_word' id='word_1_523' title='bbox 329 2553 348 2574; x_wconf 76' lang='grc' dir='ltr'>ε</span> <span class='ocrx_word' id='word_1_524' title='bbox 358 2552 384 2574; x_wconf 78' lang='lat' dir='ltr'>M</span> <span class='ocrx_word' id='word_1_525' title='bbox 396 2567 406 2582; x_wconf 85' lang='lat'>,</span> <span class='ocrx_word' id='word_1_526' title='bbox 420 2546 483 2583; x_wconf 88' lang='lat' dir='ltr'>quia</span> <span class='ocrx_word' id='word_1_527' title='bbox 500 2547 559 2575; x_wconf 78' lang='lat' dir='ltr'>tam</span> <span class='ocrx_word' id='word_1_528' title='bbox 581 2544 838 2576; x_wconf 71' lang='lat' dir='ltr'>Excellentissimos</span> <span class='ocrx_word' id='word_1_529' title='bbox 852 2547 885 2575; x_wconf 85' lang='lat'>&amp;</span> <span class='ocrx_word' id='word_1_530' title='bbox 901 2544 1152 2578; x_wconf 70' lang='lat' dir='ltr'>christianissimus</span> <span class='ocrx_word' id='word_1_531' title='bbox 1170 2546 1308 2587; x_wconf 86' lang='lat' dir='ltr'>Princeps</span> 
     </span>
     <span class='ocr_line' id='line_1_65' title="bbox 235 2582 1306 2626; baseline 0.005 -15"><span class='ocrx_word' id='word_1_532' title='bbox 235 2582 351 2620; x_wconf 82' lang='lat' dir='ltr'>Angliae</span> <span class='ocrx_word' id='word_1_533' title='bbox 363 2582 531 2617; x_wconf 53' lang='lat' dir='ltr'>&amp;Fran-cie</span> <span class='ocrx_word' id='word_1_534' title='bbox 546 2586 624 2622; x_wconf 80' lang='lat' dir='ltr'>Rex,</span> <span class='ocrx_word' id='word_1_535' title='bbox 643 2586 729 2621; x_wconf 81' lang='lat' dir='ltr'>quam</span> <span class='ocrx_word' id='word_1_536' title='bbox 746 2583 939 2614; x_wconf 84' lang='lat' dir='ltr'>Sereniffimus</span> <span class='ocrx_word' id='word_1_537' title='bbox 948 2584 1083 2624; x_wconf 88' lang='lat' dir='ltr'>Princeps</span> <span class='ocrx_word' id='word_1_538' title='bbox 1091 2590 1228 2617; x_wconf 81' lang='lat' dir='ltr'>Scotorum</span> <span class='ocrx_word' id='word_1_539' title='bbox 1235 2590 1306 2626; x_wconf 83' lang='lat' dir='ltr'>Rex,</span> 
     </span>
     <span class='ocr_line' id='line_1_66' title="bbox 234 2621 1306 2664; baseline 0.005 -13"><span class='ocrx_word' id='word_1_540' title='bbox 234 2623 293 2659; x_wconf 79' lang='lat' dir='ltr'>ejus</span> <span class='ocrx_word' id='word_1_541' title='bbox 306 2621 558 2660; x_wconf 80' lang='lat' dir='ltr'>ConsanguineuS,</span> <span class='ocrx_word' id='word_1_542' title='bbox 574 2624 649 2652; x_wconf 86' lang='lat' dir='ltr'>bene</span> <span class='ocrx_word' id='word_1_543' title='bbox 672 2622 851 2653; x_wconf 83' lang='lat' dir='ltr'>considerant</span> <span class='ocrx_word' id='word_1_544' title='bbox 875 2625 908 2654; x_wconf 91' lang='lat'>&amp;</span> <span class='ocrx_word' id='word_1_545' title='bbox 923 2624 1119 2663; x_wconf 86' lang='lat' dir='ltr'>perpendunt,</span> <span class='ocrx_word' id='word_1_546' title='bbox 1138 2625 1237 2664; x_wconf 82' lang='lat' dir='ltr'>quod,</span> <span class='ocrx_word' id='word_1_547' title='bbox 1255 2627 1306 2657; x_wconf 84' lang='lat' dir='ltr'>nili</span> 
     </span>
     <span class='ocr_line' id='line_1_67' title="bbox 235 2660 1307 2700; baseline 0.005 -10"><span class='ocrx_word' id='word_1_548' title='bbox 235 2660 393 2699; x_wconf 66' lang='lat' dir='ltr'>supradicsta</span> <span class='ocrx_word' id='word_1_549' title='bbox 406 2662 505 2690; x_wconf 90' lang='lat' dir='ltr'>omnia</span> <span class='ocrx_word' id='word_1_550' title='bbox 522 2662 596 2690; x_wconf 87' lang='lat' dir='ltr'>bene</span> <span class='ocrx_word' id='word_1_551' title='bbox 614 2662 814 2692; x_wconf 82' lang='lat' dir='ltr'>conserventur</span> <span class='ocrx_word' id='word_1_552' title='bbox 832 2660 986 2692; x_wconf 80' lang='lat' dir='ltr'>efficaciter</span> <span class='ocrx_word' id='word_1_553' title='bbox 1005 2663 1037 2692; x_wconf 89' lang='lat'>&amp;</span> <span class='ocrx_word' id='word_1_554' title='bbox 1052 2666 1151 2694; x_wconf 76' lang='lat' dir='ltr'>votive</span> <span class='ocrx_word' id='word_1_555' title='bbox 1164 2665 1239 2700; x_wconf 80' lang='lat' dir='ltr'>juxta</span> <span class='ocrx_word' id='word_1_556' title='bbox 1254 2675 1307 2695; x_wconf 90' lang='lat' dir='ltr'>eo-</span> 
     </span>
     <span class='ocr_line' id='line_1_68' title="bbox 235 2699 1307 2738; baseline 0.006 -11"><span class='ocrx_word' id='word_1_557' title='bbox 235 2709 299 2728; x_wconf 76' lang='lat' dir='ltr'>rum</span> <span class='ocrx_word' id='word_1_558' title='bbox 314 2699 446 2730; x_wconf 81' lang='lat' dir='ltr'>desideria</span> <span class='ocrx_word' id='word_1_559' title='bbox 463 2709 512 2738; x_wconf 89' lang='lat' dir='ltr'>per</span> <span class='ocrx_word' id='word_1_560' title='bbox 527 2709 661 2737; x_wconf 77' lang='lat' dir='ltr'>magnam</span> <span class='ocrx_word' id='word_1_561' title='bbox 678 2700 866 2737; x_wconf 82' lang='lat' dir='ltr'>Diligentiam</span> <span class='ocrx_word' id='word_1_562' title='bbox 883 2699 1100 2737; x_wconf 82' lang='lat' dir='ltr'>Officiariorum</span> <span class='ocrx_word' id='word_1_563' title='bbox 1116 2704 1146 2732; x_wconf 93' lang='lat' dir='ltr'>in</span> <span class='ocrx_word' id='word_1_564' title='bbox 1157 2702 1307 2734; x_wconf 88' lang='lat' dir='ltr'>Puniendo</span> 
     </span>
     <span class='ocr_line' id='line_1_69' title="bbox 234 2737 1306 2779; baseline 0.003 -11"><span class='ocrx_word' id='word_1_565' title='bbox 234 2737 462 2778; x_wconf 78' lang='lat' dir='ltr'>Transgreffores</span> <span class='ocrx_word' id='word_1_566' title='bbox 476 2737 614 2776; x_wconf 84' lang='lat' dir='ltr'>quossibet</span> <span class='ocrx_word' id='word_1_567' title='bbox 630 2748 682 2776; x_wconf 86' lang='lat' dir='ltr'>pro</span> <span class='ocrx_word' id='word_1_568' title='bbox 702 2739 833 2777; x_wconf 76' lang='lat' dir='ltr'>qualitate</span> <span class='ocrx_word' id='word_1_569' title='bbox 852 2738 1055 2778; x_wconf 69' lang='lat' dir='ltr'>Deuetorum,</span> <span class='ocrx_word' id='word_1_570' title='bbox 1072 2742 1237 2779; x_wconf 85' lang='lat' dir='ltr'>contingere</span> <span class='ocrx_word' id='word_1_571' title='bbox 1253 2752 1306 2779; x_wconf 91' lang='lat' dir='ltr'>po-</span> 
     </span>
     <span class='ocr_line' id='line_1_70' title="bbox 235 2776 1307 2816; baseline 0.005 -10"><span class='ocrx_word' id='word_1_572' title='bbox 235 2778 299 2806; x_wconf 85' lang='lat' dir='ltr'>terit</span> <span class='ocrx_word' id='word_1_573' title='bbox 315 2776 387 2808; x_wconf 77' lang='lat' dir='ltr'>infra</span> <span class='ocrx_word' id='word_1_574' title='bbox 401 2777 506 2814; x_wconf 87' lang='lat' dir='ltr'>breve,</span> <span class='ocrx_word' id='word_1_575' title='bbox 522 2786 637 2816; x_wconf 89' lang='lat' dir='ltr'>propter</span> <span class='ocrx_word' id='word_1_576' title='bbox 653 2776 836 2807; x_wconf 76' lang='lat' dir='ltr'>insolentiam</span> <span class='ocrx_word' id='word_1_577' title='bbox 860 2778 893 2807; x_wconf 91' lang='lat'>&amp;</span> <span class='ocrx_word' id='word_1_578' title='bbox 912 2777 1122 2809; x_wconf 76' lang='lat' dir='ltr'>lneffiaenatam</span> <span class='ocrx_word' id='word_1_579' title='bbox 1142 2779 1307 2811; x_wconf 86' lang='lat' dir='ltr'>Multitudi-</span> 
     </span>
     <span class='ocr_line' id='line_1_71' title="bbox 236 2815 1305 2858; baseline 0.006 -15"><span class='ocrx_word' id='word_1_580' title='bbox 236 2824 305 2844; x_wconf 83' lang='lat' dir='ltr'>nem</span> <span class='ocrx_word' id='word_1_581' title='bbox 319 2815 575 2854; x_wconf 88' lang='lat' dir='ltr'>Delinquentium,</span> <span class='ocrx_word' id='word_1_582' title='bbox 591 2816 879 2855; x_wconf 75' lang='lat' dir='ltr'>praediCtasTreugas</span> <span class='ocrx_word' id='word_1_583' title='bbox 896 2816 1088 2856; x_wconf 86' lang='lat' dir='ltr'>multipliciter</span> <span class='ocrx_word' id='word_1_584' title='bbox 1105 2818 1305 2858; x_wconf 85' lang='lat' dir='ltr'>violari,quod</span> 
     </span>
     <span class='ocr_line' id='line_1_72' title="bbox 236 2853 1308 2893; baseline 0.006 -11"><span class='ocrx_word' id='word_1_585' title='bbox 236 2853 323 2890; x_wconf 80' lang='lat' dir='ltr'>abfit;</span> <span class='ocrx_word' id='word_1_586' title='bbox 345 2853 460 2885; x_wconf 88' lang='lat' dir='ltr'>Idcirco</span> <span class='ocrx_word' id='word_1_587' title='bbox 487 2855 741 2893; x_wconf 57' lang='lat' dir='ltr'>Appunciuatum,</span> <span class='ocrx_word' id='word_1_588' title='bbox 765 2854 986 2885; x_wconf 88' lang='lat' dir='ltr'>Concordatum</span> <span class='ocrx_word' id='word_1_589' title='bbox 1011 2855 1045 2885; x_wconf 88' lang='lat'>&amp;</span> <span class='ocrx_word' id='word_1_590' title='bbox 1068 2855 1247 2887; x_wconf 88' lang='lat' dir='ltr'>Conclusum</span> <span class='ocrx_word' id='word_1_591' title='bbox 1266 2858 1308 2888; x_wconf 91' lang='lat' dir='ltr'>est</span> 
     </span>
     <span class='ocr_line' id='line_1_73' title="bbox 237 2893 1308 2932; baseline 0.006 -10"><span class='ocrx_word' id='word_1_592' title='bbox 237 2893 338 2929; x_wconf 71' lang='lat' dir='ltr'>quod,</span> <span class='ocrx_word' id='word_1_593' title='bbox 357 2893 598 2932; x_wconf 74' lang='lat' dir='ltr'>quandocumque</span> <span class='ocrx_word' id='word_1_594' title='bbox 613 2894 711 2932; x_wconf 80' lang='lat' dir='ltr'>aliquis</span> <span class='ocrx_word' id='word_1_595' title='bbox 729 2894 844 2932; x_wconf 80' lang='lat' dir='ltr'>Regum</span> <span class='ocrx_word' id='word_1_596' title='bbox 863 2893 1067 2932; x_wconf 59' lang='lat' dir='ltr'>praedictorum</span> <span class='ocrx_word' id='word_1_597' title='bbox 1089 2895 1199 2927; x_wconf 84' lang='lat' dir='ltr'>senserit</span> <span class='ocrx_word' id='word_1_598' title='bbox 1220 2897 1244 2928; x_wconf 90' lang='lat' dir='ltr'>se</span> <span class='ocrx_word' id='word_1_599' title='bbox 1259 2906 1308 2928; x_wconf 80' lang='lat' dir='ltr'>aut</span> 
     </span>
     <span class='ocr_line' id='line_1_74' title="bbox 236 2931 1306 2973; baseline 0.004 -13"><span class='ocrx_word' id='word_1_600' title='bbox 236 2931 316 2968; x_wconf 78' lang='lat' dir='ltr'>suos,</span> <span class='ocrx_word' id='word_1_601' title='bbox 332 2939 432 2961; x_wconf 90' lang='lat' dir='ltr'>contra</span> <span class='ocrx_word' id='word_1_602' title='bbox 446 2931 571 2963; x_wconf 88' lang='lat' dir='ltr'>formam</span> <span class='ocrx_word' id='word_1_603' title='bbox 584 2933 725 2963; x_wconf 67' lang='lat' dir='ltr'>dictarum</span> <span class='ocrx_word' id='word_1_604' title='bbox 741 2932 926 2969; x_wconf 78' lang='lat' dir='ltr'>Trcugartlm</span> <span class='ocrx_word' id='word_1_605' title='bbox 938 2956 947 2971; x_wconf 89' lang='lat'>,</span> <span class='ocrx_word' id='word_1_606' title='bbox 968 2932 1161 2971; x_wconf 78' lang='lat' dir='ltr'>Aggravatum</span> <span class='ocrx_word' id='word_1_607' title='bbox 1175 2935 1220 2964; x_wconf 90' lang='lat' dir='ltr'>vel</span> <span class='ocrx_word' id='word_1_608' title='bbox 1244 2936 1306 2973; x_wconf 69' lang='lat' dir='ltr'>Ag-</span> 
     </span>
     <span class='ocr_line' id='line_1_75' title="bbox 236 2970 1307 3013; baseline 0.006 -15"><span class='ocrx_word' id='word_1_609' title='bbox 236 2977 384 3007; x_wconf 82' lang='lat' dir='ltr'>gravatos,</span> <span class='ocrx_word' id='word_1_610' title='bbox 402 2971 431 2999; x_wconf 87' lang='lat' dir='ltr'>in</span> <span class='ocrx_word' id='word_1_611' title='bbox 445 2970 561 3001; x_wconf 71' lang='lat' dir='ltr'>defec&#39;tu</span> <span class='ocrx_word' id='word_1_612' title='bbox 576 2970 759 3001; x_wconf 85' lang='lat' dir='ltr'>Executionis</span> <span class='ocrx_word' id='word_1_613' title='bbox 769 2971 890 3010; x_wconf 85' lang='lat' dir='ltr'>Justitiae</span> <span class='ocrx_word' id='word_1_614' title='bbox 905 2972 940 3001; x_wconf 88' lang='lat' dir='ltr'>ab</span> <span class='ocrx_word' id='word_1_615' title='bbox 951 2971 1034 3002; x_wconf 79' lang='lat' dir='ltr'>altera</span> <span class='ocrx_word' id='word_1_616' title='bbox 1042 2972 1124 3002; x_wconf 76' lang='lat' dir='ltr'>Parte</span> <span class='ocrx_word' id='word_1_617' title='bbox 1138 2983 1198 3003; x_wconf 91' lang='lat' dir='ltr'>non</span> <span class='ocrx_word' id='word_1_618' title='bbox 1212 2974 1307 3013; x_wconf 65' lang='lat' dir='ltr'>saetae,</span> 
     </span>
     <span class='ocr_line' id='line_1_76' title="bbox 237 3008 1306 3050; baseline 0.005 -12"><span class='ocrx_word' id='word_1_619' title='bbox 237 3008 394 3048; x_wconf 73' lang='lat' dir='ltr'>Princeps,</span> <span class='ocrx_word' id='word_1_620' title='bbox 411 3008 438 3039; x_wconf 90' lang='lat' dir='ltr'>se</span> <span class='ocrx_word' id='word_1_621' title='bbox 452 3009 540 3039; x_wconf 84' lang='lat' dir='ltr'>taliter</span> <span class='ocrx_word' id='word_1_622' title='bbox 553 3019 599 3040; x_wconf 92' lang='lat' dir='ltr'>aut</span> <span class='ocrx_word' id='word_1_623' title='bbox 616 3011 678 3040; x_wconf 89' lang='lat' dir='ltr'>suos</span> <span class='ocrx_word' id='word_1_624' title='bbox 689 3010 809 3040; x_wconf 86' lang='lat' dir='ltr'>sentiens</span> <span class='ocrx_word' id='word_1_625' title='bbox 827 3009 943 3040; x_wconf 88' lang='lat' dir='ltr'>Laesum</span> <span class='ocrx_word' id='word_1_626' title='bbox 962 3020 1010 3041; x_wconf 86' lang='lat' dir='ltr'>aut</span> <span class='ocrx_word' id='word_1_627' title='bbox 1026 3010 1120 3042; x_wconf 80' lang='lat' dir='ltr'>Laesos</span> <span class='ocrx_word' id='word_1_628' title='bbox 1133 3036 1141 3050; x_wconf 83' lang='lat'>,</span> <span class='ocrx_word' id='word_1_629' title='bbox 1158 3022 1207 3049; x_wconf 89' lang='lat' dir='ltr'>per</span> <span class='ocrx_word' id='word_1_630' title='bbox 1216 3023 1306 3043; x_wconf 88' lang='lat' dir='ltr'>unum</span> 
     </span>
     <span class='ocr_line' id='line_1_77' title="bbox 237 3046 1308 3084; baseline 0.005 -7"><span class='ocrx_word' id='word_1_631' title='bbox 237 3046 414 3084; x_wconf 83' lang='lat' dir='ltr'>Heraldum‚</span> <span class='ocrx_word' id='word_1_632' title='bbox 429 3056 476 3077; x_wconf 87' lang='lat' dir='ltr'>aut</span> <span class='ocrx_word' id='word_1_633' title='bbox 490 3047 577 3077; x_wconf 82' lang='lat' dir='ltr'>alium</span> <span class='ocrx_word' id='word_1_634' title='bbox 593 3048 749 3079; x_wconf 66' lang='lat' dir='ltr'>Nunciim</span> <span class='ocrx_word' id='word_1_635' title='bbox 769 3049 884 3079; x_wconf 74' lang='lat' dir='ltr'>avisabit</span> <span class='ocrx_word' id='word_1_636' title='bbox 907 3049 940 3079; x_wconf 93' lang='lat'>&amp;</span> <span class='ocrx_word' id='word_1_637' title='bbox 956 3049 1120 3081; x_wconf 82' lang='lat' dir='ltr'>informabit</span> <span class='ocrx_word' id='word_1_638' title='bbox 1141 3051 1226 3081; x_wconf 79' lang='lat' dir='ltr'>alium</span> <span class='ocrx_word' id='word_1_639' title='bbox 1246 3052 1308 3082; x_wconf 87' lang='lat' dir='ltr'>Re-</span> 
     </span>
     <span class='ocr_line' id='line_1_78' title="bbox 239 3085 1308 3128; baseline 0.005 -13"><span class='ocrx_word' id='word_1_640' title='bbox 239 3095 324 3124; x_wconf 80' lang='lat' dir='ltr'>gem,</span> <span class='ocrx_word' id='word_1_641' title='bbox 343 3085 426 3124; x_wconf 79' lang='lat' dir='ltr'>quod</span> <span class='ocrx_word' id='word_1_642' title='bbox 441 3095 492 3124; x_wconf 89' lang='lat' dir='ltr'>per</span> <span class='ocrx_word' id='word_1_643' title='bbox 505 3085 667 3117; x_wconf 84' lang='lat' dir='ltr'>Officiarios</span> <span class='ocrx_word' id='word_1_644' title='bbox 681 3088 741 3117; x_wconf 81' lang='lat' dir='ltr'>suos</span> <span class='ocrx_word' id='word_1_645' title='bbox 755 3088 867 3117; x_wconf 87' lang='lat' dir='ltr'>nullum</span> <span class='ocrx_word' id='word_1_646' title='bbox 879 3096 995 3118; x_wconf 85' lang='lat' dir='ltr'>autnon</span> <span class='ocrx_word' id='word_1_647' title='bbox 1012 3088 1140 3119; x_wconf 89' lang='lat' dir='ltr'>debiturn</span> <span class='ocrx_word' id='word_1_648' title='bbox 1155 3091 1261 3128; x_wconf 87' lang='lat' dir='ltr'>porerit</span> <span class='ocrx_word' id='word_1_649' title='bbox 1271 3091 1308 3123; x_wconf 90' lang='lat' dir='ltr'>de</span> 
     </span>
     <span class='ocr_line' id='line_1_79' title="bbox 239 3123 1309 3167; baseline 0.006 -13"><span class='ocrx_word' id='word_1_650' title='bbox 239 3125 292 3154; x_wconf 86' lang='lat' dir='ltr'>suis</span> <span class='ocrx_word' id='word_1_651' title='bbox 307 3123 559 3164; x_wconf 85' lang='lat' dir='ltr'>Conquerentibus</span> <span class='ocrx_word' id='word_1_652' title='bbox 573 3125 806 3164; x_wconf 79' lang='lat' dir='ltr'>haberejustitiae</span> <span class='ocrx_word' id='word_1_653' title='bbox 821 3126 1088 3167; x_wconf 71' lang='lat' dir='ltr'>complementum,</span> <span class='ocrx_word' id='word_1_654' title='bbox 1106 3129 1135 3158; x_wconf 90' lang='lat' dir='ltr'>in</span> <span class='ocrx_word' id='word_1_655' title='bbox 1158 3138 1217 3167; x_wconf 88' lang='lat' dir='ltr'>quo</span> <span class='ocrx_word' id='word_1_656' title='bbox 1235 3128 1309 3160; x_wconf 84' lang='lat' dir='ltr'>Casu</span> 
     </span>
     <span class='ocr_line' id='line_1_80' title="bbox 241 3162 1309 3205; baseline 0.004 -11"><span class='ocrx_word' id='word_1_657' title='bbox 241 3162 326 3201; x_wconf 83' lang='lat' dir='ltr'>Rex,</span> <span class='ocrx_word' id='word_1_658' title='bbox 343 3163 382 3194; x_wconf 82' lang='lat' dir='ltr'>sic</span> <span class='ocrx_word' id='word_1_659' title='bbox 406 3164 572 3194; x_wconf 84' lang='lat' dir='ltr'>informatus</span> <span class='ocrx_word' id='word_1_660' title='bbox 593 3164 626 3193; x_wconf 91' lang='lat'>&amp;</span> <span class='ocrx_word' id='word_1_661' title='bbox 648 3166 695 3193; x_wconf 91' lang='lat' dir='ltr'>cui</span> <span class='ocrx_word' id='word_1_662' title='bbox 718 3164 776 3194; x_wconf 86' lang='lat' dir='ltr'>talis</span> <span class='ocrx_word' id='word_1_663' title='bbox 795 3163 978 3202; x_wconf 89' lang='lat' dir='ltr'>Conquestio</span> <span class='ocrx_word' id='word_1_664' title='bbox 999 3167 1073 3196; x_wconf 67' lang='lat' dir='ltr'>faeta</span> <span class='ocrx_word' id='word_1_665' title='bbox 1097 3167 1144 3205; x_wconf 81' lang='lat' dir='ltr'>fit,</span> <span class='ocrx_word' id='word_1_666' title='bbox 1159 3169 1309 3205; x_wconf 81' lang='lat' dir='ltr'>quamcito</span> 
     </span>
     <span class='ocr_line' id='line_1_81' title="bbox 243 3201 1311 3243; baseline 0.006 -12"><span class='ocrx_word' id='word_1_667' title='bbox 243 3202 404 3232; x_wconf 84' lang='lat' dir='ltr'>commode</span> <span class='ocrx_word' id='word_1_668' title='bbox 455 3203 520 3232; x_wconf 86' lang='lat' dir='ltr'>terit</span> <span class='ocrx_word' id='word_1_669' title='bbox 559 3202 602 3231; x_wconf 88' lang='lat' dir='ltr'>bis</span> <span class='ocrx_word' id='word_1_670' title='bbox 616 3202 664 3232; x_wconf 90' lang='lat' dir='ltr'>vel</span> <span class='ocrx_word' id='word_1_671' title='bbox 678 3201 712 3232; x_wconf 87' lang='lat' dir='ltr'>ad</span> <span class='ocrx_word' id='word_1_672' title='bbox 732 3204 825 3232; x_wconf 85' lang='lat' dir='ltr'>minus</span> <span class='ocrx_word' id='word_1_673' title='bbox 844 3204 928 3233; x_wconf 89' lang='lat' dir='ltr'>semel</span> <span class='ocrx_word' id='word_1_674' title='bbox 949 3206 979 3233; x_wconf 90' lang='lat' dir='ltr'>iri</span> <span class='ocrx_word' id='word_1_675' title='bbox 994 3205 1100 3243; x_wconf 85' lang='lat' dir='ltr'>Anno,</span> <span class='ocrx_word' id='word_1_676' title='bbox 1121 3207 1216 3237; x_wconf 88' lang='lat' dir='ltr'>mittet</span> <span class='ocrx_word' id='word_1_677' title='bbox 1235 3206 1311 3237; x_wconf 85' lang='lat' dir='ltr'>Tres</span> 
     </span>
     <span class='ocr_line' id='line_1_82' title="bbox 241 3224 1311 3285; baseline 0.006 -15"><span class='ocrx_word' id='word_1_678' title='bbox 241 3249 288 3271; x_wconf 85' lang='lat' dir='ltr'>aut</span> <span class='ocrx_word' id='word_1_679' title='bbox 303 3240 388 3271; x_wconf 91' lang='lat' dir='ltr'>Duos</span> <span class='ocrx_word' id='word_1_680' title='bbox 421 3251 437 3271; x_wconf 89' lang='lat' dir='ltr'>e</span> <span class='ocrx_word' id='word_1_681' title='bbox 448 3241 498 3271; x_wconf 91' lang='lat' dir='ltr'>suo</span> <span class='ocrx_word' id='word_1_682' title='bbox 512 3224 666 3284; x_wconf 56' lang='lat' dir='ltr'>Concilio,</span> <span class='ocrx_word' id='word_1_683' title='bbox 680 3240 803 3279; x_wconf 81' lang='lat' dir='ltr'>Justitiae</span> <span class='ocrx_word' id='word_1_684' title='bbox 822 3241 943 3285; x_wconf 75' lang='lat' dir='ltr'>&amp;Pacis</span> <span class='ocrx_word' id='word_1_685' title='bbox 954 3242 1118 3281; x_wconf 82' lang='lat' dir='ltr'>Amatores,</span> <span class='ocrx_word' id='word_1_686' title='bbox 1135 3244 1170 3274; x_wconf 90' lang='lat' dir='ltr'>ad</span> <span class='ocrx_word' id='word_1_687' title='bbox 1185 3245 1311 3283; x_wconf 86' lang='lat' dir='ltr'>aliquem</span> 
     </span>
     <span class='ocr_line' id='line_1_83' title="bbox 240 3278 1310 3317; baseline 0.006 -9"><span class='ocrx_word' id='word_1_688' title='bbox 240 3279 340 3309; x_wconf 86' lang='lat' dir='ltr'>iocum</span> <span class='ocrx_word' id='word_1_689' title='bbox 361 3280 625 3311; x_wconf 84' lang='lat' dir='ltr'>convenientiorem</span> <span class='ocrx_word' id='word_1_690' title='bbox 641 3289 693 3316; x_wconf 91' lang='lat' dir='ltr'>pro</span> <span class='ocrx_word' id='word_1_691' title='bbox 716 3301 730 3308; x_wconf 63' lang='lat' dir='ltr'>e</span> <span class='ocrx_word' id='word_1_692' title='bbox 745 3278 904 3317; x_wconf 66' lang='lat' dir='ltr'>Mammas,</span> <span class='ocrx_word' id='word_1_693' title='bbox 923 3281 1087 3311; x_wconf 86' lang='lat' dir='ltr'>obviaturos</span> <span class='ocrx_word' id='word_1_694' title='bbox 1101 3283 1222 3313; x_wconf 88' lang='lat' dir='ltr'>totidem</span> <span class='ocrx_word' id='word_1_695' title='bbox 1237 3293 1310 3314; x_wconf 90' lang='lat' dir='ltr'>con-</span> 
     </span>
     <span class='ocr_line' id='line_1_84' title="bbox 242 3316 1312 3356; baseline 0.006 -10"><span class='ocrx_word' id='word_1_696' title='bbox 242 3317 376 3348; x_wconf 74' lang='lat' dir='ltr'>limilibus</span> <span class='ocrx_word' id='word_1_697' title='bbox 389 3318 426 3349; x_wconf 86' lang='lat' dir='ltr'>de</span> <span class='ocrx_word' id='word_1_698' title='bbox 441 3316 578 3349; x_wconf 87' lang='lat' dir='ltr'>Concilio</span> <span class='ocrx_word' id='word_1_699' title='bbox 589 3317 675 3356; x_wconf 86' lang='lat' dir='ltr'>Regis</span> <span class='ocrx_word' id='word_1_700' title='bbox 735 3320 914 3356; x_wconf 84' lang='lat' dir='ltr'>nquerentis,</span> <span class='ocrx_word' id='word_1_701' title='bbox 931 3329 999 3350; x_wconf 89' lang='lat' dir='ltr'>cum</span> <span class='ocrx_word' id='word_1_702' title='bbox 1016 3318 1162 3351; x_wconf 76' lang='lat' dir='ltr'>Potestate</span> <span class='ocrx_word' id='word_1_703' title='bbox 1171 3320 1312 3352; x_wconf 89' lang='lat' dir='ltr'>sufficien-</span> 
     </span>
     <span class='ocr_line' id='line_1_85' title="bbox 243 3355 1313 3398; baseline 0.006 -14"><span class='ocrx_word' id='word_1_704' title='bbox 243 3357 264 3385; x_wconf 90' lang='lat' dir='ltr'>ti</span> <span class='ocrx_word' id='word_1_705' title='bbox 280 3365 408 3387; x_wconf 85' lang='lat' dir='ltr'>oneratos</span> <span class='ocrx_word' id='word_1_706' title='bbox 418 3380 428 3395; x_wconf 89' lang='lat'>‚</span> <span class='ocrx_word' id='word_1_707' title='bbox 447 3366 506 3387; x_wconf 90' lang='lat' dir='ltr'>non</span> <span class='ocrx_word' id='word_1_708' title='bbox 519 3357 632 3388; x_wconf 76' lang='lat' dir='ltr'>tantum</span> <span class='ocrx_word' id='word_1_709' title='bbox 645 3356 680 3386; x_wconf 92' lang='lat' dir='ltr'>ad</span> <span class='ocrx_word' id='word_1_710' title='bbox 695 3355 874 3387; x_wconf 88' lang='lat' dir='ltr'>Punienduni</span> <span class='ocrx_word' id='word_1_711' title='bbox 890 3356 1096 3396; x_wconf 87' lang='lat' dir='ltr'>Delinquentes</span> <span class='ocrx_word' id='word_1_712' title='bbox 1114 3358 1194 3395; x_wconf 89' lang='lat' dir='ltr'>super</span> <span class='ocrx_word' id='word_1_713' title='bbox 1210 3361 1313 3398; x_wconf 91' lang='lat' dir='ltr'>quibus</span> 
     </span>
     <span class='ocr_line' id='line_1_86' title="bbox 246 3394 1313 3435; baseline 0.006 -13"><span class='ocrx_word' id='word_1_714' title='bbox 246 3397 430 3431; x_wconf 85' lang='lat' dir='ltr'>conqueritur</span> <span class='ocrx_word' id='word_1_715' title='bbox 445 3397 524 3433; x_wconf 73' lang='lat' dir='ltr'>justa</span> <span class='ocrx_word' id='word_1_716' title='bbox 540 3395 700 3435; x_wconf 85' lang='lat' dir='ltr'>qualitatem</span> <span class='ocrx_word' id='word_1_717' title='bbox 721 3394 849 3432; x_wconf 65' lang='lat' dir='ltr'>Defieri,</span> <span class='ocrx_word' id='word_1_718' title='bbox 874 3395 975 3424; x_wconf 78' lang='lat' dir='ltr'>verum</span> <span class='ocrx_word' id='word_1_719' title='bbox 998 3397 1083 3425; x_wconf 90' lang='lat' dir='ltr'>etiarn</span> <span class='ocrx_word' id='word_1_720' title='bbox 1107 3396 1141 3426; x_wconf 91' lang='lat' dir='ltr'>ad</span> <span class='ocrx_word' id='word_1_721' title='bbox 1162 3396 1313 3435; x_wconf 85' lang='lat' dir='ltr'>Inquiren-</span> 
     </span>
     <span class='ocr_line' id='line_1_87' title="bbox 245 3431 1315 3472; baseline 0.005 -11"><span class='ocrx_word' id='word_1_722' title='bbox 245 3431 331 3469; x_wconf 88' lang='lat' dir='ltr'>dum,</span> <span class='ocrx_word' id='word_1_723' title='bbox 348 3432 594 3472; x_wconf 77' lang='lat' dir='ltr'>Examinandum‚</span> <span class='ocrx_word' id='word_1_724' title='bbox 611 3434 645 3465; x_wconf 88' lang='lat'>&amp;</span> <span class='ocrx_word' id='word_1_725' title='bbox 657 3433 691 3464; x_wconf 85' lang='lat' dir='ltr'>ad</span> <span class='ocrx_word' id='word_1_726' title='bbox 706 3432 936 3471; x_wconf 74' lang='lat' dir='ltr'>investigandum</span> <span class='ocrx_word' id='word_1_727' title='bbox 956 3434 973 3464; x_wconf 90' lang='lat' dir='ltr'>si</span> <span class='ocrx_word' id='word_1_728' title='bbox 989 3433 1210 3465; x_wconf 88' lang='lat' dir='ltr'>Conservatores</span> <span class='ocrx_word' id='word_1_729' title='bbox 1224 3436 1315 3466; x_wconf 54' lang='lat' dir='ltr'>diera-</span> 
     </span>
     <span class='ocr_line' id='line_1_88' title="bbox 246 3470 1314 3512; baseline 0.004 -12"><span class='ocrx_word' id='word_1_730' title='bbox 246 3479 312 3500; x_wconf 85' lang='lat' dir='ltr'>rum</span> <span class='ocrx_word' id='word_1_731' title='bbox 328 3470 523 3510; x_wconf 78' lang='lat' dir='ltr'>Treugarum,</span> <span class='ocrx_word' id='word_1_732' title='bbox 542 3471 901 3508; x_wconf 84' lang='lat' dir='ltr'>GardianiMarcbiarum,</span> <span class='ocrx_word' id='word_1_733' title='bbox 921 3472 965 3501; x_wconf 89' lang='lat' dir='ltr'>vel</span> <span class='ocrx_word' id='word_1_734' title='bbox 978 3482 1081 3503; x_wconf 90' lang='lat' dir='ltr'>eorum</span> <span class='ocrx_word' id='word_1_735' title='bbox 1096 3473 1314 3512; x_wconf 70' lang='lat' dir='ltr'>Locatenentes,</span> 
     </span>
     <span class='ocr_line' id='line_1_89' title="bbox 245 3507 1313 3550; baseline 0.003 -10"><span class='ocrx_word' id='word_1_736' title='bbox 245 3517 296 3540; x_wconf 82' lang='lat' dir='ltr'>aut</span> <span class='ocrx_word' id='word_1_737' title='bbox 308 3507 444 3545; x_wconf 77' lang='lat' dir='ltr'>Deputati</span> <span class='ocrx_word' id='word_1_738' title='bbox 455 3534 464 3548; x_wconf 97' lang='lat'>,</span> <span class='ocrx_word' id='word_1_739' title='bbox 483 3511 671 3550; x_wconf 82' lang='lat' dir='ltr'>Negligentes</span> <span class='ocrx_word' id='word_1_740' title='bbox 683 3510 805 3549; x_wconf 87' lang='lat' dir='ltr'>fuerint,</span> <span class='ocrx_word' id='word_1_741' title='bbox 823 3520 869 3540; x_wconf 88' lang='lat' dir='ltr'>aut</span> <span class='ocrx_word' id='word_1_742' title='bbox 885 3510 1010 3540; x_wconf 88' lang='lat' dir='ltr'>Remissi</span> <span class='ocrx_word' id='word_1_743' title='bbox 1025 3513 1054 3541; x_wconf 89' lang='lat' dir='ltr'>in</span> <span class='ocrx_word' id='word_1_744' title='bbox 1070 3511 1250 3542; x_wconf 78' lang='lat' dir='ltr'>Executione</span> <span class='ocrx_word' id='word_1_745' title='bbox 1259 3512 1313 3550; x_wconf 90' lang='lat' dir='ltr'>Ju-</span> 
     </span>
     <span class='ocr_line' id='line_1_90' title="bbox 247 3547 1314 3589; baseline 0.002 -10"><span class='ocrx_word' id='word_1_746' title='bbox 247 3548 332 3579; x_wconf 79' lang='lat' dir='ltr'>stitiae</span> <span class='ocrx_word' id='word_1_747' title='bbox 356 3547 482 3578; x_wconf 86' lang='lat' dir='ltr'>Partibus</span> <span class='ocrx_word' id='word_1_748' title='bbox 505 3550 776 3589; x_wconf 78' lang='lat' dir='ltr'>Conquerentibus3</span> <span class='ocrx_word' id='word_1_749' title='bbox 794 3559 865 3587; x_wconf 88' lang='lat' dir='ltr'>quos</span> <span class='ocrx_word' id='word_1_750' title='bbox 891 3551 975 3580; x_wconf 90' lang='lat' dir='ltr'>etiam</span> <span class='ocrx_word' id='word_1_751' title='bbox 1001 3549 1126 3588; x_wconf 80' lang='lat' dir='ltr'>Punite,</span> <span class='ocrx_word' id='word_1_752' title='bbox 1143 3550 1314 3589; x_wconf 84' lang='lat' dir='ltr'>Corrigere,</span> 
     </span>
     <span class='ocr_line' id='line_1_91' title="bbox 248 3585 1315 3628; baseline 0.002 -10"><span class='ocrx_word' id='word_1_753' title='bbox 248 3588 283 3618; x_wconf 85' lang='lat'>&amp;</span> <span class='ocrx_word' id='word_1_754' title='bbox 307 3585 466 3616; x_wconf 86' lang='lat' dir='ltr'>Emendare</span> <span class='ocrx_word' id='word_1_755' title='bbox 486 3587 621 3626; x_wconf 79' lang='lat' dir='ltr'>habeant,</span> <span class='ocrx_word' id='word_1_756' title='bbox 639 3589 659 3618; x_wconf 91' lang='lat' dir='ltr'>si</span> <span class='ocrx_word' id='word_1_757' title='bbox 687 3597 735 3628; x_wconf 89' lang='lat' dir='ltr'>per</span> <span class='ocrx_word' id='word_1_758' title='bbox 757 3588 842 3618; x_wconf 81' lang='lat' dir='ltr'>talem</span> <span class='ocrx_word' id='word_1_759' title='bbox 864 3587 1098 3626; x_wconf 82' lang='lat' dir='ltr'>Inquilitionem,</span> <span class='ocrx_word' id='word_1_760' title='bbox 1121 3588 1315 3620; x_wconf 81' lang='lat' dir='ltr'>Examinatio-</span> 
     </span>
     <span class='ocr_line' id='line_1_92' title="bbox 245 3623 1314 3706; baseline 0.004 -13"><span class='ocrx_word' id='word_1_761' title='bbox 245 3635 315 3693; x_wconf 50' lang='lat'>¹¹⁶?</span> <span class='ocrx_word' id='word_1_762' title='bbox 323 3623 654 3695; x_wconf 46' lang='lat' dir='ltr'>kffiffssefigiwffffo</span> <span class='ocrx_word' id='word_1_763' title='bbox 661 3626 820 3697; x_wconf 43' lang='grc' dir='ltr'>ἓῖἷῗέἳίἓ</span> <span class='ocrx_word' id='word_1_764' title='bbox 830 3626 1314 3706; x_wconf 40' lang='lat' dir='ltr'>fflssiffi?‘giges-{imissa</span> 
     </span>
    </p>

    <p class='ocr_par' dir='ltr' id='par_1_15' title="bbox 249 3685 1318 4129">
     <span class='ocr_line' id='line_1_93' title="bbox 548 3685 557 3700; baseline 0 0"><span class='ocrx_word' id='word_1_765' title='bbox 548 3685 557 3700; x_wconf 59' lang='grc' dir='ltr'>θ</span> 
     </span>
     <span class='ocr_line' id='line_1_94' title="bbox 252 3702 1314 3743; baseline 0.002 -11"><span class='ocrx_word' id='word_1_766' title='bbox 252 3702 439 3732; x_wconf 83' lang='lat' dir='ltr'>observentur</span> <span class='ocrx_word' id='word_1_767' title='bbox 449 3723 459 3739; x_wconf 81' lang='grc'>,</span> <span class='ocrx_word' id='word_1_768' title='bbox 475 3711 535 3739; x_wconf 89' lang='lat' dir='ltr'>quo</span> <span class='ocrx_word' id='word_1_769' title='bbox 543 3702 625 3732; x_wconf 88' lang='lat' dir='ltr'>bonis</span> <span class='ocrx_word' id='word_1_770' title='bbox 638 3702 852 3734; x_wconf 84' lang='lat' dir='ltr'>Provisionibus</span> <span class='ocrx_word' id='word_1_771' title='bbox 865 3705 969 3734; x_wconf 77' lang='lat' dir='ltr'>fueii&#39;iit</span> <span class='ocrx_word' id='word_1_772' title='bbox 980 3705 1141 3743; x_wconf 83' lang='lat' dir='ltr'>roboratae,</span> <span class='ocrx_word' id='word_1_773' title='bbox 1159 3704 1314 3735; x_wconf 86' lang='lat' dir='ltr'>similimo-</span> 
     </span>
     <span class='ocr_line' id='line_1_95' title="bbox 250 3739 1314 3785; baseline 0.004 -15"><span class='ocrx_word' id='word_1_774' title='bbox 250 3741 290 3770; x_wconf 92' lang='lat' dir='ltr'>do</span> <span class='ocrx_word' id='word_1_775' title='bbox 305 3740 478 3771; x_wconf 89' lang='lat' dir='ltr'>Ordinatum</span> <span class='ocrx_word' id='word_1_776' title='bbox 492 3740 526 3771; x_wconf 86' lang='lat'>&amp;</span> <span class='ocrx_word' id='word_1_777' title='bbox 544 3739 721 3784; x_wconf 80' lang='lat' dir='ltr'>Conclusum</span> <span class='ocrx_word' id='word_1_778' title='bbox 737 3743 779 3773; x_wconf 89' lang='lat' dir='ltr'>est</span> <span class='ocrx_word' id='word_1_779' title='bbox 794 3743 874 3781; x_wconf 79' lang='lat' dir='ltr'>quocl</span> <span class='ocrx_word' id='word_1_780' title='bbox 889 3753 993 3785; x_wconf 79' lang='lat' dir='ltr'>omnes</span> <span class='ocrx_word' id='word_1_781' title='bbox 1013 3744 1047 3774; x_wconf 88' lang='lat'>&amp;</span> <span class='ocrx_word' id='word_1_782' title='bbox 1063 3743 1160 3782; x_wconf 83' lang='lat' dir='ltr'>singuli</span> <span class='ocrx_word' id='word_1_783' title='bbox 1176 3742 1314 3774; x_wconf 87' lang='lat' dir='ltr'>Gardiani</span> 
     </span>
     <span class='ocr_line' id='line_1_96' title="bbox 249 3778 1315 3819; baseline 0.003 -10"><span class='ocrx_word' id='word_1_784' title='bbox 249 3778 462 3817; x_wconf 84' lang='lat' dir='ltr'>Marchiarum‚</span> <span class='ocrx_word' id='word_1_785' title='bbox 478 3788 560 3809; x_wconf 83' lang='lat' dir='ltr'>unius</span> <span class='ocrx_word' id='word_1_786' title='bbox 576 3778 662 3808; x_wconf 70' lang='lat' dir='ltr'>Partis</span> <span class='ocrx_word' id='word_1_787' title='bbox 676 3782 709 3809; x_wconf 85' lang='lat'>&amp;</span> <span class='ocrx_word' id='word_1_788' title='bbox 724 3782 832 3811; x_wconf 84' lang='lat' dir='ltr'>alterius</span> <span class='ocrx_word' id='word_1_789' title='bbox 842 3806 851 3817; x_wconf 91' lang='lat'>,</span> <span class='ocrx_word' id='word_1_790' title='bbox 871 3786 1017 3819; x_wconf 80' lang='lat' dir='ltr'>praeientes</span> <span class='ocrx_word' id='word_1_791' title='bbox 1034 3782 1067 3812; x_wconf 87' lang='lat'>&amp;</span> <span class='ocrx_word' id='word_1_792' title='bbox 1081 3782 1186 3819; x_wconf 80' lang='lat' dir='ltr'>futuri,</span> <span class='ocrx_word' id='word_1_793' title='bbox 1204 3792 1238 3812; x_wconf 89' lang='lat' dir='ltr'>ac</span> <span class='ocrx_word' id='word_1_794' title='bbox 1249 3792 1315 3812; x_wconf 89' lang='lat' dir='ltr'>om-</span> 
     </span>
     <span class='ocr_line' id='line_1_97' title="bbox 251 3817 1315 3858; baseline 0.004 -12"><span class='ocrx_word' id='word_1_795' title='bbox 251 3826 300 3847; x_wconf 83' lang='lat' dir='ltr'>nes</span> <span class='ocrx_word' id='word_1_796' title='bbox 314 3817 375 3847; x_wconf 87' lang='lat' dir='ltr'>Viri</span> <span class='ocrx_word' id='word_1_797' title='bbox 389 3817 542 3848; x_wconf 87' lang='lat' dir='ltr'>Notabiles</span> <span class='ocrx_word' id='word_1_798' title='bbox 555 3826 644 3854; x_wconf 80' lang='lat' dir='ltr'>prope</span> <span class='ocrx_word' id='word_1_799' title='bbox 658 3818 745 3847; x_wconf 64' lang='lat' dir='ltr'>dietas</span> <span class='ocrx_word' id='word_1_800' title='bbox 759 3820 904 3849; x_wconf 75' lang='lat' dir='ltr'>Marchiis</span> <span class='ocrx_word' id='word_1_801' title='bbox 913 3843 922 3858; x_wconf 89' lang='lat'>,</span> <span class='ocrx_word' id='word_1_802' title='bbox 941 3831 956 3850; x_wconf 86' lang='lat' dir='ltr'>a</span> <span class='ocrx_word' id='word_1_803' title='bbox 968 3820 1044 3850; x_wconf 73' lang='lat' dir='ltr'>Vinii</span> <span class='ocrx_word' id='word_1_804' title='bbox 1056 3820 1092 3850; x_wconf 90' lang='lat' dir='ltr'>de</span> <span class='ocrx_word' id='word_1_805' title='bbox 1100 3820 1195 3850; x_wconf 91' lang='lat' dir='ltr'>Novo</span> <span class='ocrx_word' id='word_1_806' title='bbox 1209 3819 1315 3851; x_wconf 87' lang='lat' dir='ltr'>Castro</span> 
     </span>
     <span class='ocr_line' id='line_1_98' title="bbox 250 3854 1315 3897; baseline 0.006 -13"><span class='ocrx_word' id='word_1_807' title='bbox 250 3856 284 3884; x_wconf 66' lang='grc' dir='ltr'>ὃ(</span> <span class='ocrx_word' id='word_1_808' title='bbox 300 3854 424 3886; x_wconf 84' lang='lat' dir='ltr'>Penteth</span> <span class='ocrx_word' id='word_1_809' title='bbox 435 3857 465 3885; x_wconf 88' lang='lat' dir='ltr'>in</span> <span class='ocrx_word' id='word_1_810' title='bbox 479 3855 583 3894; x_wconf 71' lang='lat' dir='ltr'>Anglia</span> <span class='ocrx_word' id='word_1_811' title='bbox 597 3855 688 3884; x_wconf 88' lang='lat' dir='ltr'>versus</span> <span class='ocrx_word' id='word_1_812' title='bbox 711 3856 840 3886; x_wconf 84' lang='lat' dir='ltr'>Scotiam</span> <span class='ocrx_word' id='word_1_813' title='bbox 865 3868 897 3888; x_wconf 69' lang='lat' dir='ltr'>eit</span> <span class='ocrx_word' id='word_1_814' title='bbox 912 3860 968 3889; x_wconf 74' lang='lat' dir='ltr'>una</span> <span class='ocrx_word' id='word_1_815' title='bbox 984 3867 1080 3897; x_wconf 85' lang='lat' dir='ltr'>parte,</span> <span class='ocrx_word' id='word_1_816' title='bbox 1097 3858 1132 3889; x_wconf 84' lang='lat'>&amp;</span> <span class='ocrx_word' id='word_1_817' title='bbox 1153 3870 1168 3889; x_wconf 91' lang='lat' dir='ltr'>a</span> <span class='ocrx_word' id='word_1_818' title='bbox 1182 3856 1263 3889; x_wconf 82' lang='lat' dir='ltr'>Villis</span> <span class='ocrx_word' id='word_1_819' title='bbox 1279 3858 1315 3890; x_wconf 91' lang='lat' dir='ltr'>de</span> 
     </span>
     <span class='ocr_line' id='line_1_99' title="bbox 252 3892 1315 3937; baseline 0.006 -15"><span class='ocrx_word' id='word_1_820' title='bbox 252 3892 427 3933; x_wconf 82' lang='lat' dir='ltr'>Edynburgh</span> <span class='ocrx_word' id='word_1_821' title='bbox 451 3896 484 3925; x_wconf 91' lang='lat'>&amp;</span> <span class='ocrx_word' id='word_1_822' title='bbox 506 3893 643 3924; x_wconf 86' lang='lat' dir='ltr'>Dumfres</span> <span class='ocrx_word' id='word_1_823' title='bbox 667 3894 696 3922; x_wconf 91' lang='lat' dir='ltr'>in</span> <span class='ocrx_word' id='word_1_824' title='bbox 722 3893 817 3924; x_wconf 73' lang='lat' dir='ltr'>Scoria</span> <span class='ocrx_word' id='word_1_825' title='bbox 841 3897 933 3926; x_wconf 81' lang='lat' dir='ltr'>versus</span> <span class='ocrx_word' id='word_1_826' title='bbox 951 3898 1086 3937; x_wconf 80' lang='lat' dir='ltr'>Angliam</span> <span class='ocrx_word' id='word_1_827' title='bbox 1108 3896 1315 3935; x_wconf 70' lang='lat' dir='ltr'>inhabitantes,</span> 
     </span>
     <span class='ocr_line' id='line_1_100' title="bbox 253 3931 1315 3974; baseline 0.007 -14"><span class='ocrx_word' id='word_1_828' title='bbox 253 3940 331 3969; x_wconf 80' lang='lat' dir='ltr'>parte</span> <span class='ocrx_word' id='word_1_829' title='bbox 343 3932 380 3961; x_wconf 85' lang='lat' dir='ltr'>ab</span> <span class='ocrx_word' id='word_1_830' title='bbox 394 3932 494 3969; x_wconf 74' lang='lat' dir='ltr'>altera,</span> <span class='ocrx_word' id='word_1_831' title='bbox 509 3933 543 3963; x_wconf 89' lang='lat' dir='ltr'>ad</span> <span class='ocrx_word' id='word_1_832' title='bbox 557 3931 737 3962; x_wconf 63' lang='lat' dir='ltr'>sacrosancta</span> <span class='ocrx_word' id='word_1_833' title='bbox 754 3931 809 3961; x_wconf 85' lang='lat' dir='ltr'>Dei</span> <span class='ocrx_word' id='word_1_834' title='bbox 826 3932 1005 3974; x_wconf 81' lang='lat' dir='ltr'>Ewarigelia,</span> <span class='ocrx_word' id='word_1_835' title='bbox 1021 3944 1118 3966; x_wconf 80' lang='lat' dir='ltr'>coram</span> <span class='ocrx_word' id='word_1_836' title='bbox 1132 3937 1172 3967; x_wconf 85' lang='lat' dir='ltr'>eis</span> <span class='ocrx_word' id='word_1_837' title='bbox 1185 3937 1270 3972; x_wconf 81' lang='lat' dir='ltr'>polita</span> <span class='ocrx_word' id='word_1_838' title='bbox 1280 3936 1315 3967; x_wconf 86' lang='lat'>&amp;</span> 
     </span>
     <span class='ocr_line' id='line_1_101' title="bbox 256 3971 1316 4013; baseline 0.007 -15"><span class='ocrx_word' id='word_1_839' title='bbox 256 3971 435 4006; x_wconf 80' lang='lat' dir='ltr'>corporaliter</span> <span class='ocrx_word' id='word_1_840' title='bbox 449 3981 498 4009; x_wconf 88' lang='lat' dir='ltr'>per</span> <span class='ocrx_word' id='word_1_841' title='bbox 511 3971 625 4001; x_wconf 88' lang='lat' dir='ltr'>eosdem</span> <span class='ocrx_word' id='word_1_842' title='bbox 643 3972 676 4001; x_wconf 73' lang='grc' dir='ltr'>δε</span> <span class='ocrx_word' id='word_1_843' title='bbox 691 3980 793 4001; x_wconf 90' lang='lat' dir='ltr'>eorum</span> <span class='ocrx_word' id='word_1_844' title='bbox 801 3973 957 4012; x_wconf 83' lang='lat' dir='ltr'>quemlibet</span> <span class='ocrx_word' id='word_1_845' title='bbox 974 3975 1066 4013; x_wconf 59' lang='lat' dir='ltr'>taeta,</span> <span class='ocrx_word' id='word_1_846' title='bbox 1080 3974 1218 4013; x_wconf 78' lang='lat' dir='ltr'>jurabunt</span> <span class='ocrx_word' id='word_1_847' title='bbox 1234 3975 1316 4013; x_wconf 75' lang='lat' dir='ltr'>quod</span> 
     </span>
     <span class='ocr_line' id='line_1_102' title="bbox 257 4007 1318 4050; baseline 0.007 -15"><span class='ocrx_word' id='word_1_848' title='bbox 257 4007 404 4046; x_wconf 81' lang='lat' dir='ltr'>praesentes</span> <span class='ocrx_word' id='word_1_849' title='bbox 419 4009 563 4048; x_wconf 86' lang='lat' dir='ltr'>Treugas,</span> <span class='ocrx_word' id='word_1_850' title='bbox 579 4011 609 4038; x_wconf 84' lang='lat' dir='ltr'>in</span> <span class='ocrx_word' id='word_1_851' title='bbox 625 4010 761 4038; x_wconf 90' lang='lat' dir='ltr'>omnibus</span> <span class='ocrx_word' id='word_1_852' title='bbox 783 4010 815 4038; x_wconf 73' lang='grc' dir='ltr'>ἃ</span> <span class='ocrx_word' id='word_1_853' title='bbox 837 4012 949 4047; x_wconf 73' lang='lat' dir='ltr'>lingulis</span> <span class='ocrx_word' id='word_1_854' title='bbox 967 4011 1106 4050; x_wconf 83' lang='lat' dir='ltr'>Capitulis</span> <span class='ocrx_word' id='word_1_855' title='bbox 1127 4013 1161 4044; x_wconf 91' lang='lat'>&amp;</span> <span class='ocrx_word' id='word_1_856' title='bbox 1183 4012 1318 4043; x_wconf 78' lang='lat' dir='ltr'>Articulis</span> 
     </span>
     <span class='ocr_line' id='line_1_103' title="bbox 256 4046 1317 4091; baseline 0.005 -15"><span class='ocrx_word' id='word_1_857' title='bbox 256 4046 436 4083; x_wconf 81' lang='lat' dir='ltr'>earumdem,</span> <span class='ocrx_word' id='word_1_858' title='bbox 454 4048 531 4076; x_wconf 71' lang='lat' dir='ltr'>bonci</span> <span class='ocrx_word' id='word_1_859' title='bbox 547 4048 602 4078; x_wconf 79' lang='lat' dir='ltr'>side</span> <span class='ocrx_word' id='word_1_860' title='bbox 613 4071 621 4084; x_wconf 94' lang='lat'>,</span> <span class='ocrx_word' id='word_1_861' title='bbox 640 4046 742 4084; x_wconf 86' lang='lat' dir='ltr'>absque</span> <span class='ocrx_word' id='word_1_862' title='bbox 756 4047 826 4077; x_wconf 91' lang='lat' dir='ltr'>dolo</span> <span class='ocrx_word' id='word_1_863' title='bbox 837 4069 846 4084; x_wconf 86' lang='lat'>‚</span> <span class='ocrx_word' id='word_1_864' title='bbox 865 4048 976 4085; x_wconf 83' lang='lat' dir='ltr'>fraude,</span> <span class='ocrx_word' id='word_1_865' title='bbox 994 4052 1107 4082; x_wconf 86' lang='lat' dir='ltr'>malove</span> <span class='ocrx_word' id='word_1_866' title='bbox 1123 4052 1239 4091; x_wconf 79' lang='lat' dir='ltr'>ingenio</span> <span class='ocrx_word' id='word_1_867' title='bbox 1275 4053 1317 4081; x_wconf 84' lang='lat' dir='ltr'>ui—</span> 
     </span>
     <span class='ocr_line' id='line_1_104' title="bbox 253 4084 1317 4129; baseline 0.005 -13"><span class='ocrx_word' id='word_1_868' title='bbox 253 4084 431 4122; x_wconf 79' lang='lat' dir='ltr'>buscumque</span> <span class='ocrx_word' id='word_1_869' title='bbox 451 4084 666 4124; x_wconf 78' lang='lat' dir='ltr'>Observabant,</span> <span class='ocrx_word' id='word_1_870' title='bbox 683 4087 716 4117; x_wconf 70' lang='grc' dir='ltr'>ὅ(</span> <span class='ocrx_word' id='word_1_871' title='bbox 737 4095 785 4124; x_wconf 90' lang='lat' dir='ltr'>per</span> <span class='ocrx_word' id='word_1_872' title='bbox 804 4085 890 4124; x_wconf 68' lang='lat' dir='ltr'>alim,</span> <span class='ocrx_word' id='word_1_873' title='bbox 903 4096 1042 4125; x_wconf 85' lang='lat' dir='ltr'>quantum</span> <span class='ocrx_word' id='word_1_874' title='bbox 1059 4091 1088 4122; x_wconf 85' lang='lat' dir='ltr'>in</span> <span class='ocrx_word' id='word_1_875' title='bbox 1113 4091 1152 4121; x_wconf 73' lang='lat' dir='ltr'>eis</span> <span class='ocrx_word' id='word_1_876' title='bbox 1173 4089 1234 4129; x_wconf 80' lang='lat' dir='ltr'>est,</span> <span class='ocrx_word' id='word_1_877' title='bbox 1283 4090 1317 4121; x_wconf 82' lang='lat' dir='ltr'>b·</span> 
     </span>
    </p>
   </div>
   <div class='ocr_carea' id='block_1_5' title="bbox 591 157 1843 223">
    <p class='ocr_par' dir='ltr' id='par_1_16' title="bbox 591 157 1843 223">
     <span class='ocr_line' id='line_1_105' title="bbox 591 157 1843 223; baseline -0.003 -8"><span class='ocrx_word' id='word_1_878' title='bbox 591 157 1395 216; x_wconf 81' lang='lat' dir='ltr'>CONVENTIONE8‚</span> <span class='ocrx_word' id='word_1_879' title='bbox 1455 165 1843 223; x_wconf 83' lang='lat' dir='ltr'>LITERAE,</span> 
     </span>
    </p>
   </div>
   <div class='ocr_carea' id='block_1_6' title="bbox 1342 254 2419 1256">
    <p class='ocr_par' dir='ltr' id='par_1_17' title="bbox 1342 254 2414 411">
     <span class='ocr_line' id='line_1_106' title="bbox 1342 254 2414 299; baseline 0.001 -14"><span class='ocrx_word' id='word_1_880' title='bbox 1342 254 1440 285; x_wconf 88' lang='lat' dir='ltr'>servari</span> <span class='ocrx_word' id='word_1_881' title='bbox 1456 255 1578 293; x_wconf 88' lang='lat' dir='ltr'>facient,</span> <span class='ocrx_word' id='word_1_882' title='bbox 1595 255 1629 286; x_wconf 92' lang='lat'>&amp;</span> <span class='ocrx_word' id='word_1_883' title='bbox 1644 256 1726 295; x_wconf 78' lang='lat' dir='ltr'>quod</span> <span class='ocrx_word' id='word_1_884' title='bbox 1742 256 1824 287; x_wconf 89' lang='lat' dir='ltr'>nullo</span> <span class='ocrx_word' id='word_1_885' title='bbox 1838 265 1967 295; x_wconf 88' lang='lat' dir='ltr'>unquam</span> <span class='ocrx_word' id='word_1_886' title='bbox 1985 265 2116 299; x_wconf 84' lang='lat' dir='ltr'>tempore</span> <span class='ocrx_word' id='word_1_887' title='bbox 2129 256 2284 290; x_wconf 84' lang='lat' dir='ltr'>durationis</span> <span class='ocrx_word' id='word_1_888' title='bbox 2300 261 2414 287; x_wconf 69' lang='lat' dir='ltr'>earum-</span> 
     </span>
     <span class='ocr_line' id='line_1_107' title="bbox 1342 293 2411 338; baseline 0.001 -14"><span class='ocrx_word' id='word_1_889' title='bbox 1342 295 1409 324; x_wconf 91' lang='lat' dir='ltr'>dem</span> <span class='ocrx_word' id='word_1_890' title='bbox 1425 293 1628 333; x_wconf 87' lang='lat' dir='ltr'>Treugarum,</span> <span class='ocrx_word' id='word_1_891' title='bbox 1648 304 1698 332; x_wconf 91' lang='lat' dir='ltr'>per</span> <span class='ocrx_word' id='word_1_892' title='bbox 1711 294 1767 332; x_wconf 84' lang='lat' dir='ltr'>Se,</span> <span class='ocrx_word' id='word_1_893' title='bbox 1783 295 1830 325; x_wconf 89' lang='lat' dir='ltr'>vel</span> <span class='ocrx_word' id='word_1_894' title='bbox 1844 295 1943 334; x_wconf 86' lang='lat' dir='ltr'>Alios,</span> <span class='ocrx_word' id='word_1_895' title='bbox 1961 296 2038 327; x_wconf 73' lang='lat' dir='ltr'>clam</span> <span class='ocrx_word' id='word_1_896' title='bbox 2055 298 2101 328; x_wconf 89' lang='lat' dir='ltr'>vel</span> <span class='ocrx_word' id='word_1_897' title='bbox 2115 297 2224 338; x_wconf 65' lang='lat' dir='ltr'>palem,</span> <span class='ocrx_word' id='word_1_898' title='bbox 2241 296 2350 327; x_wconf 62' lang='lat' dir='ltr'>dimite</span> <span class='ocrx_word' id='word_1_899' title='bbox 2365 294 2411 326; x_wconf 88' lang='lat' dir='ltr'>vel</span> 
     </span>
     <span class='ocr_line' id='line_1_108' title="bbox 1342 332 2413 373; baseline 0.003 -11"><span class='ocrx_word' id='word_1_900' title='bbox 1342 332 1498 371; x_wconf 66' lang='lat' dir='ltr'>indirecte,</span> <span class='ocrx_word' id='word_1_901' title='bbox 1516 343 1562 363; x_wconf 66' lang='lat' dir='ltr'>ees</span> <span class='ocrx_word' id='word_1_902' title='bbox 1576 334 1605 363; x_wconf 89' lang='lat' dir='ltr'>iti</span> <span class='ocrx_word' id='word_1_903' title='bbox 1622 333 1711 371; x_wconf 86' lang='lat' dir='ltr'>aliqua</span> <span class='ocrx_word' id='word_1_904' title='bbox 1726 333 1768 364; x_wconf 88' lang='lat' dir='ltr'>sui</span> <span class='ocrx_word' id='word_1_905' title='bbox 1782 342 1860 371; x_wconf 88' lang='lat' dir='ltr'>parte</span> <span class='ocrx_word' id='word_1_906' title='bbox 1873 334 2038 373; x_wconf 82' lang='lat' dir='ltr'>violabunt,</span> <span class='ocrx_word' id='word_1_907' title='bbox 2052 346 2108 367; x_wconf 90' lang='lat' dir='ltr'>nec</span> <span class='ocrx_word' id='word_1_908' title='bbox 2129 336 2230 373; x_wconf 76' lang='lat' dir='ltr'>violari</span> <span class='ocrx_word' id='word_1_909' title='bbox 2242 336 2348 367; x_wconf 75' lang='lat' dir='ltr'>facient</span> <span class='ocrx_word' id='word_1_910' title='bbox 2363 343 2413 365; x_wconf 88' lang='lat' dir='ltr'>aut</span> 
     </span>
     <span class='ocr_line' id='line_1_109' title="bbox 1343 373 2037 411; baseline -0.001 -9"><span class='ocrx_word' id='word_1_911' title='bbox 1343 373 1498 411; x_wconf 87' lang='lat' dir='ltr'>permitent</span> <span class='ocrx_word' id='word_1_912' title='bbox 1513 381 1648 411; x_wconf 88' lang='lat' dir='ltr'>quatenus</span> <span class='ocrx_word' id='word_1_913' title='bbox 1713 381 1796 402; x_wconf 87' lang='lat' dir='ltr'>erunt</span> <span class='ocrx_word' id='word_1_914' title='bbox 1812 373 2037 411; x_wconf 89' lang='lat' dir='ltr'>quoquomodo:</span> 
     </span>
    </p>

    <p class='ocr_par' dir='ltr' id='par_1_18' title="bbox 1342 410 2416 555">
     <span class='ocr_line' id='line_1_110' title="bbox 1382 410 2415 452; baseline 0 -11"><span class='ocrx_word' id='word_1_915' title='bbox 1382 413 1397 426; x_wconf 68' lang='lat'>³</span> <span class='ocrx_word' id='word_1_916' title='bbox 1416 410 1508 446; x_wconf 89' lang='lat' dir='ltr'>Quod</span> <span class='ocrx_word' id='word_1_917' title='bbox 1523 411 1638 448; x_wconf 89' lang='lat' dir='ltr'>quidem</span> <span class='ocrx_word' id='word_1_918' title='bbox 1678 420 1878 448; x_wconf 87' lang='lat' dir='ltr'>uramentum,</span> <span class='ocrx_word' id='word_1_919' title='bbox 1892 410 2038 441; x_wconf 87' lang='lat' dir='ltr'>Omnium</span> <span class='ocrx_word' id='word_1_920' title='bbox 2060 413 2094 443; x_wconf 84' lang='lat'>&amp;</span> <span class='ocrx_word' id='word_1_921' title='bbox 2115 412 2288 452; x_wconf 85' lang='lat' dir='ltr'>singulorum</span> <span class='ocrx_word' id='word_1_922' title='bbox 2311 410 2415 451; x_wconf 77' lang='lat' dir='ltr'>praedi-</span> 
     </span>
     <span class='ocr_line' id='line_1_111' title="bbox 1343 448 2414 490; baseline 0.002 -12"><span class='ocrx_word' id='word_1_923' title='bbox 1343 449 1456 479; x_wconf 68' lang='lat' dir='ltr'>&amp;orum</span> <span class='ocrx_word' id='word_1_924' title='bbox 1467 471 1478 487; x_wconf 86' lang='lat'>‚</span> <span class='ocrx_word' id='word_1_925' title='bbox 1501 448 1561 480; x_wconf 85' lang='lat' dir='ltr'>fieri</span> <span class='ocrx_word' id='word_1_926' title='bbox 1583 449 1686 488; x_wconf 78' lang='lat' dir='ltr'>debet,</span> <span class='ocrx_word' id='word_1_927' title='bbox 1704 450 1818 489; x_wconf 86' lang='lat' dir='ltr'>publice</span> <span class='ocrx_word' id='word_1_928' title='bbox 1841 449 1875 480; x_wconf 90' lang='lat'>&amp;</span> <span class='ocrx_word' id='word_1_929' title='bbox 1899 449 2097 488; x_wconf 83' lang='lat' dir='ltr'>solempniter,</span> <span class='ocrx_word' id='word_1_930' title='bbox 2115 452 2185 481; x_wconf 85' lang='lat' dir='ltr'>citra</span> <span class='ocrx_word' id='word_1_931' title='bbox 2203 452 2334 490; x_wconf 83' lang='lat' dir='ltr'>Triginta</span> <span class='ocrx_word' id='word_1_932' title='bbox 2353 450 2414 481; x_wconf 73' lang='lat' dir='ltr'>dies</span> 
     </span>
     <span class='ocr_line' id='line_1_112' title="bbox 1342 487 2416 555; baseline 0.002 -38"><span class='ocrx_word' id='word_1_933' title='bbox 1342 488 1478 555; x_wconf 59' lang='lat' dir='ltr'>groximo</span> <span class='ocrx_word' id='word_1_934' title='bbox 1499 488 1644 527; x_wconf 85' lang='lat' dir='ltr'>sequentes</span> <span class='ocrx_word' id='word_1_935' title='bbox 1666 489 1732 529; x_wconf 91' lang='lat' dir='ltr'>post</span> <span class='ocrx_word' id='word_1_936' title='bbox 1756 488 1862 520; x_wconf 83' lang='lat' dir='ltr'>Datam</span> <span class='ocrx_word' id='word_1_937' title='bbox 1888 487 2075 519; x_wconf 81' lang='lat' dir='ltr'>Praesentium</span> <span class='ocrx_word' id='word_1_938' title='bbox 2097 490 2236 521; x_wconf 79' lang='lat' dir='ltr'>continue</span> <span class='ocrx_word' id='word_1_939' title='bbox 2263 499 2416 522; x_wconf 87' lang='lat' dir='ltr'>numeran-</span> 
     </span>
    </p>

    <p class='ocr_par' dir='ltr' id='par_1_19' title="bbox 1363 536 1414 562">
     <span class='ocr_line' id='line_1_113' title="bbox 1363 536 1414 562; baseline 0 0"><span class='ocrx_word' id='word_1_940' title='bbox 1363 536 1414 562; x_wconf 79' lang='lat' dir='ltr'>os,</span> 
     </span>
    </p>

    <p class='ocr_par' dir='ltr' id='par_1_20' title="bbox 1344 564 2416 683">
     <span class='ocr_line' id='line_1_114' title="bbox 1382 564 2413 605; baseline 0.004 -11"><span class='ocrx_word' id='word_1_941' title='bbox 1382 564 1596 596; x_wconf 89' lang='lat' dir='ltr'>Gardianorum</span> <span class='ocrx_word' id='word_1_942' title='bbox 1609 568 1682 597; x_wconf 77' lang='lat' dir='ltr'>vero</span> <span class='ocrx_word' id='word_1_943' title='bbox 1700 565 1895 597; x_wconf 87' lang='lat' dir='ltr'>Marchiarum</span> <span class='ocrx_word' id='word_1_944' title='bbox 1912 564 2025 605; x_wconf 84' lang='lat' dir='ltr'>Angliae</span> <span class='ocrx_word' id='word_1_945' title='bbox 2040 565 2070 596; x_wconf 89' lang='lat' dir='ltr'>in</span> <span class='ocrx_word' id='word_1_946' title='bbox 2087 565 2217 596; x_wconf 87' lang='lat' dir='ltr'>manibus</span> <span class='ocrx_word' id='word_1_947' title='bbox 2233 565 2413 598; x_wconf 82' lang='lat' dir='ltr'>Excellentis-</span> 
     </span>
     <span class='ocr_line' id='line_1_115' title="bbox 1344 601 2416 642; baseline 0.006 -11"><span class='ocrx_word' id='word_1_948' title='bbox 1344 601 1407 631; x_wconf 87' lang='lat' dir='ltr'>fimi</span> <span class='ocrx_word' id='word_1_949' title='bbox 1423 602 1562 642; x_wconf 86' lang='lat' dir='ltr'>Principis</span> <span class='ocrx_word' id='word_1_950' title='bbox 1577 604 1692 642; x_wconf 79' lang='lat' dir='ltr'>Angliae</span> <span class='ocrx_word' id='word_1_951' title='bbox 1710 605 1748 640; x_wconf 83' lang='lat'><em>&amp;</em></span> <span class='ocrx_word' id='word_1_952' title='bbox 1765 609 1887 635; x_wconf 81' lang='lat' dir='ltr'>Franciae</span> <span class='ocrx_word' id='word_1_953' title='bbox 1901 607 1980 642; x_wconf 80' lang='lat' dir='ltr'>Regis</span> <span class='ocrx_word' id='word_1_954' title='bbox 1999 604 2046 636; x_wconf 88' lang='lat' dir='ltr'>vel</span> <span class='ocrx_word' id='word_1_955' title='bbox 2061 603 2334 636; x_wconf 73' lang='lat' dir='ltr'>Commissariorum</span> <span class='ocrx_word' id='word_1_956' title='bbox 2350 605 2416 637; x_wconf 89' lang='lat' dir='ltr'>suo-</span> 
     </span>
     <span class='ocr_line' id='line_1_116' title="bbox 1345 640 1968 683; baseline 0.008 -14"><span class='ocrx_word' id='word_1_957' title='bbox 1345 649 1411 669; x_wconf 90' lang='lat' dir='ltr'>rum</span> <span class='ocrx_word' id='word_1_958' title='bbox 1425 640 1459 671; x_wconf 90' lang='lat' dir='ltr'>ad</span> <span class='ocrx_word' id='word_1_959' title='bbox 1475 642 1534 673; x_wconf 91' lang='lat' dir='ltr'>hoc</span> <span class='ocrx_word' id='word_1_960' title='bbox 1549 643 1702 682; x_wconf 91' lang='lat' dir='ltr'>specialiter</span> <span class='ocrx_word' id='word_1_961' title='bbox 1715 644 1947 683; x_wconf 77' lang='lat' dir='ltr'>deputandorum</span> <span class='ocrx_word' id='word_1_962' title='bbox 1957 666 1968 681; x_wconf 82' lang='lat'>‚</span> 
     </span>
    </p>

    <p class='ocr_par' dir='ltr' id='par_1_21' title="bbox 1345 678 2416 798">
     <span class='ocr_line' id='line_1_117' title="bbox 1382 678 2416 714; baseline 0.005 -6"><span class='ocrx_word' id='word_1_963' title='bbox 1382 678 1421 709; x_wconf 90' lang='lat' dir='ltr'>Et</span> <span class='ocrx_word' id='word_1_964' title='bbox 1441 679 1656 712; x_wconf 83' lang='lat' dir='ltr'>Cardianorum</span> <span class='ocrx_word' id='word_1_965' title='bbox 1675 681 1872 714; x_wconf 85' lang='lat' dir='ltr'>Marchiarum</span> <span class='ocrx_word' id='word_1_966' title='bbox 1898 682 2005 713; x_wconf 80' lang='lat' dir='ltr'>Scon‘ae</span> <span class='ocrx_word' id='word_1_967' title='bbox 2030 682 2062 712; x_wconf 89' lang='lat' dir='ltr'>in</span> <span class='ocrx_word' id='word_1_968' title='bbox 2084 681 2215 713; x_wconf 84' lang='lat' dir='ltr'>manibus</span> <span class='ocrx_word' id='word_1_969' title='bbox 2239 679 2416 713; x_wconf 79' lang='lat' dir='ltr'>Illustriffimi</span> 
     </span>
     <span class='ocr_line' id='line_1_118' title="bbox 1345 715 2415 761; baseline 0.006 -14"><span class='ocrx_word' id='word_1_970' title='bbox 1345 715 1485 761; x_wconf 77' lang='lat' dir='ltr'>Principis</span> <span class='ocrx_word' id='word_1_971' title='bbox 1499 722 1636 750; x_wconf 78' lang='lat' dir='ltr'>Scotorum</span> <span class='ocrx_word' id='word_1_972' title='bbox 1652 724 1750 760; x_wconf 81' lang='lat' dir='ltr'>Regis,</span> <span class='ocrx_word' id='word_1_973' title='bbox 1761 731 1811 753; x_wconf 86' lang='lat' dir='ltr'>aut</span> <span class='ocrx_word' id='word_1_974' title='bbox 1826 720 2096 753; x_wconf 80' lang='lat' dir='ltr'>Commiffariorum</span> <span class='ocrx_word' id='word_1_975' title='bbox 2109 721 2226 752; x_wconf 86' lang='lat' dir='ltr'>suorum</span> <span class='ocrx_word' id='word_1_976' title='bbox 2239 719 2276 751; x_wconf 92' lang='lat' dir='ltr'>ad</span> <span class='ocrx_word' id='word_1_977' title='bbox 2289 721 2347 753; x_wconf 87' lang='lat' dir='ltr'>hoc</span> <span class='ocrx_word' id='word_1_978' title='bbox 2354 721 2415 760; x_wconf 85' lang='lat' dir='ltr'>spe-</span> 
     </span>
     <span class='ocr_line' id='line_1_119' title="bbox 1346 755 1707 798; baseline 0.017 -14"><span class='ocrx_word' id='word_1_979' title='bbox 1346 755 1451 787; x_wconf 86' lang='lat' dir='ltr'>cialiter</span> <span class='ocrx_word' id='word_1_980' title='bbox 1463 758 1689 798; x_wconf 86' lang='lat' dir='ltr'>deputandorum</span> <span class='ocrx_word' id='word_1_981' title='bbox 1697 782 1707 798; x_wconf 85' lang='lat'>,</span> 
     </span>
    </p>

    <p class='ocr_par' dir='ltr' id='par_1_22' title="bbox 1346 794 2419 947">
     <span class='ocr_line' id='line_1_120' title="bbox 1383 794 2417 838; baseline 0.006 -14"><span class='ocrx_word' id='word_1_982' title='bbox 1383 794 1566 827; x_wconf 86' lang='lat' dir='ltr'>Notabilium</span> <span class='ocrx_word' id='word_1_983' title='bbox 1580 801 1650 829; x_wconf 80' lang='lat' dir='ltr'>vero</span> <span class='ocrx_word' id='word_1_984' title='bbox 1667 798 1827 836; x_wconf 86' lang='lat' dir='ltr'>Virorum,</span> <span class='ocrx_word' id='word_1_985' title='bbox 1843 798 1987 837; x_wconf 90' lang='lat' dir='ltr'>utriusque</span> <span class='ocrx_word' id='word_1_986' title='bbox 2007 797 2134 830; x_wconf 89' lang='lat' dir='ltr'>Partium</span> <span class='ocrx_word' id='word_1_987' title='bbox 2149 797 2368 838; x_wconf 62' lang='lat' dir='ltr'>praedietarutn,</span> <span class='ocrx_word' id='word_1_988' title='bbox 2385 798 2417 830; x_wconf 86' lang='lat' dir='ltr'>in</span> 
     </span>
     <span class='ocr_line' id='line_1_121' title="bbox 1347 830 2419 877; baseline 0.007 -17"><span class='ocrx_word' id='word_1_989' title='bbox 1347 830 1484 876; x_wconf 82' lang='lat' dir='ltr'>Manibus</span> <span class='ocrx_word' id='word_1_990' title='bbox 1501 835 1713 867; x_wconf 86' lang='lat' dir='ltr'>Gardi&#39;anorum</span> <span class='ocrx_word' id='word_1_991' title='bbox 1730 836 1926 868; x_wconf 83' lang='lat' dir='ltr'>Marchiarum</span> <span class='ocrx_word' id='word_1_992' title='bbox 1949 837 2132 876; x_wconf 86' lang='lat' dir='ltr'>earumdem,</span> <span class='ocrx_word' id='word_1_993' title='bbox 2151 838 2342 877; x_wconf 88' lang='lat' dir='ltr'>Anglicorum</span> <span class='ocrx_word' id='word_1_994' title='bbox 2361 838 2419 876; x_wconf 90' lang='lat' dir='ltr'>(vi-</span> 
     </span>
     <span class='ocr_line' id='line_1_122' title="bbox 1346 870 2418 916; baseline 0.007 -16"><span class='ocrx_word' id='word_1_995' title='bbox 1346 870 1459 909; x_wconf 89' lang='lat' dir='ltr'>delicet)</span> <span class='ocrx_word' id='word_1_996' title='bbox 1477 874 1507 903; x_wconf 92' lang='lat' dir='ltr'>in</span> <span class='ocrx_word' id='word_1_997' title='bbox 1519 875 1648 905; x_wconf 84' lang='lat' dir='ltr'>manibus</span> <span class='ocrx_word' id='word_1_998' title='bbox 1670 875 1883 907; x_wconf 85' lang='lat' dir='ltr'>Gardianorum</span> <span class='ocrx_word' id='word_1_999' title='bbox 1905 875 2103 907; x_wconf 84' lang='lat' dir='ltr'>Marchiarum</span> <span class='ocrx_word' id='word_1_1000' title='bbox 2123 877 2294 916; x_wconf 18' lang='lat' dir='ltr'>inrAnglia,</span> <span class='ocrx_word' id='word_1_1001' title='bbox 2311 876 2418 908; x_wconf 84' lang='lat' dir='ltr'>Scoto-</span> 
     </span>
     <span class='ocr_line' id='line_1_123' title="bbox 1346 912 2182 947; baseline 0.007 -8"><span class='ocrx_word' id='word_1_1002' title='bbox 1346 919 1410 939; x_wconf 89' lang='lat' dir='ltr'>rum</span> <span class='ocrx_word' id='word_1_1003' title='bbox 1427 912 1456 940; x_wconf 90' lang='lat' dir='ltr'>in</span> <span class='ocrx_word' id='word_1_1004' title='bbox 1471 912 1602 943; x_wconf 87' lang='lat' dir='ltr'>manibus</span> <span class='ocrx_word' id='word_1_1005' title='bbox 1616 913 1831 946; x_wconf 85' lang='lat' dir='ltr'>Gardianorum</span> <span class='ocrx_word' id='word_1_1006' title='bbox 1848 914 2046 945; x_wconf 87' lang='lat' dir='ltr'>Marchiarum</span> <span class='ocrx_word' id='word_1_1007' title='bbox 2060 916 2182 947; x_wconf 89' lang='lat' dir='ltr'>Scotiae:</span> 
     </span>
    </p>

    <p class='ocr_par' dir='ltr' id='par_1_23' title="bbox 1344 947 2418 1116">
     <span class='ocr_line' id='line_1_124' title="bbox 1384 947 2417 993; baseline 0.006 -14"><span class='ocrx_word' id='word_1_1008' title='bbox 1384 947 1521 981; x_wconf 86' lang='lat' dir='ltr'>Nomina</span> <span class='ocrx_word' id='word_1_1009' title='bbox 1537 961 1633 981; x_wconf 88' lang='lat' dir='ltr'>autern</span> <span class='ocrx_word' id='word_1_1010' title='bbox 1649 962 1750 983; x_wconf 89' lang='lat' dir='ltr'>eorum</span> <span class='ocrx_word' id='word_1_1011' title='bbox 1768 954 1816 992; x_wconf 88' lang='lat' dir='ltr'>qui</span> <span class='ocrx_word' id='word_1_1012' title='bbox 1836 953 1872 983; x_wconf 88' lang='lat' dir='ltr'>sic</span> <span class='ocrx_word' id='word_1_1013' title='bbox 1886 953 2067 992; x_wconf 82' lang='lat' dir='ltr'>Juraverint,</span> <span class='ocrx_word' id='word_1_1014' title='bbox 2085 954 2158 985; x_wconf 86' lang='lat' dir='ltr'>infra</span> <span class='ocrx_word' id='word_1_1015' title='bbox 2182 953 2316 985; x_wconf 85' lang='lat' dir='ltr'>Mensem</span> <span class='ocrx_word' id='word_1_1016' title='bbox 2328 977 2337 992; x_wconf 85' lang='lat'>‚</span> <span class='ocrx_word' id='word_1_1017' title='bbox 2351 953 2417 993; x_wconf 85' lang='lat' dir='ltr'>post</span> 
     </span>
     <span class='ocr_line' id='line_1_125' title="bbox 1346 986 2418 1029; baseline 0.007 -12"><span class='ocrx_word' id='word_1_1018' title='bbox 1346 986 1566 1020; x_wconf 87' lang='lat' dir='ltr'>Praestationem</span> <span class='ocrx_word' id='word_1_1019' title='bbox 1591 990 1716 1027; x_wconf 86' lang='lat' dir='ltr'>ejusdem</span> <span class='ocrx_word' id='word_1_1020' title='bbox 1732 991 1912 1029; x_wconf 86' lang='lat' dir='ltr'>Juramenti,</span> <span class='ocrx_word' id='word_1_1021' title='bbox 1929 992 2158 1024; x_wconf 86' lang='lat' dir='ltr'>certificabuiitur</span> <span class='ocrx_word' id='word_1_1022' title='bbox 2179 993 2343 1024; x_wconf 78' lang='lat' dir='ltr'>alterutrum</span> <span class='ocrx_word' id='word_1_1023' title='bbox 2369 1004 2418 1024; x_wconf 90' lang='lat' dir='ltr'>au-</span> 
     </span>
     <span class='ocr_line' id='line_1_126' title="bbox 1346 1026 2418 1071; baseline 0.007 -15"><span class='ocrx_word' id='word_1_1024' title='bbox 1346 1026 1472 1058; x_wconf 71' lang='lat' dir='ltr'>c&#39;tentice</span> <span class='ocrx_word' id='word_1_1025' title='bbox 1485 1027 1637 1059; x_wconf 81' lang='lat' dir='ltr'>Gardianis</span> <span class='ocrx_word' id='word_1_1026' title='bbox 1653 1029 1765 1069; x_wconf 82' lang='lat' dir='ltr'>finguiis</span> <span class='ocrx_word' id='word_1_1027' title='bbox 1781 1030 1977 1061; x_wconf 85' lang='lat' dir='ltr'>Marchiarum</span> <span class='ocrx_word' id='word_1_1028' title='bbox 1994 1031 2210 1070; x_wconf 70' lang='lat' dir='ltr'>praedietarum,</span> <span class='ocrx_word' id='word_1_1029' title='bbox 2225 1041 2257 1063; x_wconf 90' lang='lat' dir='ltr'>ut</span> <span class='ocrx_word' id='word_1_1030' title='bbox 2279 1031 2352 1069; x_wconf 91' lang='lat' dir='ltr'>apud</span> <span class='ocrx_word' id='word_1_1031' title='bbox 2374 1033 2418 1071; x_wconf 91' lang='lat' dir='ltr'>ip-</span> 
     </span>
     <span class='ocr_line' id='line_1_127' title="bbox 1344 1064 2418 1116; baseline 0.006 -21"><span class='ocrx_word' id='word_1_1032' title='bbox 1344 1064 1441 1096; x_wconf 89' lang='lat' dir='ltr'>sorum</span> <span class='ocrx_word' id='word_1_1033' title='bbox 1455 1067 1580 1105; x_wconf 81' lang='lat' dir='ltr'>singulos</span> <span class='ocrx_word' id='word_1_1034' title='bbox 1596 1067 1731 1099; x_wconf 88' lang='lat' dir='ltr'>Nomina</span> <span class='ocrx_word' id='word_1_1035' title='bbox 1748 1069 1786 1099; x_wconf 89' lang='lat' dir='ltr'>fic</span> <span class='ocrx_word' id='word_1_1036' title='bbox 1796 1068 1957 1116; x_wconf 77' lang='lat' dir='ltr'>Jurantium</span> <span class='ocrx_word' id='word_1_1037' title='bbox 1970 1068 2072 1101; x_wconf 88' lang='lat' dir='ltr'>habere</span> <span class='ocrx_word' id='word_1_1038' title='bbox 2086 1071 2196 1102; x_wconf 72' lang='lat' dir='ltr'>valeant</span> <span class='ocrx_word' id='word_1_1039' title='bbox 2213 1069 2249 1102; x_wconf 85' lang='lat' dir='ltr'>de</span> <span class='ocrx_word' id='word_1_1040' title='bbox 2266 1070 2418 1102; x_wconf 90' lang='lat' dir='ltr'>Recordo.</span> 
     </span>
    </p>

    <p class='ocr_par' dir='ltr' id='par_1_24' title="bbox 1347 1103 2418 1219">
     <span class='ocr_line' id='line_1_128' title="bbox 1386 1103 2417 1149; baseline 0.007 -15"><span class='ocrx_word' id='word_1_1041' title='bbox 1386 1103 1432 1134; x_wconf 72' lang='lat' dir='ltr'>I&#39;r</span> <span class='ocrx_word' id='word_1_1042' title='bbox 1443 1114 1498 1136; x_wconf 76' lang='lat' dir='ltr'>EM</span> <span class='ocrx_word' id='word_1_1043' title='bbox 1509 1129 1518 1145; x_wconf 87' lang='lat'>‚</span> <span class='ocrx_word' id='word_1_1044' title='bbox 1539 1106 1621 1137; x_wconf 85' lang='lat' dir='ltr'>simili</span> <span class='ocrx_word' id='word_1_1045' title='bbox 1645 1107 1754 1146; x_wconf 82' lang='lat' dir='ltr'>modo,</span> <span class='ocrx_word' id='word_1_1046' title='bbox 1777 1107 1999 1138; x_wconf 72' lang='lat' dir='ltr'>Concordatum</span> <span class='ocrx_word' id='word_1_1047' title='bbox 2023 1107 2056 1138; x_wconf 89' lang='lat'>&amp;</span> <span class='ocrx_word' id='word_1_1048' title='bbox 2074 1106 2255 1140; x_wconf 71' lang='lat' dir='ltr'>Conclusam</span> <span class='ocrx_word' id='word_1_1049' title='bbox 2268 1109 2309 1140; x_wconf 89' lang='lat' dir='ltr'>est</span> <span class='ocrx_word' id='word_1_1050' title='bbox 2333 1110 2417 1149; x_wconf 76' lang='lat' dir='ltr'>quod</span> 
     </span>
     <span class='ocr_line' id='line_1_129' title="bbox 1347 1143 2418 1219; baseline 0.005 -46"><span class='ocrx_word' id='word_1_1051' title='bbox 1347 1151 1465 1213; x_wconf 50' lang='lat' dir='ltr'>33}qu</span> <span class='ocrx_word' id='word_1_1052' title='bbox 1479 1143 1816 1216; x_wconf 43' lang='lat' dir='ltr'>PartigimTPublicalriD&amp;</span> <span class='ocrx_word' id='word_1_1053' title='bbox 1830 1145 2189 1216; x_wconf 55' lang='lat' dir='ltr'>Nogfrincarifufacigtsdi&amp;asst</span> <span class='ocrx_word' id='word_1_1054' title='bbox 2197 1147 2326 1217; x_wconf 43' lang='lat' dir='ltr'>{ciffis</span> <span class='ocrx_word' id='word_1_1055' title='bbox 2335 1149 2418 1219; x_wconf 57' lang='lat' dir='ltr'>gub-</span> 
     </span>
    </p>

    <p class='ocr_par' dir='ltr' id='par_1_25' title="bbox 1347 1192 2418 1256">
     <span class='ocr_line' id='line_1_130' title="bbox 1404 1192 2418 1219; baseline 0.006 -6"><span class='ocrx_word' id='word_1_1056' title='bbox 1404 1192 1479 1213; x_wconf 59' lang='lat' dir='ltr'>-u.s</span> <span class='ocrx_word' id='word_1_1057' title='bbox 1514 1194 1586 1215; x_wconf 83' lang='lat' dir='ltr'>ina</span> <span class='ocrx_word' id='word_1_1058' title='bbox 1630 1196 1642 1215; x_wconf 92' lang='lat' dir='ltr'>r</span> <span class='ocrx_word' id='word_1_1059' title='bbox 1705 1195 1730 1217; x_wconf 90' lang='lat' dir='ltr'>ta</span> <span class='ocrx_word' id='word_1_1060' title='bbox 1779 1196 1817 1217; x_wconf 74' lang='lat' dir='ltr'>ies</span> <span class='ocrx_word' id='word_1_1061' title='bbox 1851 1195 1883 1216; x_wconf 90' lang='lat' dir='ltr'>ro</span> <span class='ocrx_word' id='word_1_1062' title='bbox 1945 1195 1966 1215; x_wconf 94' lang='lat' dir='ltr'>o</span> <span class='ocrx_word' id='word_1_1063' title='bbox 2015 1195 2058 1216; x_wconf 90' lang='lat' dir='ltr'>tur</span> <span class='ocrx_word' id='word_1_1064' title='bbox 2242 1196 2258 1216; x_wconf 90' lang='lat' dir='ltr'>a</span> <span class='ocrx_word' id='word_1_1065' title='bbox 2363 1198 2418 1219; x_wconf 89' lang='lat' dir='ltr'>rae-</span> 
     </span>
     <span class='ocr_line' id='line_1_131' title="bbox 1347 1195 2164 1256; baseline 0.005 -5"><span class='ocrx_word' id='word_1_1066' title='bbox 1347 1221 1467 1252; x_wconf 87' lang='lat' dir='ltr'>sentium</span> <span class='ocrx_word' id='word_1_1067' title='bbox 1484 1207 1610 1254; x_wconf 71' lang='lat' dir='ltr'>similiter</span> <span class='ocrx_word' id='word_1_1068' title='bbox 1623 1195 1761 1256; x_wconf 58' lang='grc' dir='ltr'>εὲξιιὲηυὲ</span> <span class='ocrx_word' id='word_1_1069' title='bbox 1772 1196 1973 1256; x_wconf 62' lang='grc' dir='ltr'>ῃυῐξεῐειοάοε.</span> <span class='ocrx_word' id='word_1_1070' title='bbox 2099 1208 2110 1225; x_wconf 69' lang='lat'>⁷</span> <span class='ocrx_word' id='word_1_1071' title='bbox 2125 1195 2164 1223; x_wconf 72' lang='lat' dir='ltr'>po</span> 
     </span>
    </p>
   </div>
   <div class='ocr_carea' id='block_1_7' title="bbox 1386 1259 2422 1304">
    <p class='ocr_par' dir='ltr' id='par_1_26' title="bbox 1386 1259 2422 1304">
     <span class='ocr_line' id='line_1_132' title="bbox 1386 1259 2422 1304; baseline 0.006 -14"><span class='ocrx_word' id='word_1_1072' title='bbox 1386 1259 1607 1293; x_wconf 86' lang='lat' dir='ltr'>Conservatores</span> <span class='ocrx_word' id='word_1_1073' title='bbox 1624 1266 1697 1294; x_wconf 82' lang='lat' dir='ltr'>vero</span> <span class='ocrx_word' id='word_1_1074' title='bbox 1713 1263 1891 1304; x_wconf 85' lang='lat' dir='ltr'>Treugarum</span> <span class='ocrx_word' id='word_1_1075' title='bbox 1907 1272 1961 1301; x_wconf 88' lang='lat' dir='ltr'>pro</span> <span class='ocrx_word' id='word_1_1076' title='bbox 1981 1261 2063 1294; x_wconf 67' lang='lat' dir='ltr'>dieto</span> <span class='ocrx_word' id='word_1_1077' title='bbox 2079 1261 2320 1295; x_wconf 80' lang='lat' dir='ltr'>Excellentiffimo</span> <span class='ocrx_word' id='word_1_1078' title='bbox 2337 1263 2422 1296; x_wconf 84' lang='lat' dir='ltr'>Prin·</span> 
     </span>
    </p>
   </div>
   <div class='ocr_carea' id='block_1_8' title="bbox 1346 1300 2420 1418">
    <p class='ocr_par' dir='ltr' id='par_1_27' title="bbox 1346 1300 2420 1418">
     <span class='ocr_line' id='line_1_133' title="bbox 1348 1300 2419 1342; baseline 0.006 -13"><span class='ocrx_word' id='word_1_1079' title='bbox 1348 1300 1414 1336; x_wconf 80' lang='lat' dir='ltr'>cipe</span> <span class='ocrx_word' id='word_1_1080' title='bbox 1425 1300 1539 1338; x_wconf 80' lang='lat' dir='ltr'>Angliae</span> <span class='ocrx_word' id='word_1_1081' title='bbox 1554 1301 1591 1336; x_wconf 60' lang='grc' dir='ltr'><strong><em>ὠ</em></strong></span> <span class='ocrx_word' id='word_1_1082' title='bbox 1606 1305 1729 1333; x_wconf 79' lang='lat' dir='ltr'>Franciae</span> <span class='ocrx_word' id='word_1_1083' title='bbox 1745 1305 1832 1342; x_wconf 75' lang='lat' dir='ltr'>Rege,</span> <span class='ocrx_word' id='word_1_1084' title='bbox 1850 1301 1962 1340; x_wconf 87' lang='lat' dir='ltr'>ejusque</span> <span class='ocrx_word' id='word_1_1085' title='bbox 1979 1300 2110 1340; x_wconf 82' lang='lat' dir='ltr'>Regnis,</span> <span class='ocrx_word' id='word_1_1086' title='bbox 2129 1300 2295 1342; x_wconf 88' lang='lat' dir='ltr'>Dominiis,</span> <span class='ocrx_word' id='word_1_1087' title='bbox 2311 1303 2419 1342; x_wconf 86' lang='lat' dir='ltr'>Locis,</span> 
     </span>
     <span class='ocr_line' id='line_1_134' title="bbox 1346 1338 2420 1414; baseline 0.006 -46"><span class='ocrx_word' id='word_1_1088' title='bbox 1346 1347 1398 1414; x_wconf 57' lang='lat' dir='ltr'>{gr</span> <span class='ocrx_word' id='word_1_1089' title='bbox 1406 1338 1781 1410; x_wconf 47' lang='lat' dir='ltr'>fflsrteniser‘iiliii?Uscun]que</span> <span class='ocrx_word' id='word_1_1090' title='bbox 1799 1343 1826 1373; x_wconf 85' lang='lat' dir='ltr'>ei</span> <span class='ocrx_word' id='word_1_1091' title='bbox 1849 1341 2006 1380; x_wconf 74' lang='lat' dir='ltr'>Subjeetis,</span> <span class='ocrx_word' id='word_1_1092' title='bbox 2023 1341 2082 1371; x_wconf 59' lang='lat' dir='ltr'>tem</span> <span class='ocrx_word' id='word_1_1093' title='bbox 2103 1350 2155 1379; x_wconf 82' lang='lat' dir='ltr'>per</span> <span class='ocrx_word' id='word_1_1094' title='bbox 2177 1340 2316 1381; x_wconf 75' lang='lat' dir='ltr'>Terram,</span> <span class='ocrx_word' id='word_1_1095' title='bbox 2330 1343 2420 1382; x_wconf 63' lang='lat' dir='ltr'>quim</span> 
     </span>
     <span class='ocr_line' id='line_1_135' title="bbox 1503 1403 1632 1418; baseline 0.016 -2"><span class='ocrx_word' id='word_1_1096' title='bbox 1503 1403 1512 1416; x_wconf 69' lang='grc' dir='ltr'>ἱ</span> <span class='ocrx_word' id='word_1_1097' title='bbox 1622 1403 1632 1418; x_wconf 73' lang='grc'>)</span> 
     </span>
    </p>
   </div>
   <div class='ocr_carea' id='block_1_9' title="bbox 1346 1453 2158 1574">
    <p class='ocr_par' dir='ltr' id='par_1_28' title="bbox 1346 1453 2158 1574">
     <span class='ocr_line' id='line_1_136' title="bbox 1346 1453 2044 1497; baseline 0.006 -14"><span class='ocrx_word' id='word_1_1098' title='bbox 1346 1453 1511 1494; x_wconf 80' lang='lat' dir='ltr'>Humsridus</span> <span class='ocrx_word' id='word_1_1099' title='bbox 1528 1459 1598 1486; x_wconf 80' lang='lat' dir='ltr'>Dux</span> <span class='ocrx_word' id='word_1_1100' title='bbox 1614 1457 1845 1497; x_wconf 74' lang='lat' dir='ltr'>Bukynghamiae‚</span> <span class='ocrx_word' id='word_1_1101' title='bbox 1902 1460 2044 1487; x_wconf 77' lang='lat' dir='ltr'>Moraviae</span> 
     </span>
     <span class='ocr_line' id='line_1_137' title="bbox 1348 1480 2158 1536; baseline 0.004 -14"><span class='ocrx_word' id='word_1_1102' title='bbox 1348 1493 1495 1531; x_wconf 84' lang='lat' dir='ltr'>Johannes</span> <span class='ocrx_word' id='word_1_1103' title='bbox 1509 1498 1579 1525; x_wconf 82' lang='lat' dir='ltr'>Dux</span> <span class='ocrx_word' id='word_1_1104' title='bbox 1595 1495 1794 1536; x_wconf 78' lang='lat' dir='ltr'>Northfhlciae‚</span> <span class='ocrx_word' id='word_1_1105' title='bbox 1901 1496 1941 1526; x_wconf 87' lang='lat' dir='ltr'>Et</span> <span class='ocrx_word' id='word_1_1106' title='bbox 1957 1480 2158 1536; x_wconf 54' lang='lat' dir='ltr'>Cra‘ufurdiae,</span> 
     </span>
     <span class='ocr_line' id='line_1_138' title="bbox 1348 1533 2053 1574; baseline 0.004 -13"><span class='ocrx_word' id='word_1_1107' title='bbox 1348 1533 1482 1563; x_wconf 82' lang='lat' dir='ltr'>Ricardus</span> <span class='ocrx_word' id='word_1_1108' title='bbox 1493 1538 1584 1564; x_wconf 82' lang='lat' dir='ltr'>Comes</span> <span class='ocrx_word' id='word_1_1109' title='bbox 1597 1539 1697 1565; x_wconf 82' lang='lat' dir='ltr'>Sarum</span> <span class='ocrx_word' id='word_1_1110' title='bbox 1705 1558 1714 1574; x_wconf 84' lang='lat'>‚</span> <span class='ocrx_word' id='word_1_1111' title='bbox 1902 1534 2053 1565; x_wconf 85' lang='lat' dir='ltr'>Comites:</span> 
     </span>
    </p>
   </div>
   <div class='ocr_carea' id='block_1_10' title="bbox 1348 1573 1865 2078">
    <p class='ocr_par' dir='ltr' id='par_1_29' title="bbox 1349 1573 1865 1923">
     <span class='ocr_line' id='line_1_139' title="bbox 1351 1573 1832 1614; baseline 0.01 -14"><span class='ocrx_word' id='word_1_1112' title='bbox 1351 1573 1488 1602; x_wconf 82' lang='lat' dir='ltr'>Henricus</span> <span class='ocrx_word' id='word_1_1113' title='bbox 1500 1577 1591 1602; x_wconf 82' lang='lat' dir='ltr'>Comes</span> <span class='ocrx_word' id='word_1_1114' title='bbox 1606 1574 1813 1605; x_wconf 77' lang='lat' dir='ltr'>Northumhriae</span> <span class='ocrx_word' id='word_1_1115' title='bbox 1822 1598 1832 1614; x_wconf 84' lang='lat'>,</span> 
     </span>
     <span class='ocr_line' id='line_1_140' title="bbox 1350 1609 1749 1652; baseline 0.015 -14"><span class='ocrx_word' id='word_1_1116' title='bbox 1350 1609 1498 1648; x_wconf 81' lang='lat' dir='ltr'>Johannes</span> <span class='ocrx_word' id='word_1_1117' title='bbox 1512 1615 1602 1642; x_wconf 83' lang='lat' dir='ltr'>Comes</span> <span class='ocrx_word' id='word_1_1118' title='bbox 1616 1616 1749 1652; x_wconf 82' lang='lat' dir='ltr'>Oxoniae,</span> 
     </span>
     <span class='ocr_line' id='line_1_141' title="bbox 1349 1648 1830 1690; baseline 0.008 -12"><span class='ocrx_word' id='word_1_1119' title='bbox 1349 1648 1498 1687; x_wconf 84' lang='lat' dir='ltr'>Johatmes</span> <span class='ocrx_word' id='word_1_1120' title='bbox 1519 1654 1548 1679; x_wconf 90' lang='lat' dir='ltr'><em>V</em></span> <span class='ocrx_word' id='word_1_1121' title='bbox 1547 1655 1666 1682; x_wconf 77' lang='lat' dir='ltr'>icecomes</span> <span class='ocrx_word' id='word_1_1122' title='bbox 1680 1656 1830 1690; x_wconf 77' lang='lat' dir='ltr'>Beamont,</span> 
     </span>
     <span class='ocr_line' id='line_1_142' title="bbox 1353 1689 1864 1730; baseline 0.01 -14"><span class='ocrx_word' id='word_1_1123' title='bbox 1353 1689 1488 1718; x_wconf 76' lang='lat' dir='ltr'>Henricus</span> <span class='ocrx_word' id='word_1_1124' title='bbox 1508 1691 1650 1721; x_wconf 75' lang='lat' dir='ltr'>Vicecomes</span> <span class='ocrx_word' id='word_1_1125' title='bbox 1668 1693 1701 1721; x_wconf 86' lang='lat' dir='ltr'>de</span> <span class='ocrx_word' id='word_1_1126' title='bbox 1718 1691 1864 1730; x_wconf 83' lang='lat' dir='ltr'>Bouchier,</span> 
     </span>
     <span class='ocr_line' id='line_1_143' title="bbox 1352 1725 1814 1768; baseline 0.009 -13"><span class='ocrx_word' id='word_1_1127' title='bbox 1352 1725 1469 1756; x_wconf 77' lang='lat' dir='ltr'>Thomas</span> <span class='ocrx_word' id='word_1_1128' title='bbox 1483 1731 1619 1758; x_wconf 81' lang='lat' dir='ltr'>Dominus</span> <span class='ocrx_word' id='word_1_1129' title='bbox 1638 1729 1671 1759; x_wconf 80' lang='lat' dir='ltr'>de</span> <span class='ocrx_word' id='word_1_1130' title='bbox 1685 1729 1814 1768; x_wconf 72' lang='lat' dir='ltr'>clifford,</span> 
     </span>
     <span class='ocr_line' id='line_1_144' title="bbox 1350 1765 1865 1808; baseline 0.01 -14"><span class='ocrx_word' id='word_1_1131' title='bbox 1350 1765 1507 1804; x_wconf 76' lang='lat' dir='ltr'>Radulphus</span> <span class='ocrx_word' id='word_1_1132' title='bbox 1520 1770 1657 1797; x_wconf 86' lang='lat' dir='ltr'>Dominus</span> <span class='ocrx_word' id='word_1_1133' title='bbox 1668 1769 1701 1799; x_wconf 86' lang='lat' dir='ltr'>de</span> <span class='ocrx_word' id='word_1_1134' title='bbox 1716 1768 1865 1808; x_wconf 77' lang='lat' dir='ltr'>Graystok,</span> 
     </span>
     <span class='ocr_line' id='line_1_145' title="bbox 1351 1803 1812 1847; baseline 0.009 -14"><span class='ocrx_word' id='word_1_1135' title='bbox 1351 1803 1473 1834; x_wconf 86' lang='lat' dir='ltr'>Thomas</span> <span class='ocrx_word' id='word_1_1136' title='bbox 1484 1808 1618 1836; x_wconf 85' lang='lat' dir='ltr'>Dominus</span> <span class='ocrx_word' id='word_1_1137' title='bbox 1633 1810 1794 1847; x_wconf 77' lang='lat' dir='ltr'>Fyzt-Hew</span> <span class='ocrx_word' id='word_1_1138' title='bbox 1802 1830 1812 1846; x_wconf 85' lang='lat'>,</span> 
     </span>
     <span class='ocr_line' id='line_1_146' title="bbox 1350 1843 1792 1884; baseline 0.009 -12"><span class='ocrx_word' id='word_1_1139' title='bbox 1350 1843 1473 1873; x_wconf 76' lang='lat' dir='ltr'>Thomas</span> <span class='ocrx_word' id='word_1_1140' title='bbox 1488 1847 1623 1875; x_wconf 80' lang='lat' dir='ltr'>Dominus</span> <span class='ocrx_word' id='word_1_1141' title='bbox 1636 1850 1669 1876; x_wconf 84' lang='lat' dir='ltr'>de</span> <span class='ocrx_word' id='word_1_1142' title='bbox 1682 1849 1775 1876; x_wconf 85' lang='lat' dir='ltr'>Dacre</span> <span class='ocrx_word' id='word_1_1143' title='bbox 1783 1870 1792 1884; x_wconf 90' lang='lat'>,</span> 
     </span>
     <span class='ocr_line' id='line_1_147' title="bbox 1349 1881 1612 1923; baseline 0.011 -13"><span class='ocrx_word' id='word_1_1144' title='bbox 1349 1881 1473 1912; x_wconf 81' lang='lat' dir='ltr'>Thomas</span> <span class='ocrx_word' id='word_1_1145' title='bbox 1489 1883 1612 1923; x_wconf 85' lang='lat' dir='ltr'>Nevell,</span> 
     </span>
    </p>

    <p class='ocr_par' dir='ltr' id='par_1_30' title="bbox 1348 1920 1612 1962">
     <span class='ocr_line' id='line_1_148' title="bbox 1348 1920 1612 1962; baseline 0.011 -13"><span class='ocrx_word' id='word_1_1146' title='bbox 1348 1920 1471 1951; x_wconf 85' lang='lat' dir='ltr'>Thomas</span> <span class='ocrx_word' id='word_1_1147' title='bbox 1485 1922 1612 1962; x_wconf 78' lang='lat' dir='ltr'>Stanley,</span> 
     </span>
    </p>

    <p class='ocr_par' dir='ltr' id='par_1_31' title="bbox 1348 1958 1690 2003">
     <span class='ocr_line' id='line_1_149' title="bbox 1348 1958 1690 2003; baseline 0.012 -15"><span class='ocrx_word' id='word_1_1148' title='bbox 1348 1958 1470 1997; x_wconf 79' lang='lat' dir='ltr'>Jacobus</span> <span class='ocrx_word' id='word_1_1149' title='bbox 1483 1964 1672 2003; x_wconf 77' lang='lat' dir='ltr'>Strangeweys</span> <span class='ocrx_word' id='word_1_1150' title='bbox 1680 1984 1690 2001; x_wconf 88' lang='lat'>,</span> 
     </span>
    </p>

    <p class='ocr_par' dir='ltr' id='par_1_32' title="bbox 1348 2000 1653 2040">
     <span class='ocr_line' id='line_1_150' title="bbox 1348 2000 1653 2040; baseline 0.013 -13"><span class='ocrx_word' id='word_1_1151' title='bbox 1348 2000 1482 2028; x_wconf 80' lang='lat' dir='ltr'>Henricus</span> <span class='ocrx_word' id='word_1_1152' title='bbox 1498 2001 1634 2040; x_wconf 81' lang='lat' dir='ltr'>Fenwyck</span> <span class='ocrx_word' id='word_1_1153' title='bbox 1642 2024 1653 2040; x_wconf 84' lang='lat'>,</span> 
     </span>
    </p>

    <p class='ocr_par' dir='ltr' id='par_1_33' title="bbox 1349 2037 1589 2078">
     <span class='ocr_line' id='line_1_151' title="bbox 1349 2037 1589 2078; baseline 0.013 -13"><span class='ocrx_word' id='word_1_1154' title='bbox 1349 2037 1480 2068; x_wconf 78' lang='lat' dir='ltr'>Robertus</span> <span class='ocrx_word' id='word_1_1155' title='bbox 1494 2038 1572 2076; x_wconf 70' lang='lat' dir='ltr'>Ogill</span> <span class='ocrx_word' id='word_1_1156' title='bbox 1579 2062 1589 2078; x_wconf 80' lang='lat'>‚</span> 
     </span>
    </p>
   </div>
   <div class='ocr_carea' id='block_1_11' title="bbox 1904 1572 2418 1644">
    <p class='ocr_par' dir='ltr' id='par_1_34' title="bbox 1904 1572 2418 1644">
     <span class='ocr_line' id='line_1_152' title="bbox 1904 1572 2382 1612; baseline -0.002 -8"><span class='ocrx_word' id='word_1_1157' title='bbox 1904 1575 1946 1603; x_wconf 88' lang='lat' dir='ltr'><em>W</em></span> <span class='ocrx_word' id='word_1_1158' title='bbox 1945 1573 2072 1604; x_wconf 80' lang='lat' dir='ltr'>illielmus</span> <span class='ocrx_word' id='word_1_1159' title='bbox 2085 1576 2218 1603; x_wconf 77' lang='lat' dir='ltr'>Dominus</span> <span class='ocrx_word' id='word_1_1160' title='bbox 2232 1572 2382 1612; x_wconf 78' lang='lat' dir='ltr'>Creghton,</span> 
     </span>
     <span class='ocr_line' id='line_1_153' title="bbox 1905 1611 2418 1644; baseline 0.004 -2"><span class='ocrx_word' id='word_1_1161' title='bbox 1905 1614 1947 1642; x_wconf 90' lang='lat' dir='ltr'><em>W</em></span> <span class='ocrx_word' id='word_1_1162' title='bbox 1948 1611 2072 1644; x_wconf 80' lang='lat' dir='ltr'>illielmus</span> <span class='ocrx_word' id='word_1_1163' title='bbox 2099 1615 2233 1643; x_wconf 77' lang='lat' dir='ltr'>Dominus</span> <span class='ocrx_word' id='word_1_1164' title='bbox 2262 1612 2296 1642; x_wconf 83' lang='lat' dir='ltr'>de</span> <span class='ocrx_word' id='word_1_1165' title='bbox 2316 1613 2418 1644; x_wconf 63' lang='lat' dir='ltr'>sanae</span> 
     </span>
    </p>
   </div>
   <div class='ocr_carea' id='block_1_12' title="bbox 1939 1650 2039 1690">
    <p class='ocr_par' dir='ltr' id='par_1_35' title="bbox 1939 1650 2039 1690">
     <span class='ocr_line' id='line_1_154' title="bbox 1939 1650 2039 1690; baseline -0.01 -9"><span class='ocrx_word' id='word_1_1166' title='bbox 1939 1650 2021 1681; x_wconf 75' lang='lat' dir='ltr'>Claro</span> <span class='ocrx_word' id='word_1_1167' title='bbox 2029 1674 2039 1690; x_wconf 85' lang='lat'>,</span> 
     </span>
    </p>
   </div>
   <div class='ocr_carea' id='block_1_13' title="bbox 1901 1727 2418 2078">
    <p class='ocr_par' dir='ltr' id='par_1_36' title="bbox 1903 1727 2418 1922">
     <span class='ocr_line' id='line_1_155' title="bbox 1903 1727 2379 1767; baseline -0.002 -9"><span class='ocrx_word' id='word_1_1168' title='bbox 1903 1728 2056 1759; x_wconf 77' lang='lat' dir='ltr'>Herbertus</span> <span class='ocrx_word' id='word_1_1169' title='bbox 2070 1731 2204 1759; x_wconf 74' lang='lat' dir='ltr'>Dominus</span> <span class='ocrx_word' id='word_1_1170' title='bbox 2220 1727 2379 1767; x_wconf 48' lang='lat' dir='ltr'>Mami-cll,</span> 
     </span>
     <span class='ocr_line' id='line_1_156' title="bbox 1903 1767 2418 1806; baseline -0.002 -8"><span class='ocrx_word' id='word_1_1171' title='bbox 1903 1767 2072 1798; x_wconf 79' lang='lat' dir='ltr'>Alexander</span> <span class='ocrx_word' id='word_1_1172' title='bbox 2086 1770 2222 1798; x_wconf 77' lang='lat' dir='ltr'>Dominus</span> <span class='ocrx_word' id='word_1_1173' title='bbox 2231 1769 2418 1806; x_wconf 51' lang='lat' dir='ltr'>Montgomerffi</span> 
     </span>
     <span class='ocr_line' id='line_1_157' title="bbox 1903 1816 2356 1889; baseline -0.002 -15"><span class='ocrx_word' id='word_1_1174' title='bbox 1903 1816 2037 1874; x_wconf 48' lang='lat' dir='ltr'>Azydieas</span> <span class='ocrx_word' id='word_1_1175' title='bbox 2055 1846 2188 1874; x_wconf 75' lang='lat' dir='ltr'>Dominus</span> <span class='ocrx_word' id='word_1_1176' title='bbox 2202 1843 2227 1873; x_wconf 85' lang='lat' dir='ltr'>Ie</span> <span class='ocrx_word' id='word_1_1177' title='bbox 2239 1846 2300 1874; x_wconf 83' lang='lat' dir='ltr'>Gra</span> <span class='ocrx_word' id='word_1_1178' title='bbox 2324 1867 2334 1883; x_wconf 83' lang='lat'>‚</span> <span class='ocrx_word' id='word_1_1179' title='bbox 2350 1883 2356 1889; x_wconf 27' lang='lat'>²</span> 
     </span>
     <span class='ocr_line' id='line_1_158' title="bbox 1903 1854 2385 1922; baseline 0.006 -10"><span class='ocrx_word' id='word_1_1180' title='bbox 1903 1885 2041 1912; x_wconf 79' lang='lat' dir='ltr'>Patricius</span> <span class='ocrx_word' id='word_1_1181' title='bbox 2058 1882 2204 1921; x_wconf 79' lang='lat' dir='ltr'>Hepburne</span> <span class='ocrx_word' id='word_1_1182' title='bbox 2217 1883 2254 1914; x_wconf 92' lang='lat' dir='ltr'>de</span> <span class='ocrx_word' id='word_1_1183' title='bbox 2268 1854 2385 1922; x_wconf 66' lang='lat' dir='ltr'>Hyayhs,</span> 
     </span>
    </p>

    <p class='ocr_par' dir='ltr' id='par_1_37' title="bbox 1931 1920 2233 1960">
     <span class='ocr_line' id='line_1_159' title="bbox 1931 1920 2233 1960; baseline 0.003 -9"><span class='ocrx_word' id='word_1_1184' title='bbox 1931 1921 2027 1952; x_wconf 84' lang='lat' dir='ltr'>acobus</span> <span class='ocrx_word' id='word_1_1185' title='bbox 2040 1921 2073 1951; x_wconf 86' lang='lat' dir='ltr'>de</span> <span class='ocrx_word' id='word_1_1186' title='bbox 2086 1920 2233 1960; x_wconf 79' lang='lat' dir='ltr'>Crithton,</span> 
     </span>
    </p>

    <p class='ocr_par' dir='ltr' id='par_1_38' title="bbox 1901 1966 2417 2078">
     <span class='ocr_line' id='line_1_160' title="bbox 1925 1966 2341 1990; baseline -0.002 0"><span class='ocrx_word' id='word_1_1187' title='bbox 1925 1969 2037 1990; x_wconf 86' lang='lat' dir='ltr'>arones:</span> <span class='ocrx_word' id='word_1_1188' title='bbox 2337 1966 2341 1972; x_wconf 87' lang='lat'>&#39;</span> 
     </span>
     <span class='ocr_line' id='line_1_161' title="bbox 1901 1997 2417 2039; baseline 0 -11"><span class='ocrx_word' id='word_1_1189' title='bbox 1901 1998 2069 2029; x_wconf 81' lang='lat' dir='ltr'>Alexander</span> <span class='ocrx_word' id='word_1_1190' title='bbox 2083 2001 2225 2030; x_wconf 85' lang='lat' dir='ltr'>Vicecomes</span> <span class='ocrx_word' id='word_1_1191' title='bbox 2240 1999 2272 2028; x_wconf 88' lang='lat' dir='ltr'>de</span> <span class='ocrx_word' id='word_1_1192' title='bbox 2287 1997 2417 2039; x_wconf 73' lang='lat' dir='ltr'>Angoffi,</span> 
     </span>
     <span class='ocr_line' id='line_1_162' title="bbox 1901 2036 2347 2078; baseline -0.002 -10"><span class='ocrx_word' id='word_1_1193' title='bbox 1901 2040 2036 2068; x_wconf 81' lang='lat' dir='ltr'>Andreas</span> <span class='ocrx_word' id='word_1_1194' title='bbox 2052 2040 2080 2067; x_wconf 91' lang='lat' dir='ltr'><em>V</em></span> <span class='ocrx_word' id='word_1_1195' title='bbox 2080 2040 2198 2067; x_wconf 80' lang='lat' dir='ltr'>icecomes</span> <span class='ocrx_word' id='word_1_1196' title='bbox 2214 2039 2246 2068; x_wconf 87' lang='lat' dir='ltr'>de</span> <span class='ocrx_word' id='word_1_1197' title='bbox 2263 2041 2287 2067; x_wconf 86' lang='lat' dir='ltr'><strong><em>F</em></strong></span> <span class='ocrx_word' id='word_1_1198' title='bbox 2280 2036 2347 2078; x_wconf 80' lang='lat' dir='ltr'>yse,</span> 
     </span>
    </p>
   </div>
   <div class='ocr_carea' id='block_1_14' title="bbox 1347 2075 2308 2195">
    <p class='ocr_par' dir='ltr' id='par_1_39' title="bbox 1347 2075 2308 2195">
     <span class='ocr_line' id='line_1_163' title="bbox 1349 2075 2244 2119; baseline 0.001 -14"><span class='ocrx_word' id='word_1_1199' title='bbox 1349 2075 1470 2106; x_wconf 82' lang='lat' dir='ltr'>Thomas</span> <span class='ocrx_word' id='word_1_1200' title='bbox 1483 2079 1642 2117; x_wconf 77' lang='lat' dir='ltr'>Heryngton</span> <span class='ocrx_word' id='word_1_1201' title='bbox 1650 2101 1660 2116; x_wconf 80' lang='lat'>,</span> <span class='ocrx_word' id='word_1_1202' title='bbox 1902 2080 1994 2107; x_wconf 84' lang='lat' dir='ltr'>Simon</span> <span class='ocrx_word' id='word_1_1203' title='bbox 2006 2077 2040 2106; x_wconf 85' lang='lat' dir='ltr'>de</span> <span class='ocrx_word' id='word_1_1204' title='bbox 2053 2075 2244 2119; x_wconf 79' lang='lat' dir='ltr'>Glendynwyn</span> 
     </span>
     <span class='ocr_line' id='line_1_164' title="bbox 1349 2100 2308 2156; baseline 0.001 -12"><span class='ocrx_word' id='word_1_1205' title='bbox 1349 2114 1469 2145; x_wconf 84' lang='lat' dir='ltr'>Thomas</span> <span class='ocrx_word' id='word_1_1206' title='bbox 1485 2116 1617 2156; x_wconf 79' lang='lat' dir='ltr'>Lumley,</span> <span class='ocrx_word' id='word_1_1207' title='bbox 1903 2114 2094 2146; x_wconf 69' lang='lat' dir='ltr'>Archibaldus</span> <span class='ocrx_word' id='word_1_1208' title='bbox 2107 2115 2140 2144; x_wconf 91' lang='lat' dir='ltr'>de</span> <span class='ocrx_word' id='word_1_1209' title='bbox 2156 2100 2308 2154; x_wconf 46' lang='lat' dir='ltr'>Dowghs,</span> 
     </span>
     <span class='ocr_line' id='line_1_165' title="bbox 1347 2153 2279 2195; baseline 0.003 -13"><span class='ocrx_word' id='word_1_1210' title='bbox 1347 2154 1480 2183; x_wconf 64' lang='lat' dir='ltr'>Pu&#39;cardus</span> <span class='ocrx_word' id='word_1_1211' title='bbox 1495 2155 1667 2195; x_wconf 63' lang='lat' dir='ltr'>Illusgrave‚</span> <span class='ocrx_word' id='word_1_1212' title='bbox 1904 2153 2071 2185; x_wconf 80' lang='lat' dir='ltr'>Willielmus</span> <span class='ocrx_word' id='word_1_1213' title='bbox 2083 2153 2116 2183; x_wconf 93' lang='lat' dir='ltr'>de</span> <span class='ocrx_word' id='word_1_1214' title='bbox 2130 2154 2279 2195; x_wconf 72' lang='lat' dir='ltr'>Crauslon,</span> 
     </span>
    </p>
   </div>
   <div class='ocr_carea' id='block_1_15' title="bbox 1348 2192 1865 2458">
    <p class='ocr_par' dir='ltr' id='par_1_40' title="bbox 1348 2192 1684 2232">
     <span class='ocr_line' id='line_1_166' title="bbox 1348 2192 1684 2232; baseline 0.006 -10"><span class='ocrx_word' id='word_1_1215' title='bbox 1348 2192 1495 2230; x_wconf 77' lang='lat' dir='ltr'>Johannes</span> <span class='ocrx_word' id='word_1_1216' title='bbox 1507 2194 1539 2224; x_wconf 85' lang='lat' dir='ltr'>de</span> <span class='ocrx_word' id='word_1_1217' title='bbox 1555 2193 1664 2224; x_wconf 87' lang='lat' dir='ltr'>Skelton</span> <span class='ocrx_word' id='word_1_1218' title='bbox 1674 2216 1684 2232; x_wconf 86' lang='lat'>‚</span> 
     </span>
    </p>

    <p class='ocr_par' dir='ltr' id='par_1_41' title="bbox 1350 2230 1676 2270">
     <span class='ocr_line' id='line_1_167' title="bbox 1350 2230 1676 2270; baseline 0.003 -9"><span class='ocrx_word' id='word_1_1219' title='bbox 1350 2230 1466 2262; x_wconf 83' lang='lat' dir='ltr'>Thomas</span> <span class='ocrx_word' id='word_1_1220' title='bbox 1483 2232 1515 2262; x_wconf 87' lang='lat' dir='ltr'>de</span> <span class='ocrx_word' id='word_1_1221' title='bbox 1530 2232 1559 2262; x_wconf 88' lang='lat' dir='ltr'>la</span> <span class='ocrx_word' id='word_1_1222' title='bbox 1576 2236 1676 2270; x_wconf 80' lang='lat' dir='ltr'>More,</span> 
     </span>
    </p>

    <p class='ocr_par' dir='ltr' id='par_1_42' title="bbox 1348 2269 1639 2310">
     <span class='ocr_line' id='line_1_168' title="bbox 1348 2269 1639 2310; baseline 0.007 -11"><span class='ocrx_word' id='word_1_1223' title='bbox 1348 2269 1494 2308; x_wconf 83' lang='lat' dir='ltr'>Johannes</span> <span class='ocrx_word' id='word_1_1224' title='bbox 1509 2274 1639 2310; x_wconf 75' lang='lat' dir='ltr'>Herorm,</span> 
     </span>
    </p>

    <p class='ocr_par' dir='ltr' id='par_1_43' title="bbox 1348 2309 1631 2348">
     <span class='ocr_line' id='line_1_169' title="bbox 1348 2309 1631 2348; baseline 0.007 -10"><span class='ocrx_word' id='word_1_1225' title='bbox 1348 2309 1480 2339; x_wconf 79' lang='lat' dir='ltr'>Robertus</span> <span class='ocrx_word' id='word_1_1226' title='bbox 1496 2313 1631 2348; x_wconf 80' lang='lat' dir='ltr'>Maners,</span> 
     </span>
    </p>

    <p class='ocr_par' dir='ltr' id='par_1_44' title="bbox 1349 2345 1865 2458">
     <span class='ocr_line' id='line_1_170' title="bbox 1349 2345 1864 2379; baseline -0.004 -2"><span class='ocrx_word' id='word_1_1227' title='bbox 1349 2346 1385 2378; x_wconf 88' lang='lat' dir='ltr'>Et</span> <span class='ocrx_word' id='word_1_1228' title='bbox 1408 2358 1510 2379; x_wconf 88' lang='lat' dir='ltr'>omnes</span> <span class='ocrx_word' id='word_1_1229' title='bbox 1536 2347 1693 2379; x_wconf 79' lang='lat' dir='ltr'>Admiralli</span> <span class='ocrx_word' id='word_1_1230' title='bbox 1716 2350 1812 2378; x_wconf 83' lang='lat' dir='ltr'>Maris</span> <span class='ocrx_word' id='word_1_1231' title='bbox 1830 2345 1864 2376; x_wconf 89' lang='lat'>&amp;</span> 
     </span>
     <span class='ocr_line' id='line_1_171' title="bbox 1388 2385 1865 2427; baseline -0.002 -11"><span class='ocrx_word' id='word_1_1232' title='bbox 1388 2386 1511 2427; x_wconf 76' lang='lat' dir='ltr'>Custodes</span> <span class='ocrx_word' id='word_1_1233' title='bbox 1533 2387 1725 2417; x_wconf 60' lang='lat' dir='ltr'>Marchiarum</span> <span class='ocrx_word' id='word_1_1234' title='bbox 1750 2385 1865 2425; x_wconf 85' lang='lat' dir='ltr'>Angliae</span> 
     </span>
     <span class='ocr_line' id='line_1_172' title="bbox 1386 2425 1632 2458; baseline 0.004 -3"><span class='ocrx_word' id='word_1_1235' title='bbox 1386 2426 1480 2457; x_wconf 83' lang='lat' dir='ltr'>versus</span> <span class='ocrx_word' id='word_1_1236' title='bbox 1493 2425 1632 2458; x_wconf 78' lang='lat' dir='ltr'>scoriam.</span> 
     </span>
    </p>
   </div>
   <div class='ocr_carea' id='block_1_16' title="bbox 1349 2500 1866 2582">
    <p class='ocr_par' dir='ltr' id='par_1_45' title="bbox 1349 2500 1866 2582">
     <span class='ocr_line' id='line_1_173' title="bbox 1349 2500 1866 2542; baseline 0 -10"><span class='ocrx_word' id='word_1_1237' title='bbox 1349 2500 1408 2533; x_wconf 89' lang='lat' dir='ltr'>Pro</span> <span class='ocrx_word' id='word_1_1238' title='bbox 1432 2502 1622 2535; x_wconf 88' lang='lat' dir='ltr'>Illustriffimo</span> <span class='ocrx_word' id='word_1_1239' title='bbox 1642 2503 1778 2542; x_wconf 89' lang='lat' dir='ltr'>Principe</span> <span class='ocrx_word' id='word_1_1240' title='bbox 1801 2504 1866 2533; x_wconf 87' lang='lat' dir='ltr'>Sco-</span> 
     </span>
     <span class='ocr_line' id='line_1_174' title="bbox 1388 2545 1679 2582; baseline 0.01 -12"><span class='ocrx_word' id='word_1_1241' title='bbox 1388 2549 1480 2572; x_wconf 82' lang='lat' dir='ltr'>torum</span> <span class='ocrx_word' id='word_1_1242' title='bbox 1492 2545 1562 2582; x_wconf 87' lang='lat' dir='ltr'>Rege</span> <span class='ocrx_word' id='word_1_1243' title='bbox 1578 2553 1679 2581; x_wconf 85' lang='lat' dir='ltr'>erunt,</span> 
     </span>
    </p>
   </div>
   <div class='ocr_carea' id='block_1_17' title="bbox 1900 2192 2418 2812">
    <p class='ocr_par' dir='ltr' id='par_1_46' title="bbox 1905 2192 2154 2230">
     <span class='ocr_line' id='line_1_175' title="bbox 1905 2192 2154 2230; baseline -0.008 -7"><span class='ocrx_word' id='word_1_1244' title='bbox 1905 2192 2044 2223; x_wconf 79' lang='lat' dir='ltr'>Wlterus</span> <span class='ocrx_word' id='word_1_1245' title='bbox 2059 2195 2134 2221; x_wconf 83' lang='lat' dir='ltr'>Scott</span> <span class='ocrx_word' id='word_1_1246' title='bbox 2143 2214 2154 2230; x_wconf 86' lang='lat'>,</span> 
     </span>
    </p>

    <p class='ocr_par' dir='ltr' id='par_1_47' title="bbox 1903 2230 2247 2271">
     <span class='ocr_line' id='line_1_176' title="bbox 1903 2230 2247 2271; baseline -0.009 -8"><span class='ocrx_word' id='word_1_1247' title='bbox 1903 2232 2036 2263; x_wconf 82' lang='lat' dir='ltr'>Robertus</span> <span class='ocrx_word' id='word_1_1248' title='bbox 2049 2231 2082 2260; x_wconf 83' lang='lat' dir='ltr'>de</span> <span class='ocrx_word' id='word_1_1249' title='bbox 2099 2230 2247 2271; x_wconf 80' lang='lat' dir='ltr'>Crighton,</span> 
     </span>
    </p>

    <p class='ocr_par' dir='ltr' id='par_1_48' title="bbox 1902 2269 2192 2309">
     <span class='ocr_line' id='line_1_177' title="bbox 1902 2269 2192 2309; baseline 0 -9"><span class='ocrx_word' id='word_1_1250' title='bbox 1902 2269 2071 2300; x_wconf 80' lang='lat' dir='ltr'>Alexander</span> <span class='ocrx_word' id='word_1_1251' title='bbox 2082 2271 2174 2300; x_wconf 70' lang='lat' dir='ltr'>Home</span> <span class='ocrx_word' id='word_1_1252' title='bbox 2181 2293 2192 2309; x_wconf 81' lang='lat'>‚</span> 
     </span>
    </p>

    <p class='ocr_par' dir='ltr' id='par_1_49' title="bbox 1901 2309 2122 2346">
     <span class='ocr_line' id='line_1_178' title="bbox 1901 2309 2122 2346; baseline -0.009 -7"><span class='ocrx_word' id='word_1_1253' title='bbox 1901 2309 2007 2339; x_wconf 86' lang='lat' dir='ltr'>David</span> <span class='ocrx_word' id='word_1_1254' title='bbox 2015 2311 2106 2338; x_wconf 72' lang='lat' dir='ltr'>Home</span> <span class='ocrx_word' id='word_1_1255' title='bbox 2113 2331 2122 2346; x_wconf 81' lang='lat'>‚</span> 
     </span>
    </p>

    <p class='ocr_par' dir='ltr' id='par_1_50' title="bbox 1902 2346 2233 2388">
     <span class='ocr_line' id='line_1_179' title="bbox 1902 2346 2233 2388; baseline -0.003 -11"><span class='ocrx_word' id='word_1_1256' title='bbox 1902 2347 2071 2377; x_wconf 82' lang='lat' dir='ltr'>Alexander</span> <span class='ocrx_word' id='word_1_1257' title='bbox 2083 2346 2233 2388; x_wconf 75' lang='lat' dir='ltr'>Ramefhy,</span> 
     </span>
    </p>

    <p class='ocr_par' dir='ltr' id='par_1_51' title="bbox 1904 2385 2026 2417">
     <span class='ocr_line' id='line_1_180' title="bbox 1904 2385 2026 2417; baseline 0 -1"><span class='ocrx_word' id='word_1_1258' title='bbox 1904 2385 2026 2417; x_wconf 85' lang='lat' dir='ltr'>Milites:</span> 
     </span>
    </p>

    <p class='ocr_par' dir='ltr' id='par_1_52' title="bbox 1900 2425 2124 2462">
     <span class='ocr_line' id='line_1_181' title="bbox 1900 2425 2124 2462; baseline -0.009 -6"><span class='ocrx_word' id='word_1_1259' title='bbox 1900 2425 2034 2456; x_wconf 80' lang='lat' dir='ltr'>Andreas</span> <span class='ocrx_word' id='word_1_1260' title='bbox 2047 2426 2124 2462; x_wconf 79' lang='lat' dir='ltr'>Ker,</span> 
     </span>
    </p>

    <p class='ocr_par' dir='ltr' id='par_1_53' title="bbox 1902 2459 2276 2502">
     <span class='ocr_line' id='line_1_182' title="bbox 1902 2459 2276 2502; baseline -0.005 -9"><span class='ocrx_word' id='word_1_1261' title='bbox 1902 2463 2052 2494; x_wconf 81' lang='lat' dir='ltr'>Nicholaus</span> <span class='ocrx_word' id='word_1_1262' title='bbox 2068 2459 2276 2502; x_wconf 74' lang='lat' dir='ltr'>Ruthyrfurde,</span> 
     </span>
    </p>

    <p class='ocr_par' dir='ltr' id='par_1_54' title="bbox 1901 2500 2271 2540">
     <span class='ocr_line' id='line_1_183' title="bbox 1901 2500 2271 2540; baseline -0.008 -7"><span class='ocrx_word' id='word_1_1263' title='bbox 1901 2502 2016 2533; x_wconf 70' lang='lat' dir='ltr'>Thomas</span> <span class='ocrx_word' id='word_1_1264' title='bbox 2033 2502 2066 2531; x_wconf 80' lang='lat' dir='ltr'>de</span> <span class='ocrx_word' id='word_1_1265' title='bbox 2079 2500 2252 2539; x_wconf 73' lang='lat' dir='ltr'>Crampsloun</span> <span class='ocrx_word' id='word_1_1266' title='bbox 2260 2523 2271 2540; x_wconf 79' lang='lat'>,</span> 
     </span>
    </p>

    <p class='ocr_par' dir='ltr' id='par_1_55' title="bbox 1903 2539 2264 2577">
     <span class='ocr_line' id='line_1_184' title="bbox 1903 2539 2264 2577; baseline -0.008 -6"><span class='ocrx_word' id='word_1_1267' title='bbox 1903 2544 1946 2571; x_wconf 92' lang='lat' dir='ltr'><em>W</em></span> <span class='ocrx_word' id='word_1_1268' title='bbox 1947 2540 2072 2571; x_wconf 84' lang='lat' dir='ltr'>illielmus</span> <span class='ocrx_word' id='word_1_1269' title='bbox 2089 2541 2121 2570; x_wconf 88' lang='lat' dir='ltr'>de</span> <span class='ocrx_word' id='word_1_1270' title='bbox 2138 2539 2264 2577; x_wconf 78' lang='lat' dir='ltr'>Karlile,</span> 
     </span>
    </p>

    <p class='ocr_par' dir='ltr' id='par_1_56' title="bbox 1904 2577 2280 2616">
     <span class='ocr_line' id='line_1_185' title="bbox 1904 2577 2280 2616; baseline -0.005 -7"><span class='ocrx_word' id='word_1_1271' title='bbox 1904 2579 2074 2609; x_wconf 85' lang='lat' dir='ltr'>Willielmus</span> <span class='ocrx_word' id='word_1_1272' title='bbox 2089 2579 2122 2607; x_wconf 86' lang='lat' dir='ltr'>de</span> <span class='ocrx_word' id='word_1_1273' title='bbox 2139 2577 2280 2616; x_wconf 80' lang='lat' dir='ltr'>Douglas,</span> 
     </span>
    </p>

    <p class='ocr_par' dir='ltr' id='par_1_57' title="bbox 1902 2616 2223 2658">
     <span class='ocr_line' id='line_1_186' title="bbox 1902 2616 2223 2658; baseline -0.003 -11"><span class='ocrx_word' id='word_1_1274' title='bbox 1902 2618 2000 2647; x_wconf 84' lang='lat' dir='ltr'>Adam</span> <span class='ocrx_word' id='word_1_1275' title='bbox 2016 2618 2048 2647; x_wconf 87' lang='lat' dir='ltr'>de</span> <span class='ocrx_word' id='word_1_1276' title='bbox 2065 2616 2223 2658; x_wconf 83' lang='lat' dir='ltr'>Johnston,</span> 
     </span>
    </p>

    <p class='ocr_par' dir='ltr' id='par_1_58' title="bbox 1901 2656 2251 2695">
     <span class='ocr_line' id='line_1_187' title="bbox 1901 2656 2251 2695; baseline -0.009 -8"><span class='ocrx_word' id='word_1_1277' title='bbox 1901 2656 2035 2687; x_wconf 80' lang='lat' dir='ltr'>Robertus</span> <span class='ocrx_word' id='word_1_1278' title='bbox 2049 2657 2081 2686; x_wconf 86' lang='lat' dir='ltr'>de</span> <span class='ocrx_word' id='word_1_1279' title='bbox 2094 2656 2251 2695; x_wconf 76' lang='lat' dir='ltr'>Lawea&#39;re‚</span> 
     </span>
    </p>

    <p class='ocr_par' dir='ltr' id='par_1_59' title="bbox 1900 2692 2418 2812">
     <span class='ocr_line' id='line_1_188' title="bbox 1900 2692 2417 2729; baseline -0.006 -3"><span class='ocrx_word' id='word_1_1280' title='bbox 1900 2695 1939 2727; x_wconf 88' lang='lat' dir='ltr'>Et</span> <span class='ocrx_word' id='word_1_1281' title='bbox 1963 2706 2052 2725; x_wconf 86' lang='lat' dir='ltr'>omnes</span> <span class='ocrx_word' id='word_1_1282' title='bbox 2075 2693 2233 2724; x_wconf 83' lang='lat' dir='ltr'>Admiralli</span> <span class='ocrx_word' id='word_1_1283' title='bbox 2260 2695 2354 2723; x_wconf 63' lang='lat' dir='ltr'>hians</span> <span class='ocrx_word' id='word_1_1284' title='bbox 2377 2692 2417 2729; x_wconf 70' lang='grc' dir='ltr'>ό·</span> 
     </span>
     <span class='ocr_line' id='line_1_189' title="bbox 1937 2731 2418 2775; baseline -0.002 -11"><span class='ocrx_word' id='word_1_1285' title='bbox 1937 2734 2059 2775; x_wconf 78' lang='lat' dir='ltr'>Custodes</span> <span class='ocrx_word' id='word_1_1286' title='bbox 2074 2732 2267 2763; x_wconf 79' lang='lat' dir='ltr'>Marchiarum</span> <span class='ocrx_word' id='word_1_1287' title='bbox 2291 2732 2327 2763; x_wconf 88' lang='lat' dir='ltr'>de</span> <span class='ocrx_word' id='word_1_1288' title='bbox 2343 2731 2418 2764; x_wconf 84' lang='lat' dir='ltr'>Sco·</span> 
     </span>
     <span class='ocr_line' id='line_1_190' title="bbox 1948 2772 2259 2812; baseline -0.006 -8"><span class='ocrx_word' id='word_1_1289' title='bbox 1948 2774 1987 2804; x_wconf 85' lang='lat' dir='ltr'>tia</span> <span class='ocrx_word' id='word_1_1290' title='bbox 2010 2772 2108 2804; x_wconf 87' lang='lat' dir='ltr'>versus</span> <span class='ocrx_word' id='word_1_1291' title='bbox 2123 2772 2259 2812; x_wconf 86' lang='lat' dir='ltr'>Angliam</span> 
     </span>
    </p>
   </div>
   <div class='ocr_carea' id='block_1_18' title="bbox 1347 2617 1864 2813">
    <p class='ocr_par' dir='ltr' id='par_1_60' title="bbox 1347 2617 1864 2698">
     <span class='ocr_line' id='line_1_191' title="bbox 1347 2617 1864 2659; baseline 0.002 -11"><span class='ocrx_word' id='word_1_1292' title='bbox 1347 2617 1469 2656; x_wconf 76' lang='lat' dir='ltr'>Jacobus</span> <span class='ocrx_word' id='word_1_1293' title='bbox 1481 2642 1492 2657; x_wconf 87' lang='lat'>,</span> <span class='ocrx_word' id='word_1_1294' title='bbox 1517 2623 1645 2659; x_wconf 80' lang='lat' dir='ltr'>Georgius</span> <span class='ocrx_word' id='word_1_1295' title='bbox 1660 2642 1670 2657; x_wconf 91' lang='lat'>‚</span> <span class='ocrx_word' id='word_1_1296' title='bbox 1701 2618 1864 2658; x_wconf 73' lang='lat' dir='ltr'>Johannes,</span> 
     </span>
     <span class='ocr_line' id='line_1_192' title="bbox 1385 2657 1796 2698; baseline 0.007 -13"><span class='ocrx_word' id='word_1_1297' title='bbox 1385 2657 1591 2698; x_wconf 72' lang='lat' dir='ltr'>Archibaldns²</span> <span class='ocrx_word' id='word_1_1298' title='bbox 1609 2657 1776 2689; x_wconf 78' lang='lat' dir='ltr'>Alexander</span> <span class='ocrx_word' id='word_1_1299' title='bbox 1785 2680 1796 2696; x_wconf 84' lang='lat'>‚</span> 
     </span>
    </p>

    <p class='ocr_par' dir='ltr' id='par_1_61' title="bbox 1349 2697 1694 2737">
     <span class='ocr_line' id='line_1_193' title="bbox 1349 2697 1694 2737; baseline 0.003 -11"><span class='ocrx_word' id='word_1_1300' title='bbox 1349 2698 1394 2726; x_wconf 89' lang='lat' dir='ltr'>De</span> <span class='ocrx_word' id='word_1_1301' title='bbox 1411 2697 1546 2736; x_wconf 81' lang='lat' dir='ltr'>Dowglas</span> <span class='ocrx_word' id='word_1_1302' title='bbox 1555 2720 1566 2737; x_wconf 89' lang='lat'>,</span> <span class='ocrx_word' id='word_1_1303' title='bbox 1687 2708 1694 2715; x_wconf 92' lang='lat'><strong>·</strong></span> 
     </span>
    </p>

    <p class='ocr_par' dir='ltr' id='par_1_62' title="bbox 1349 2735 1498 2775">
     <span class='ocr_line' id='line_1_194' title="bbox 1349 2735 1498 2775; baseline 0.013 -12"><span class='ocrx_word' id='word_1_1304' title='bbox 1349 2735 1480 2775; x_wconf 82' lang='lat' dir='ltr'>Angufiae</span> <span class='ocrx_word' id='word_1_1305' title='bbox 1487 2758 1498 2775; x_wconf 84' lang='lat'>,</span> 
     </span>
    </p>

    <p class='ocr_par' dir='ltr' id='par_1_63' title="bbox 1348 2772 1458 2813">
     <span class='ocr_line' id='line_1_195' title="bbox 1348 2772 1458 2813; baseline 0.009 -11"><span class='ocrx_word' id='word_1_1306' title='bbox 1348 2772 1440 2812; x_wconf 79' lang='lat' dir='ltr'>Roffiae</span> <span class='ocrx_word' id='word_1_1307' title='bbox 1448 2797 1458 2813; x_wconf 90' lang='lat'>‚</span> 
     </span>
    </p>
   </div>
   <div class='ocr_carea' id='block_1_19' title="bbox 1346 2849 2421 3585">
    <p class='ocr_par' dir='ltr' id='par_1_64' title="bbox 1346 2849 2421 3191">
     <span class='ocr_line' id='line_1_196' title="bbox 1387 2849 2419 2894; baseline -0.003 -14"><span class='ocrx_word' id='word_1_1308' title='bbox 1387 2850 1449 2889; x_wconf 87' lang='lat' dir='ltr'>Qui</span> <span class='ocrx_word' id='word_1_1309' title='bbox 1462 2851 1579 2891; x_wconf 86' lang='lat' dir='ltr'>quidem</span> <span class='ocrx_word' id='word_1_1310' title='bbox 1592 2860 1696 2882; x_wconf 88' lang='lat' dir='ltr'>omnes</span> <span class='ocrx_word' id='word_1_1311' title='bbox 1717 2851 1752 2882; x_wconf 90' lang='lat'>&amp;</span> <span class='ocrx_word' id='word_1_1312' title='bbox 1768 2850 1888 2889; x_wconf 75' lang='lat' dir='ltr'>singuli,</span> <span class='ocrx_word' id='word_1_1313' title='bbox 1905 2859 1940 2881; x_wconf 84' lang='lat' dir='ltr'>ex</span> <span class='ocrx_word' id='word_1_1314' title='bbox 1954 2858 2072 2891; x_wconf 88' lang='lat' dir='ltr'>utraque</span> <span class='ocrx_word' id='word_1_1315' title='bbox 2084 2857 2162 2894; x_wconf 81' lang='lat' dir='ltr'>parte</span> <span class='ocrx_word' id='word_1_1316' title='bbox 2174 2849 2252 2893; x_wconf 76' lang='lat' dir='ltr'>supra</span> <span class='ocrx_word' id='word_1_1317' title='bbox 2264 2849 2419 2891; x_wconf 79' lang='lat' dir='ltr'>nominati,</span> 
     </span>
     <span class='ocr_line' id='line_1_197' title="bbox 1349 2886 2418 2931; baseline -0.002 -13"><span class='ocrx_word' id='word_1_1318' title='bbox 1349 2888 1416 2920; x_wconf 89' lang='lat' dir='ltr'>hinc</span> <span class='ocrx_word' id='word_1_1319' title='bbox 1432 2891 1464 2921; x_wconf 89' lang='lat'>&amp;</span> <span class='ocrx_word' id='word_1_1320' title='bbox 1482 2891 1566 2929; x_wconf 85' lang='lat' dir='ltr'>inde,</span> <span class='ocrx_word' id='word_1_1321' title='bbox 1583 2890 1729 2921; x_wconf 90' lang='lat' dir='ltr'>habebunt</span> <span class='ocrx_word' id='word_1_1322' title='bbox 1751 2890 1865 2929; x_wconf 88' lang='lat' dir='ltr'>plenam</span> <span class='ocrx_word' id='word_1_1323' title='bbox 1889 2889 2081 2928; x_wconf 85' lang='lat' dir='ltr'>Potestatem,</span> <span class='ocrx_word' id='word_1_1324' title='bbox 2099 2888 2149 2919; x_wconf 84' lang='lat' dir='ltr'>soli</span> <span class='ocrx_word' id='word_1_1325' title='bbox 2171 2889 2207 2919; x_wconf 77' lang='grc' dir='ltr'>δε</span> <span class='ocrx_word' id='word_1_1326' title='bbox 2221 2897 2256 2931; x_wconf 44' lang='grc' dir='ltr'><strong>,ιι-ι</strong></span> <span class='ocrx_word' id='word_1_1327' title='bbox 2277 2886 2418 2931; x_wconf 77' lang='lat' dir='ltr'>solidum,</span> 
     </span>
     <span class='ocr_line' id='line_1_198' title="bbox 1348 2924 2418 2960; baseline -0.001 -3"><span class='ocrx_word' id='word_1_1328' title='bbox 1348 2938 1381 2958; x_wconf 84' lang='lat' dir='ltr'>ac</span> <span class='ocrx_word' id='word_1_1329' title='bbox 1400 2927 1538 2960; x_wconf 88' lang='lat' dir='ltr'>Gardiani</span> <span class='ocrx_word' id='word_1_1330' title='bbox 1553 2930 1586 2960; x_wconf 88' lang='lat'>&amp;</span> <span class='ocrx_word' id='word_1_1331' title='bbox 1604 2929 1752 2960; x_wconf 88' lang='lat' dir='ltr'>Admiralli</span> <span class='ocrx_word' id='word_1_1332' title='bbox 1766 2930 1794 2958; x_wconf 91' lang='lat' dir='ltr'>in</span> <span class='ocrx_word' id='word_1_1333' title='bbox 1811 2928 1899 2959; x_wconf 80' lang='lat' dir='ltr'>Locis</span> <span class='ocrx_word' id='word_1_1334' title='bbox 1921 2927 2070 2959; x_wconf 87' lang='lat' dir='ltr'>Custodiae</span> <span class='ocrx_word' id='word_1_1335' title='bbox 2087 2927 2121 2959; x_wconf 91' lang='lat'>&amp;</span> <span class='ocrx_word' id='word_1_1336' title='bbox 2139 2924 2345 2957; x_wconf 83' lang='lat' dir='ltr'>Admiranitaiis</span> <span class='ocrx_word' id='word_1_1337' title='bbox 2359 2926 2418 2956; x_wconf 85' lang='lat' dir='ltr'>sua-</span> 
     </span>
     <span class='ocr_line' id='line_1_199' title="bbox 1350 2963 2420 3010; baseline -0.005 -12"><span class='ocrx_word' id='word_1_1338' title='bbox 1350 2977 1434 3006; x_wconf 82' lang='lat' dir='ltr'>rum,</span> <span class='ocrx_word' id='word_1_1339' title='bbox 1452 2969 1485 2998; x_wconf 93' lang='lat' dir='ltr'>ad</span> <span class='ocrx_word' id='word_1_1340' title='bbox 1502 2967 1726 3007; x_wconf 87' lang='lat' dir='ltr'>Reparandum,</span> <span class='ocrx_word' id='word_1_1341' title='bbox 1745 2966 1998 3005; x_wconf 83' lang='lat' dir='ltr'>Reformandum‚</span> <span class='ocrx_word' id='word_1_1342' title='bbox 2016 2966 2050 2997; x_wconf 88' lang='lat'>&amp;</span> <span class='ocrx_word' id='word_1_1343' title='bbox 2063 2963 2302 3010; x_wconf 80' lang='lat' dir='ltr'>Emendandum‚</span> <span class='ocrx_word' id='word_1_1344' title='bbox 2320 2963 2420 3003; x_wconf 83' lang='lat' dir='ltr'>Repa-</span> 
     </span>
     <span class='ocr_line' id='line_1_200' title="bbox 1349 3002 2418 3047; baseline -0.001 -12"><span class='ocrx_word' id='word_1_1345' title='bbox 1349 3006 1416 3043; x_wconf 87' lang='lat' dir='ltr'>rari,</span> <span class='ocrx_word' id='word_1_1346' title='bbox 1437 3006 1617 3044; x_wconf 81' lang='lat' dir='ltr'>Reformari‚</span> <span class='ocrx_word' id='word_1_1347' title='bbox 1635 3008 1669 3038; x_wconf 91' lang='lat'>&amp;</span> <span class='ocrx_word' id='word_1_1348' title='bbox 1684 3006 1840 3037; x_wconf 86' lang='lat' dir='ltr'>Emendari</span> <span class='ocrx_word' id='word_1_1349' title='bbox 1855 3005 2019 3037; x_wconf 82' lang='lat' dir='ltr'>faciendum</span> <span class='ocrx_word' id='word_1_1350' title='bbox 2033 3013 2131 3047; x_wconf 83' lang='lat' dir='ltr'>omnia</span> <span class='ocrx_word' id='word_1_1351' title='bbox 2151 3002 2288 3040; x_wconf 88' lang='lat' dir='ltr'>Dampna</span> <span class='ocrx_word' id='word_1_1352' title='bbox 2309 3002 2342 3034; x_wconf 91' lang='lat'>&amp;</span> <span class='ocrx_word' id='word_1_1353' title='bbox 2361 3003 2418 3034; x_wconf 92' lang='lat' dir='ltr'>At-</span> 
     </span>
     <span class='ocr_line' id='line_1_201' title="bbox 1349 3041 2418 3085; baseline -0.002 -12"><span class='ocrx_word' id='word_1_1354' title='bbox 1349 3052 1497 3083; x_wconf 77' lang='lat' dir='ltr'>temptata,</span> <span class='ocrx_word' id='word_1_1355' title='bbox 1515 3045 1704 3085; x_wconf 82' lang='lat' dir='ltr'>Exceffusque</span> <span class='ocrx_word' id='word_1_1356' title='bbox 1718 3045 1792 3076; x_wconf 68' lang='lat' dir='ltr'>faeta</span> <span class='ocrx_word' id='word_1_1357' title='bbox 1807 3045 1841 3075; x_wconf 92' lang='lat'>&amp;</span> <span class='ocrx_word' id='word_1_1358' title='bbox 1862 3051 2033 3083; x_wconf 86' lang='lat' dir='ltr'>perpetrata,</span> <span class='ocrx_word' id='word_1_1359' title='bbox 2051 3041 2179 3073; x_wconf 84' lang='lat' dir='ltr'>facienda</span> <span class='ocrx_word' id='word_1_1360' title='bbox 2198 3041 2236 3085; x_wconf 62' lang='grc' dir='ltr'>ὃς</span> <span class='ocrx_word' id='word_1_1361' title='bbox 2254 3050 2418 3079; x_wconf 83' lang='lat' dir='ltr'>perpetran-</span> 
     </span>
     <span class='ocr_line' id='line_1_202' title="bbox 1347 3079 2418 3124; baseline -0.004 -11"><span class='ocrx_word' id='word_1_1362' title='bbox 1347 3082 1398 3121; x_wconf 87' lang='lat' dir='ltr'>da,</span> <span class='ocrx_word' id='word_1_1363' title='bbox 1416 3093 1516 3114; x_wconf 89' lang='lat' dir='ltr'>contra</span> <span class='ocrx_word' id='word_1_1364' title='bbox 1532 3084 1685 3115; x_wconf 86' lang='lat' dir='ltr'>Tenorem</span> <span class='ocrx_word' id='word_1_1365' title='bbox 1700 3083 1842 3115; x_wconf 61' lang='lat' dir='ltr'>(licitarum</span> <span class='ocrx_word' id='word_1_1366' title='bbox 1857 3082 2057 3120; x_wconf 88' lang='lat' dir='ltr'>Treugarum,</span> <span class='ocrx_word' id='word_1_1367' title='bbox 2071 3081 2105 3111; x_wconf 93' lang='lat'>&amp;</span> <span class='ocrx_word' id='word_1_1368' title='bbox 2120 3079 2418 3124; x_wconf 76' lang='lat' dir='ltr'>adPuniendumom-</span> 
     </span>
     <span class='ocr_line' id='line_1_203' title="bbox 1346 3117 2421 3191; baseline -0.003 -39"><span class='ocrx_word' id='word_1_1369' title='bbox 1346 3132 1400 3191; x_wconf 51' lang='grc' dir='ltr'>ἓξ</span> <span class='ocrx_word' id='word_1_1370' title='bbox 1415 3121 1617 3154; x_wconf 68' lang='lat' dir='ltr'>Maiefaetoies</span> <span class='ocrx_word' id='word_1_1371' title='bbox 1629 3123 1661 3154; x_wconf 90' lang='lat'>&amp;</span> <span class='ocrx_word' id='word_1_1372' title='bbox 1677 3122 1799 3162; x_wconf 79' lang='lat' dir='ltr'>singulos</span> <span class='ocrx_word' id='word_1_1373' title='bbox 1813 3121 1969 3152; x_wconf 88' lang='lat' dir='ltr'>secundum</span> <span class='ocrx_word' id='word_1_1374' title='bbox 1986 3118 2092 3150; x_wconf 87' lang='lat' dir='ltr'>Casum</span> <span class='ocrx_word' id='word_1_1375' title='bbox 2107 3119 2141 3150; x_wconf 92' lang='lat'>&amp;</span> <span class='ocrx_word' id='word_1_1376' title='bbox 2162 3117 2344 3159; x_wconf 80' lang='lat' dir='ltr'>Exigenuam</span> <span class='ocrx_word' id='word_1_1377' title='bbox 2357 3118 2421 3150; x_wconf 89' lang='lat' dir='ltr'>De-</span> 
     </span>
    </p>

    <p class='ocr_par' dir='ltr' id='par_1_65' title="bbox 1397 3171 1498 3194">
     <span class='ocr_line' id='line_1_204' title="bbox 1397 3171 1498 3194; baseline 0.03 -3"><span class='ocrx_word' id='word_1_1378' title='bbox 1397 3171 1498 3194; x_wconf 58' lang='lat' dir='ltr'>orum„</span> 
     </span>
    </p>

    <p class='ocr_par' dir='ltr' id='par_1_66' title="bbox 1350 3193 2419 3469">
     <span class='ocr_line' id='line_1_205' title="bbox 1388 3193 2418 3240; baseline -0.003 -10"><span class='ocrx_word' id='word_1_1379' title='bbox 1388 3199 1536 3230; x_wconf 72' lang='lat' dir='ltr'>Suum</span> <span class='ocrx_word' id='word_1_1380' title='bbox 1546 3208 1652 3238; x_wconf 77' lang='lat' dir='ltr'>TER,</span> <span class='ocrx_word' id='word_1_1381' title='bbox 1670 3198 1907 3236; x_wconf 77' lang='lat' dir='ltr'>Concordamm,</span> <span class='ocrx_word' id='word_1_1382' title='bbox 1924 3194 2122 3240; x_wconf 76' lang='lat' dir='ltr'>Conclusurn,</span> <span class='ocrx_word' id='word_1_1383' title='bbox 2139 3195 2174 3239; x_wconf 69' lang='grc' dir='ltr'>βε</span> <span class='ocrx_word' id='word_1_1384' title='bbox 2189 3193 2343 3240; x_wconf 82' lang='lat' dir='ltr'>Provisum</span> <span class='ocrx_word' id='word_1_1385' title='bbox 2359 3195 2418 3236; x_wconf 84' lang='lat' dir='ltr'>est,</span> 
     </span>
     <span class='ocr_line' id='line_1_206' title="bbox 1350 3233 2419 3279; baseline -0.003 -10"><span class='ocrx_word' id='word_1_1386' title='bbox 1350 3238 1424 3268; x_wconf 89' lang='lat' dir='ltr'>inter</span> <span class='ocrx_word' id='word_1_1387' title='bbox 1438 3238 1508 3269; x_wconf 91' lang='lat' dir='ltr'>Nos</span> <span class='ocrx_word' id='word_1_1388' title='bbox 1528 3238 1660 3277; x_wconf 78' lang='lat' dir='ltr'>praefatos</span> <span class='ocrx_word' id='word_1_1389' title='bbox 1682 3238 1824 3276; x_wconf 89' lang='lat' dir='ltr'>utriusque</span> <span class='ocrx_word' id='word_1_1390' title='bbox 1850 3236 1942 3267; x_wconf 84' lang='lat' dir='ltr'>Partis</span> <span class='ocrx_word' id='word_1_1391' title='bbox 1963 3233 2201 3279; x_wconf 65' lang='lat' dir='ltr'>ComrniffariOS,</span> <span class='ocrx_word' id='word_1_1392' title='bbox 2218 3235 2299 3272; x_wconf 78' lang='lat' dir='ltr'>quod</span> <span class='ocrx_word' id='word_1_1393' title='bbox 2320 3235 2419 3266; x_wconf 91' lang='lat' dir='ltr'>licebit</span> 
     </span>
     <span class='ocr_line' id='line_1_207' title="bbox 1351 3272 2419 3317; baseline -0.001 -11"><span class='ocrx_word' id='word_1_1394' title='bbox 1351 3278 1527 3315; x_wconf 89' lang='lat' dir='ltr'>cuicumque</span> <span class='ocrx_word' id='word_1_1395' title='bbox 1546 3277 1692 3315; x_wconf 81' lang='lat' dir='ltr'>Spoliato,</span> <span class='ocrx_word' id='word_1_1396' title='bbox 1710 3275 1900 3313; x_wconf 77' lang='lat' dir='ltr'>Depraedato,</span> <span class='ocrx_word' id='word_1_1397' title='bbox 1920 3277 1936 3291; x_wconf 72' lang='grc'>*</span> <span class='ocrx_word' id='word_1_1398' title='bbox 1949 3282 1998 3304; x_wconf 89' lang='lat' dir='ltr'>aut</span> <span class='ocrx_word' id='word_1_1399' title='bbox 2013 3272 2148 3312; x_wconf 65' lang='lat' dir='ltr'>injuriato</span> <span class='ocrx_word' id='word_1_1400' title='bbox 2170 3281 2269 3317; x_wconf 81' lang='lat' dir='ltr'>contra</span> <span class='ocrx_word' id='word_1_1401' title='bbox 2289 3273 2419 3305; x_wconf 86' lang='lat' dir='ltr'>formam</span> 
     </span>
     <span class='ocr_line' id='line_1_208' title="bbox 1351 3310 2419 3355; baseline -0.002 -10"><span class='ocrx_word' id='word_1_1402' title='bbox 1351 3315 1550 3354; x_wconf 86' lang='lat' dir='ltr'>Treugarum,</span> <span class='ocrx_word' id='word_1_1403' title='bbox 1570 3325 1660 3353; x_wconf 87' lang='lat' dir='ltr'>nuper</span> <span class='ocrx_word' id='word_1_1404' title='bbox 1672 3314 1748 3355; x_wconf 88' lang='lat' dir='ltr'>apud</span> <span class='ocrx_word' id='word_1_1405' title='bbox 1765 3314 1921 3344; x_wconf 87' lang='lat' dir='ltr'>Civitatem</span> <span class='ocrx_word' id='word_1_1406' title='bbox 1936 3310 2180 3355; x_wconf 72' lang='lat' dir='ltr'>Dunelmensem,</span> <span class='ocrx_word' id='word_1_1407' title='bbox 2196 3320 2271 3355; x_wconf 81' lang='lat' dir='ltr'>inter</span> <span class='ocrx_word' id='word_1_1408' title='bbox 2308 3313 2419 3343; x_wconf 83' lang='lat' dir='ltr'>raefatos</span> 
     </span>
     <span class='ocr_line' id='line_1_209' title="bbox 1352 3322 2418 3396; baseline -0.001 -13"><span class='ocrx_word' id='word_1_1409' title='bbox 1352 3354 1444 3393; x_wconf 80' lang='lat' dir='ltr'>Reges</span> <span class='ocrx_word' id='word_1_1410' title='bbox 1459 3356 1607 3391; x_wconf 87' lang='lat' dir='ltr'>initarum,</span> <span class='ocrx_word' id='word_1_1411' title='bbox 1626 3353 1707 3384; x_wconf 89' lang='lat' dir='ltr'>suum</span> <span class='ocrx_word' id='word_1_1412' title='bbox 1724 3353 1872 3396; x_wconf 76' lang='lat' dir='ltr'>Spolium,</span> <span class='ocrx_word' id='word_1_1413' title='bbox 1890 3351 2054 3395; x_wconf 32' lang='lat' dir='ltr'>Rapm⁴m‚</span> <span class='ocrx_word' id='word_1_1414' title='bbox 2069 3349 2115 3380; x_wconf 89' lang='lat' dir='ltr'>seu</span> <span class='ocrx_word' id='word_1_1415' title='bbox 2133 3348 2268 3387; x_wconf 69' lang='lat' dir='ltr'>Iniuriam</span> <span class='ocrx_word' id='word_1_1416' title='bbox 2282 3322 2418 3396; x_wconf 61' lang='lat' dir='ltr'>Prosequi</span> 
     </span>
     <span class='ocr_line' id='line_1_210' title="bbox 1352 3387 2419 3433; baseline -0.002 -11"><span class='ocrx_word' id='word_1_1417' title='bbox 1352 3402 1450 3423; x_wconf 87' lang='lat' dir='ltr'>coram</span> <span class='ocrx_word' id='word_1_1418' title='bbox 1471 3392 1697 3430; x_wconf 89' lang='lat' dir='ltr'>quibuscumque</span> <span class='ocrx_word' id='word_1_1419' title='bbox 1712 3391 1879 3430; x_wconf 85' lang='lat' dir='ltr'>Judicibus,</span> <span class='ocrx_word' id='word_1_1420' title='bbox 1904 3399 1935 3419; x_wconf 92' lang='lat' dir='ltr'>in</span> <span class='ocrx_word' id='word_1_1421' title='bbox 1958 3389 2052 3427; x_wconf 89' lang='lat' dir='ltr'>aliquo</span> <span class='ocrx_word' id='word_1_1422' title='bbox 2070 3387 2245 3433; x_wconf 80' lang='lat' dir='ltr'>Regnorum</span> <span class='ocrx_word' id='word_1_1423' title='bbox 2264 3389 2419 3428; x_wconf 61' lang='lat' dir='ltr'>praediao-</span> 
     </span>
     <span class='ocr_line' id='line_1_211' title="bbox 1351 3426 2419 3469; baseline -0.002 -9"><span class='ocrx_word' id='word_1_1424' title='bbox 1351 3441 1416 3460; x_wconf 88' lang='lat' dir='ltr'>rum</span> <span class='ocrx_word' id='word_1_1425' title='bbox 1425 3453 1436 3469; x_wconf 86' lang='lat'>,</span> <span class='ocrx_word' id='word_1_1426' title='bbox 1454 3433 1484 3461; x_wconf 88' lang='lat' dir='ltr'>in</span> <span class='ocrx_word' id='word_1_1427' title='bbox 1504 3440 1534 3460; x_wconf 70' lang='lat' dir='ltr'>m</span> <span class='ocrx_word' id='word_1_1428' title='bbox 1548 3438 1626 3467; x_wconf 86' lang='lat' dir='ltr'>parte</span> <span class='ocrx_word' id='word_1_1429' title='bbox 1641 3429 1886 3467; x_wconf 86' lang='lat' dir='ltr'>competentibus,</span> <span class='ocrx_word' id='word_1_1430' title='bbox 1900 3426 2140 3467; x_wconf 86' lang='lat' dir='ltr'>quandocumque</span> <span class='ocrx_word' id='word_1_1431' title='bbox 2150 3426 2201 3457; x_wconf 87' lang='lat' dir='ltr'>fibi</span> <span class='ocrx_word' id='word_1_1432' title='bbox 2216 3427 2360 3459; x_wconf 83' lang='lat' dir='ltr'>videbitur</span> <span class='ocrx_word' id='word_1_1433' title='bbox 2370 3436 2419 3459; x_wconf 87' lang='lat' dir='ltr'>ex-</span> 
     </span>
    </p>

    <p class='ocr_par' dir='ltr' id='par_1_67' title="bbox 1387 3466 2416 3507">
     <span class='ocr_line' id='line_1_212' title="bbox 1387 3466 2416 3507; baseline -0.002 -8"><span class='ocrx_word' id='word_1_1434' title='bbox 1387 3470 1454 3507; x_wconf 88' lang='lat' dir='ltr'>diri‚</span> <span class='ocrx_word' id='word_1_1435' title='bbox 1469 3469 1502 3500; x_wconf 89' lang='lat'>&amp;</span> <span class='ocrx_word' id='word_1_1436' title='bbox 1514 3467 1637 3507; x_wconf 83' lang='lat' dir='ltr'>Justitiae</span> <span class='ocrx_word' id='word_1_1437' title='bbox 1651 3468 1901 3507; x_wconf 89' lang='lat' dir='ltr'>complementum</span> <span class='ocrx_word' id='word_1_1438' title='bbox 1918 3467 2064 3505; x_wconf 75' lang='lat' dir='ltr'>optinere3</span> <span class='ocrx_word' id='word_1_1439' title='bbox 2082 3466 2263 3503; x_wconf 72' lang='lat' dir='ltr'>praesentium</span> <span class='ocrx_word' id='word_1_1440' title='bbox 2276 3475 2416 3497; x_wconf 87' lang='lat' dir='ltr'>novarum</span> 
     </span>
    </p>

    <p class='ocr_par' dir='ltr' id='par_1_68' title="bbox 1351 3503 2416 3585">
     <span class='ocr_line' id='line_1_213' title="bbox 1384 3503 2416 3546; baseline -0.001 -9"><span class='ocrx_word' id='word_1_1441' title='bbox 1384 3516 1531 3546; x_wconf 85' lang='lat' dir='ltr'>teugarum</span> <span class='ocrx_word' id='word_1_1442' title='bbox 1545 3506 1709 3545; x_wconf 87' lang='lat' dir='ltr'>Captione‚</span> <span class='ocrx_word' id='word_1_1443' title='bbox 1731 3504 1823 3544; x_wconf 69' lang='lat' dir='ltr'>aliqua</span> <span class='ocrx_word' id='word_1_1444' title='bbox 1840 3503 2072 3543; x_wconf 84' lang='lat' dir='ltr'>Consuetudine‚</span> <span class='ocrx_word' id='word_1_1445' title='bbox 2096 3504 2130 3535; x_wconf 89' lang='lat'>&amp;</span> <span class='ocrx_word' id='word_1_1446' title='bbox 2153 3504 2270 3543; x_wconf 91' lang='lat' dir='ltr'>Abusu,</span> <span class='ocrx_word' id='word_1_1447' title='bbox 2294 3505 2416 3544; x_wconf 83' lang='lat' dir='ltr'>aliquan·</span> 
     </span>
     <span class='ocr_line' id='line_1_214' title="bbox 1351 3542 2296 3585; baseline -0.003 -9"><span class='ocrx_word' id='word_1_1448' title='bbox 1351 3546 1408 3585; x_wconf 88' lang='lat' dir='ltr'>do,</span> <span class='ocrx_word' id='word_1_1449' title='bbox 1426 3548 1455 3577; x_wconf 90' lang='lat' dir='ltr'>in</span> <span class='ocrx_word' id='word_1_1450' title='bbox 1472 3546 1645 3577; x_wconf 87' lang='lat' dir='ltr'>contrarium</span> <span class='ocrx_word' id='word_1_1451' title='bbox 1661 3544 1778 3583; x_wconf 88' lang='lat' dir='ltr'>habitis,</span> <span class='ocrx_word' id='word_1_1452' title='bbox 1794 3553 1854 3574; x_wconf 91' lang='lat' dir='ltr'>non</span> <span class='ocrx_word' id='word_1_1453' title='bbox 1871 3542 2048 3574; x_wconf 85' lang='lat' dir='ltr'>obstantibus</span> <span class='ocrx_word' id='word_1_1454' title='bbox 2061 3543 2296 3582; x_wconf 90' lang='lat' dir='ltr'>quibuscumque.</span> 
     </span>
    </p>
   </div>
   <div class='ocr_carea' id='block_1_20' title="bbox 1350 3615 2415 3738">
    <p class='ocr_par' dir='ltr' id='par_1_69' title="bbox 1350 3615 2415 3738">
     <span class='ocr_line' id='line_1_215' title="bbox 1388 3615 2414 3654; baseline -0.005 0"><span class='ocrx_word' id='word_1_1455' title='bbox 1388 3622 1491 3654; x_wconf 90' lang='lat' dir='ltr'>Tenor</span> <span class='ocrx_word' id='word_1_1456' title='bbox 1504 3623 1577 3652; x_wconf 76' lang='lat' dir='ltr'>vero</span> <span class='ocrx_word' id='word_1_1457' title='bbox 1593 3622 1761 3652; x_wconf 88' lang='lat' dir='ltr'>Litterarum</span> <span class='ocrx_word' id='word_1_1458' title='bbox 1775 3620 1937 3653; x_wconf 82' lang='lat' dir='ltr'>Parentium</span> <span class='ocrx_word' id='word_1_1459' title='bbox 1948 3620 2019 3651; x_wconf 68' lang='lat' dir='ltr'>dicti</span> <span class='ocrx_word' id='word_1_1460' title='bbox 2034 3618 2267 3651; x_wconf 76' lang='lat' dir='ltr'>Excellentiffimi</span> <span class='ocrx_word' id='word_1_1461' title='bbox 2279 3620 2314 3650; x_wconf 74' lang='grc' dir='ltr'>δε</span> <span class='ocrx_word' id='word_1_1462' title='bbox 2327 3615 2414 3648; x_wconf 80' lang='lat' dir='ltr'>Chri·</span> 
     </span>
     <span class='ocr_line' id='line_1_216' title="bbox 1350 3656 2415 3699; baseline -0.003 -7"><span class='ocrx_word' id='word_1_1463' title='bbox 1350 3661 1503 3692; x_wconf 80' lang='lat' dir='ltr'>stianiffimi</span> <span class='ocrx_word' id='word_1_1464' title='bbox 1515 3660 1656 3699; x_wconf 87' lang='lat' dir='ltr'>Principis</span> <span class='ocrx_word' id='word_1_1465' title='bbox 1669 3659 1782 3698; x_wconf 78' lang='lat' dir='ltr'>Angliae</span> <span class='ocrx_word' id='word_1_1466' title='bbox 1801 3658 1841 3696; x_wconf 83' lang='lat'><em>&amp;</em></span> <span class='ocrx_word' id='word_1_1467' title='bbox 1859 3662 1982 3690; x_wconf 57' lang='lat' dir='ltr'>Fraude</span> <span class='ocrx_word' id='word_1_1468' title='bbox 1995 3662 2091 3698; x_wconf 78' lang='lat' dir='ltr'>Regis,</span> <span class='ocrx_word' id='word_1_1469' title='bbox 2110 3659 2160 3698; x_wconf 90' lang='lat' dir='ltr'>(de</span> <span class='ocrx_word' id='word_1_1470' title='bbox 2175 3658 2277 3698; x_wconf 83' lang='lat' dir='ltr'>quibus</span> <span class='ocrx_word' id='word_1_1471' title='bbox 2290 3658 2370 3697; x_wconf 76' lang='lat' dir='ltr'>(upra</span> <span class='ocrx_word' id='word_1_1472' title='bbox 2382 3656 2415 3689; x_wconf 84' lang='lat' dir='ltr'>fit</span> 
     </span>
     <span class='ocr_line' id='line_1_217' title="bbox 1351 3699 1828 3738; baseline -0.006 -7"><span class='ocrx_word' id='word_1_1473' title='bbox 1351 3701 1475 3737; x_wconf 88' lang='lat' dir='ltr'>mentio)</span> <span class='ocrx_word' id='word_1_1474' title='bbox 1489 3700 1631 3738; x_wconf 85' lang='lat' dir='ltr'>sequitur,</span> <span class='ocrx_word' id='word_1_1475' title='bbox 1649 3701 1684 3731; x_wconf 87' lang='lat'>&amp;</span> <span class='ocrx_word' id='word_1_1476' title='bbox 1697 3701 1740 3730; x_wconf 84' lang='lat' dir='ltr'>eil:</span> <span class='ocrx_word' id='word_1_1477' title='bbox 1753 3699 1828 3737; x_wconf 86' lang='lat' dir='ltr'>talis,</span> 
     </span>
    </p>
   </div>
   <div class='ocr_carea' id='block_1_21' title="bbox 1350 3771 2419 4088">
    <p class='ocr_par' dir='ltr' id='par_1_70' title="bbox 1350 3771 2416 3886">
     <span class='ocr_line' id='line_1_218' title="bbox 1386 3771 2416 3816; baseline -0.008 -9"><span class='ocrx_word' id='word_1_1478' title='bbox 1386 3779 1536 3814; x_wconf 76' lang='lat' dir='ltr'>Henricus,</span> <span class='ocrx_word' id='word_1_1479' title='bbox 1556 3776 1614 3807; x_wconf 92' lang='lat' dir='ltr'>Dei</span> <span class='ocrx_word' id='word_1_1480' title='bbox 1627 3775 1731 3816; x_wconf 71' lang='lat' dir='ltr'>gratia,</span> <span class='ocrx_word' id='word_1_1481' title='bbox 1745 3778 1806 3805; x_wconf 85' lang='lat' dir='ltr'>Rex</span> <span class='ocrx_word' id='word_1_1482' title='bbox 1820 3774 1934 3813; x_wconf 73' lang='lat' dir='ltr'>Angliae</span> <span class='ocrx_word' id='word_1_1483' title='bbox 1950 3774 1990 3812; x_wconf 54' lang='grc' dir='ltr'>ῤ’</span> <span class='ocrx_word' id='word_1_1484' title='bbox 2002 3775 2143 3809; x_wconf 66' lang='lat' dir='ltr'>Francia,</span> <span class='ocrx_word' id='word_1_1485' title='bbox 2156 3772 2191 3803; x_wconf 87' lang='lat'>&amp;</span> <span class='ocrx_word' id='word_1_1486' title='bbox 2209 3771 2344 3813; x_wconf 67' lang='lat' dir='ltr'>Dominus</span> <span class='ocrx_word' id='word_1_1487' title='bbox 2360 3773 2416 3800; x_wconf 81' lang='lat' dir='ltr'>Hi·</span> 
     </span>
     <span class='ocr_line' id='line_1_219' title="bbox 1351 3807 2416 3854; baseline -0.006 -8"><span class='ocrx_word' id='word_1_1488' title='bbox 1351 3816 1471 3854; x_wconf 65' lang='lat' dir='ltr'>bernia,</span> <span class='ocrx_word' id='word_1_1489' title='bbox 1496 3815 1659 3854; x_wconf 85' lang='lat' dir='ltr'>Omnibus,</span> <span class='ocrx_word' id='word_1_1490' title='bbox 1675 3815 1711 3845; x_wconf 85' lang='lat' dir='ltr'>ad</span> <span class='ocrx_word' id='word_1_1491' title='bbox 1734 3823 1805 3854; x_wconf 86' lang='lat' dir='ltr'>quos</span> <span class='ocrx_word' id='word_1_1492' title='bbox 1825 3815 1973 3853; x_wconf 70' lang='lat' dir='ltr'>praesentes</span> <span class='ocrx_word' id='word_1_1493' title='bbox 1995 3813 2101 3844; x_wconf 80' lang='lat' dir='ltr'>Literae</span> <span class='ocrx_word' id='word_1_1494' title='bbox 2119 3816 2316 3849; x_wconf 82' lang='lat' dir='ltr'>pervenennt‚</span> <span class='ocrx_word' id='word_1_1495' title='bbox 2333 3807 2416 3841; x_wconf 86' lang='lat' dir='ltr'>Salu-</span> 
     </span>
     <span class='ocr_line' id='line_1_220' title="bbox 1350 3865 1420 3886; baseline -0.029 0"><span class='ocrx_word' id='word_1_1496' title='bbox 1350 3865 1420 3886; x_wconf 90' lang='lat' dir='ltr'>tem.</span> 
     </span>
    </p>

    <p class='ocr_par' dir='ltr' id='par_1_71' title="bbox 1387 3891 2417 3934">
     <span class='ocr_line' id='line_1_221' title="bbox 1387 3891 2417 3934; baseline -0.008 -10"><span class='ocrx_word' id='word_1_1497' title='bbox 1387 3893 1487 3924; x_wconf 88' lang='lat' dir='ltr'>Sciatis</span> <span class='ocrx_word' id='word_1_1498' title='bbox 1501 3892 1582 3931; x_wconf 81' lang='lat' dir='ltr'>quod</span> <span class='ocrx_word' id='word_1_1499' title='bbox 1596 3891 1685 3930; x_wconf 83' lang='lat' dir='ltr'>Nos,</span> <span class='ocrx_word' id='word_1_1500' title='bbox 1996 3926 2002 3934; x_wconf 36' lang='grc' dir='ltr'>ἱ</span> <span class='ocrx_word' id='word_1_1501' title='bbox 2102 3925 2108 3931; x_wconf 52' lang='lat'>·</span> <span class='ocrx_word' id='word_1_1502' title='bbox 2176 3923 2182 3930; x_wconf 46' lang='grc' dir='ltr'>Ι</span> <span class='ocrx_word' id='word_1_1503' title='bbox 2362 3925 2369 3932; x_wconf 52' lang='lat'>·</span> <span class='ocrx_word' id='word_1_1504' title='bbox 2409 3924 2417 3932; x_wconf 33' lang='grc' dir='ltr'>ι</span> 
     </span>
    </p>

    <p class='ocr_par' dir='ltr' id='par_1_72' title="bbox 1351 3921 2419 4088">
     <span class='ocr_line' id='line_1_222' title="bbox 1391 3921 2418 3972; baseline -0.006 -10"><span class='ocrx_word' id='word_1_1505' title='bbox 1391 3932 1440 3962; x_wconf 92' lang='lat' dir='ltr'>De</span> <span class='ocrx_word' id='word_1_1506' title='bbox 1457 3930 1615 3969; x_wconf 87' lang='lat' dir='ltr'>Fidelitare,</span> <span class='ocrx_word' id='word_1_1507' title='bbox 1633 3931 1812 3969; x_wconf 73' lang='lat' dir='ltr'>Sincerimte,</span> <span class='ocrx_word' id='word_1_1508' title='bbox 1828 3931 1863 3961; x_wconf 90' lang='lat'>&amp;</span> <span class='ocrx_word' id='word_1_1509' title='bbox 1882 3925 2021 3972; x_wconf 63' lang='lat' dir='ltr'>Industria</span> <span class='ocrx_word' id='word_1_1510' title='bbox 2040 3921 2183 3968; x_wconf 70' lang='lat' dir='ltr'>Canffimi</span> <span class='ocrx_word' id='word_1_1511' title='bbox 2205 3923 2418 3969; x_wconf 70' lang='lat' dir='ltr'>Consanguinen</span> 
     </span>
     <span class='ocr_line' id='line_1_223' title="bbox 1354 3962 2416 4011; baseline -0.009 -9"><span class='ocrx_word' id='word_1_1512' title='bbox 1354 3971 1443 4002; x_wconf 82' lang='lat' dir='ltr'>nostri</span> <span class='ocrx_word' id='word_1_1513' title='bbox 1459 3970 1572 3999; x_wconf 76' lang='lat' dir='ltr'>Ricardi</span> <span class='ocrx_word' id='word_1_1514' title='bbox 1587 3973 1696 4000; x_wconf 84' lang='lat' dir='ltr'>Comitis</span> <span class='ocrx_word' id='word_1_1515' title='bbox 1709 3973 1825 4008; x_wconf 77' lang='lat' dir='ltr'>Sarum,</span> <span class='ocrx_word' id='word_1_1516' title='bbox 1842 3977 1892 4005; x_wconf 87' lang='lat' dir='ltr'>ac,</span> <span class='ocrx_word' id='word_1_1517' title='bbox 1907 3966 2089 4011; x_wconf 55' lang='lat' dir='ltr'>Dileekomm</span> <span class='ocrx_word' id='word_1_1518' title='bbox 2099 3963 2133 3993; x_wconf 90' lang='lat'>&amp;</span> <span class='ocrx_word' id='word_1_1519' title='bbox 2145 3962 2288 3994; x_wconf 85' lang='lat' dir='ltr'>Fidelium</span> <span class='ocrx_word' id='word_1_1520' title='bbox 2302 3963 2416 4008; x_wconf 57' lang='lat' dir='ltr'>nqspp*</span> 
     </span>
     <span class='ocr_line' id='line_1_224' title="bbox 1353 3999 2416 4056; baseline -0.008 -16"><span class='ocrx_word' id='word_1_1521' title='bbox 1353 4021 1432 4048; x_wconf 83' lang='lat' dir='ltr'>rum,</span> <span class='ocrx_word' id='word_1_1522' title='bbox 1451 4012 1564 4054; x_wconf 56' lang='lat' dir='ltr'>Hernici</span> <span class='ocrx_word' id='word_1_1523' title='bbox 1583 4011 1672 4055; x_wconf 35' lang='grc' dir='ltr'>ξω).</span> <span class='ocrx_word' id='word_1_1524' title='bbox 1685 4008 1719 4038; x_wconf 85' lang='lat' dir='ltr'>de</span> <span class='ocrx_word' id='word_1_1525' title='bbox 1739 4011 1799 4056; x_wconf 77' lang='lat' dir='ltr'>Pon</span> <span class='ocrx_word' id='word_1_1526' title='bbox 1850 4015 1877 4035; x_wconf 84' lang='lat' dir='ltr'>es</span> <span class='ocrx_word' id='word_1_1527' title='bbox 1896 4004 2014 4049; x_wconf 52' lang='lat' dir='ltr'>Malim,</span> <span class='ocrx_word' id='word_1_1528' title='bbox 2029 3999 2137 4031; x_wconf 71' lang='lat' dir='ltr'>Thomae</span> <span class='ocrx_word' id='word_1_1529' title='bbox 2161 4001 2416 4049; x_wconf 46' lang='lat' dir='ltr'>Slffanlejyjyfihtss,</span> 
     </span>
     <span class='ocr_line' id='line_1_225' title="bbox 1351 4038 2419 4088; baseline -0.01 -8"><span class='ocrx_word' id='word_1_1530' title='bbox 1351 4051 1386 4081; x_wconf 65' lang='grc' dir='ltr'>ὃς</span> <span class='ocrx_word' id='word_1_1531' title='bbox 1405 4047 1536 4088; x_wconf 87' lang='lat' dir='ltr'>Magistri</span> <span class='ocrx_word' id='word_1_1532' title='bbox 1559 4048 1672 4079; x_wconf 72' lang='lat' dir='ltr'>Rxaerds</span> <span class='ocrx_word' id='word_1_1533' title='bbox 1684 4046 1817 4079; x_wconf 54' lang='lat' dir='ltr'>Ande-w</span> <span class='ocrx_word' id='word_1_1534' title='bbox 1899 4052 1939 4074; x_wconf 75' lang='lat' dir='ltr'>ici</span> <span class='ocrx_word' id='word_1_1535' title='bbox 1951 4041 2100 4073; x_wconf 72' lang='lat' dir='ltr'>Secremni</span> <span class='ocrx_word' id='word_1_1536' title='bbox 2106 4038 2209 4081; x_wconf 85' lang='lat' dir='ltr'>nostri,</span> <span class='ocrx_word' id='word_1_1537' title='bbox 2215 4041 2324 4081; x_wconf 82' lang='lat' dir='ltr'>plemus</span> <span class='ocrx_word' id='word_1_1538' title='bbox 2341 4049 2419 4073; x_wconf 45' lang='lat' dir='ltr'>eoi-if</span> 
     </span>
    </p>
   </div>
   <div class='ocr_carea' id='block_1_22' title="bbox 1357 4088 2423 4156">
    <p class='ocr_par' dir='ltr' id='par_1_73' title="bbox 1357 4088 2423 4156">
     <span class='ocr_line' id='line_1_226' title="bbox 1357 4088 2423 4156; baseline 0 -35"><span class='ocrx_word' id='word_1_1539' title='bbox 1357 4088 1493 4125; x_wconf 72' lang='lat' dir='ltr'>fidentes,</span> <span class='ocrx_word' id='word_1_1540' title='bbox 2335 4113 2423 4156; x_wconf 44' lang='lat' dir='ltr'>Ipsos</span> 
     </span>
    </p>
   </div>
   <div class='ocr_carea' id='block_1_23' title="bbox 1905 1687 2423 1737">
    <p class='ocr_par' dir='ltr' id='par_1_74' title="bbox 1905 1687 2423 1737">
     <span class='ocr_line' id='line_1_227' title="bbox 1905 1687 2423 1737; baseline 0 -18"><span class='ocrx_word' id='word_1_1541' title='bbox 1905 1689 2073 1720; x_wconf 80' lang='lat' dir='ltr'>Willielmus</span> <span class='ocrx_word' id='word_1_1542' title='bbox 2087 1691 2221 1720; x_wconf 75' lang='lat' dir='ltr'>Dominus</span> <span class='ocrx_word' id='word_1_1543' title='bbox 2242 1687 2423 1737; x_wconf 67' lang='lat' dir='ltr'>Somerves‘ll⁸</span> 
     </span>
    </p>
   </div>
   <div class='ocr_carea' id='block_1_24' title="bbox 2433 244 2555 485">
    <p class='ocr_par' dir='ltr' id='par_1_75' title="bbox 2433 244 2555 485">
     <span class='ocr_line' id='line_1_228' title="bbox 2435 244 2555 290; baseline 0.017 -3"><span class='ocrx_word' id='word_1_1544' title='bbox 2435 244 2555 290; x_wconf 53' lang='grc' dir='ltr'><strong><em>ΑΜΒ·</em></strong></span> 
     </span>
     <span class='ocr_line' id='line_1_229' title="bbox 2433 303 2541 366; baseline 0.046 -5"><span class='ocrx_word' id='word_1_1545' title='bbox 2433 303 2541 366; x_wconf 51' lang='lat' dir='ltr'>sifi:</span> 
     </span>
     <span class='ocr_line' id='line_1_230' title="bbox 2437 408 2526 441; baseline 0.045 -4"><span class='ocrx_word' id='word_1_1546' title='bbox 2437 408 2453 424; x_wconf 77' lang='lat'>¹¹</span> <span class='ocrx_word' id='word_1_1547' title='bbox 2472 411 2526 441; x_wconf 85' lang='lat' dir='ltr'>XI.</span> 
     </span>
     <span class='ocr_line' id='line_1_231' title="bbox 2437 456 2502 485; baseline 0.015 -1"><span class='ocrx_word' id='word_1_1548' title='bbox 2437 456 2502 485; x_wconf 81' lang='lat'>334·</span> 
     </span>
    </p>
   </div>
   <div class='ocr_carea' id='block_1_25' title="bbox 2436 3275 2532 3352">
    <p class='ocr_par' dir='ltr' id='par_1_76' title="bbox 2436 3275 2532 3352">
     <span class='ocr_line' id='line_1_232' title="bbox 2436 3275 2532 3305; baseline 0.01 -2"><span class='ocrx_word' id='word_1_1549' title='bbox 2436 3275 2458 3296; x_wconf 64' lang='grc'>*</span> <span class='ocrx_word' id='word_1_1550' title='bbox 2475 3275 2532 3305; x_wconf 73' lang='lat' dir='ltr'>XL</span> 
     </span>
     <span class='ocr_line' id='line_1_233' title="bbox 2440 3323 2504 3352; baseline -0.063 1"><span class='ocrx_word' id='word_1_1551' title='bbox 2440 3323 2504 3352; x_wconf 83' lang='lat'>335·</span> 
     </span>
    </p>
   </div>
  </div>
 </body>
</html>
