2555 4266
157 131 209 181 48
634 109 1863 163 CONVENTIONE8,L1TERAE‚

9 216 88 247 Ann.
98 215 140 246 D.
158 215 222 244 dum
240 213 370 243 Andrew
385 211 550 248 clericum,
566 207 801 240 Excellentiffimi
817 210 850 239 δε
866 204 1097 238 Christianiffimi
1112 201 1223 234 Princi·
1261 198 1394 241 dulcem,
1411 196 1467 227 five
1483 195 1577 226 salsam
1599 205 1605 225 z
1623 195 1662 225 Et
1675 195 1838 239 generaliter
1851 193 1996 232 loquendo
2009 203 2070 223 non
2083 193 2137 224 erit
2152 194 2180 223 in
2198 192 2340 233 Consilio,
2357 191 2432 224 Anii.
2445 192 2493 224 DA

31 262 116 294 1453.
161 255 201 293 pis
228 255 339 282 Henrici
356 253 452 287 Sexti,
472 248 530 279 Dei
542 248 632 287 gratia
648 247 760 286 Angliae
776 245 814 281 ὠ·
829 249 951 275 Franciae
966 247 1062 281 Regis,
1079 252 1114 273 ac
1129 243 1224 272 Domi-
1261 237 1392 274 Auxilio,
1402 236 1446 267 vel
1461 234 1580 271 Favore⁷
1590 233 1671 272 quod
1688 244 1718 264 in
1732 234 1827 271 aliquo
1841 233 1927 264 Loco
1943 231 2050 264 Mundi
2065 232 2226 271 hujusmodi
2241 231 2340 263 Guer-
2376 239 2464 272 1453.

7 297 71 322 lien.
91 296 116 322 6.

24 1967 40 1983 0
64 1966 120 1995 xi.

27 2005 93 2041 328.

160 295 190 322 m*
211 292 369 326 Hiberniae,
387 288 447 322 &a
466 287 687 318 Commiffarios
707 296 740 316 ex
763 294 834 322 una,

160 330 284 367 Douglas
306 330 337 358 de
357 325 510 357 Anandale
535 329 682 356 Dominum
703 323 862 360 Galwi'ciae,

160 370 198 400 de
213 369 342 399 Bilmure
355 367 480 403 primurn
495 363 684 405 Dapiferum,
701 361 878 392 lllustriffimi
893 360 1033 397 Principis
1048 357 1164 398 Jacobi,
1182 355 1230 386 ea-

167 408 234 438 dem
257 405 361 445 gratia,
379 407 529 434 Scottorum
547 406 625 441 Regis
636 425 645 439 ,
663 401 786 432 similiter
804 398 1040 436 Commiffarios,
1060 397 1094 428 &
1108 395 1231 426 Ambas-

163 442 538 516 ssatoresgladnlnfrascripta
558 441 727 473 sufficienter
746 439 780 469 &
797 438 936 476 legittime
952 437 1121 480 deputatos,
1138 433 1228 464 Parti-

189 495 218 514 us
233 493 266 513 ex
304 492 379 520 tera,

533 520 541 528 κ

204 523 234 552 Τ
246 531 263 552 Ε
275 529 286 550 S
299 530 322 552 T
334 531 352 552 Α
366 528 420 551 TU
430 528 454 551 R
476 517 570 557 Qiod
595 516 681 553 Nos,
705 515 854 553 Ricardus,
878 516 1029 549 Hem-icus,
1048 510 1180 545 Thomas,
1199 508 1233 539 &

164 561 297 591 Ricardus
307 583 317 598 ,
333 559 508 590 Au&oritate
534 556 634 587 Nobis
654 557 683 585 in
708 555 762 584 hac
778 563 853 591 parte
865 564 881 583 a
897 552 978 582 ἀίᾶο
993 547 1234 581 Christianiffimo

165 599 299 639 Prino'pe
319 601 438 628 Henrico
460 606 508 634 per
522 594 714 626 suas'Littetas
728 594 830 631 Regias
849 593 989 630 (quarum
1001 589 1104 619 Tenor
1118 585 1236 616 inferius

165 637 336 675 annotatur)
354 635 508 673 concessa,

204 676 309 708 Praetet
331 676 365 707 &
381 675 452 706 ultra
469 673 613 712 Treugas,
630 679 719 710 nuper
733 670 804 700 inter
817 667 940 707 ejusdem
956 662 1184 706 Metuendiffimi
1201 661 1235 692 δε

165 714 400 746 Christianiffimi
421 712 559 748 Principis
576 713 688 740 Domini
704 708 786 749 nostri
802 710 898 745 Regis,
917 714 971 743 pro
983 704 1049 742 sua,
1066 704 1100 734 &
1115 701 1186 745 dieii
1199 700 1236 730 11-

164 753 319 784 lustriffimi
338 752 476 789 Principis
490 749 609 788 Jacobt,
628 758 679 788 pro
695 747 739 777 sua
757 746 883 777 Partibus
895 767 905 779 ,
916 752 986 774 tunc
1000 739 1236 784 Commiffirios,

165 793 196 824 in
212 792 340 824 Ecclesia
357 790 453 822 Saniti
469 788 608 819 Nicholai
622 789 652 817 in
666 782 934 816 VillaNoviCastti
941 780 1144 812 Dunelmenfis
1151 778 1237 811 Dioe-

165 832 234 863 cefis
246 832 279 863 &
298 828 461 861 Comitatus
476 826 709 864 Northurnbriae,
718 824 847 855 Decimo
863 830 964 860 quarto
983 819 1043 850 Die
1059 817 1165 849 Mensis
1174 816 1234 846 Au-

165 869 257 910 gusti,
276 870 364 901 Anno
389 867 517 898 Domini
533 865 706 901 Millesimo‚
725 859 1030 901 Quadringentefimo‚
1049 858 1238 896 Quinquage-

166 910 240 940 fimo
280 910 369 946 rimo,
388 907 485 943 initas,
502 904 604 940 facias,
620 904 654 933 &
676 900 880 938 concordatas,
898 899 931 930 &
947 897 1034 936 usque
1047 898 1077 927 in
1090 893 1236 937 occasum

166 947 240 979 Solis
288 949 387 978 ecimae
403 945 494 982 quiriti
508 942 576 973 Diei
592 940 700 972 Menfis
716 939 852 979 Augusti,
870 939 919 975 qui
933 937 984 966 erit
1001 935 1092 966 Anno
1109 932 1237 963 Domini

166 986 343 1023 Millesimo,
362 980 668 1022 Qadringentefimo,
693 977 941 1017 Quinquagesimo
963 983 1061 1012 quarto
1074 971 1239 1016 duraturas,

166 1035 201 1055 ac
223 1026 252 1055 in
276 1022 554 1059 Confirrnationem‚
573 1018 871 1054 Corroborationem,
889 1015 924 1046 &
945 1012 1170 1044 stabulationem
1191 1019 1238 1042 ea-

167 1064 298 1094 rumdem
320 1061 399 1093 Treu
420 1069 519 1098 arum,

204 1102 356 1139 Fecimus,
387 1069 547 1139 gepimus,
564 1096 718 1132 Inivimus‚
738 1092 1008 1128 ConcordavimuS,
1025 1089 1059 1121 &
1083 1087 1237 1120 Conclufi-

168 1150 250 1177 mus,
270 1138 475 1176 Facimusque‚
493 1136 649 1176 capimus,
673 1134 798 1170 luimus,
822 1129 1066 1173 Concordamu5‚
1089 1128 1124 1158 &
1151 1126 1237 1159 Con-

168 1179 313 1210 cludimus
336 1187 386 1215 per
408 1175 580 1212 Praesentes,
599 1184 653 1213 pro
669 1173 769 1209 dieto,
787 1167 1029 1201 Excellentiffimo
1047 1168 1080 1198 &
1096 1165 1237 1198 Christia-

164 1218 283 1248 niffirno
298 1217 450 1255 Principe,
467 1213 580 1251 Angliae
593 1211 631 1247 ό
646 1214 769 1240 Franciae
784 1212 869 1246 Rege,
886 1207 997 1246 ejusque
1011 1205 1237 1243 Succefforibus,

167 1255 284 1294 Terris,
313 1255 478 1290 Dominiis,
504 1251 647 1287 Samius,
672 1249 806 1286 Amicis,
834 1246 980 1286 Alligatis,
1004 1242 1237 1281 Confoedetatis,

171 1294 362 1332 Faventibus,
379 1294 411 1324 &
434 1289 656 1323 Adhaerentibus
675 1288 728 1318 suis
747 1285 993 1325 quibuscumque,
1011 1292 1082 1314 curn
1098 1281 1237 1320 praefatis,

170 1332 336 1369 Magnifico
358 1332 391 1362 &
407 1330 511 1362 Nobili
529 1329 616 1366 Viro,
633 1325 741 1366 Jacobo
756 1329 858 1355 Comite
871 1324 904 1354 de
917 1321 1058 1360 Douglar,
1073 1321 1106 1352 δι
1121 1320 1238 1351 Roberto

171 1371 312 1410 Liddale,
340 1369 516 1400 Illustriffimi
541 1367 681 1405 Principis
707 1364 812 1404 Jacobi
833 1367 982 1394 Scottorum
1005 1363 1084 1399 Regis
1109 1359 1239 1399 praediffi

175 1409 386 1442 Commiss‘ariis
398 1410 431 1440 &
445 1406 715 1442 Ambaffiatoribus‚

209 1448 320 1487 Ipsique
340 1447 462 1486 Jacobus
483 1447 516 1477 &
539 1444 689 1481 Robertus,
709 1440 889 1474 Auitoritate
902 1440 940 1470 eis
955 1437 1124 1469 Commissa
1141 1438 1170 1467 in
1186 1436 1239 1466 hac

169 1496 249 1524 ptirte
272 1498 287 1517 a
310 1486 390 1517 dieto
409 1482 594 1516 Sereniffimo
614 1483 746 1520 Principe
766 1483 901 1509 Scotorum
916 1481 986 1515 Rege
1000 1487 1046 1515 per
1059 1476 1118 1511 suas
1134 1476 1239 1506 Literas

172 1527 302 1557 Parentes
319 1527 457 1563 (quarum
473 1522 576 1553 Tenor
593 1520 705 1552 inferius
722 1518 846 1550 similiter
858 1520 1024 1549 annotatur)
1045 1513 1198 1552 concessa,

209 1565 315 1595 Praeter
339 1565 372 1594 ὅ(
386 1564 456 1593 ultra
471 1561 562 1592 dictas
576 1559 706 1598 Treugas
721 1560 749 1588 in
763 1557 839 1588 dieta
851 1555 923 1586 Villa
935 1555 1023 1586 Novi
1037 1553 1133 1585 Castri
1149 1562 1239 1590 nuper

170 1604 208 1634 sic
227 1603 329 1640 editis,
348 1603 380 1633 ὃ(
396 1601 479 1638 usque
495 1601 524 1630 in
539 1598 652 1630 dietum
669 1597 834 1629 Decimum
852 1595 987 1634 quintum
1003 1593 1082 1623 diem
1099 1591 1240 1629 Augusti,

171 1643 219 1681 qui
240 1643 290 1672 erit
310 1642 396 1671 Anno
418 1639 543 1670 Domini
561 1636 736 1671 Millesimo,
757 1632 1067 1672 Quadringentefim,
1086 1631 1240 1670 Quinqua-

173 1680 284 1718 gesimo
299 1689 417 1718 quarto,
437 1687 468 1709 ut
484 1677 665 1714 praedicitur,
680 1674 839 1709 duraturas,
857 1673 890 1703 ὃς
906 1672 935 1700 in
955 1669 1238 1706 Confirmationem,

173 1718 472 1752 Corroborationem,
492 1717 524 1746 ὅ(
543 1714 756 1745 Stabilitionem
770 1710 958 1747 earumdem,

210 1756 283 1787 Una
302 1756 471 1787 Nobiscum
489 1752 604 1784 easdem
623 1752 782 1787 Fecerunt,
803 1747 969 1785 Ceperunt,
986 1745 1132 1784 inierunt,
1158 1744 1242 1776 Con-

173 1795 332 1832 cluseiunt,
357 1796 389 1825 &
414 1791 654 1827 Concordirunt,
684 1789 822 1830 Faciunt,
848 1786 994 1824 Capiunt‚
1020 1784 1140 1822 Ineunt,
1159 1782 1243 1815 Con-

175 1834 312 1870 cludunt,
337 1833 369 1863 &
392 1830 584 1862 Concordant
606 1839 656 1867 per
681 1828 851 1864 Praelentes,
879 1835 930 1863 pro
950 1824 1031 1855 dieto
1053 1822 1244 1855 [nustriisimo

174 1872 312 1912 Principe
330 1870 436 1909 Jacobo
455 1872 590 1899 Scotorum
609 1871 678 1905 Rege
694 1890 703 1905 ,
728 1866 838 1903 ejusque
858 1862 1073 1895 successoribus
1086 1885 1096 1900 ,
1123 1862 1245 1902 Regno,

174 1910 291 1947 Terris,
313 1909 479 1947 Dominiis,
496 1907 637 1944 Subditis,
656 1906 688 1937 &
706 1903 937 1940 Confcederatis,
954 1912 1060 1939 novas,
1074 1902 1180 1937 bonas,
1199 1902 1244 1930 i'n-

174 1950 336 1987 violabileS,
355 1948 466 1984 firmas,
484 1947 517 1977 &
541 1946 653 1976 stabiles
675 1943 825 1980 Treugas,
851 1943 869 1962 ³*
887 1941 1122 1979 Guerrarumque
1146 1938 1245 1970 Absti-

174 1990 281 2018 nentias
307 1987 464 2026 generales,
482 1986 543 2015 tam
565 1994 614 2022 per
641 1982 740 2020 Mare,
760 1982 846 2019 quam
873 1990 921 2018 per
933 1979 1076 2016 Terram,
1095 1978 1128 2009 &
1142 1987 1244 2008 omnes

175 2027 269 2065 Aquas
285 2026 397 2061 dulces,
416 2023 577 2061 Incepturas
591 2023 628 2053 ab
643 2021 719 2052 Ortu
734 2020 806 2051 Solis
819 2019 955 2050 Vicesimi
970 2018 1055 2056 primi
1069 2017 1123 2048 diei
1139 2016 1245 2046 instan-

175 2067 209 2097 tis
235 2065 340 2095 Mentis
362 2063 456 2101 Maii,
483 2063 571 2092 Anno
591 2061 718 2092 Domini
741 2057 916 2095 MillelimO,
935 2054 1245 2096 Qiadririgentefimo,

177 2103 426 2143 Qlinquagefimo
446 2101 545 2136 tertio,
563 2100 596 2130 ὅ(
616 2098 759 2130 duraturas
780 2097 864 2134 usque
883 2095 920 2126 ad
943 2094 1094 2126 Occasum
1115 2094 1188 2124 Solis
1203 2095 1247 2123 vi-

175 2143 274 2174 celimi
296 2142 383 2181 primi
405 2141 461 2171 diei
482 2138 607 2178 ejusdem
635 2136 742 2167 Mensis
769 2134 861 2173 Maii,
879 2135 926 2172 qui
944 2135 996 2164 erit
1014 2134 1102 2163 Anno
1119 2132 1248 2163 Domini

177 2181 356 2217 Millesimo,
374 2176 684 2218 QiadringentesimO,
705 2173 952 2214 Qinquagesimo
973 2172 1123 2211 Septimo,
1141 2172 1175 2202 &
1195 2180 1243 2200 ex-

176 2221 242 2251 inde
258 2220 381 2250 similiter
398 2219 539 2248 duraturas
553 2215 690 2255 quamdiu
708 2214 832 2251 placebit
850 2209 1094 2242 Excellentiffimo
1107 2220 1141 2240 ac
1156 2208 1245 2240 Chri-

176 2258 346 2289 stianiffimo
362 2256 488 2293 Principi
502 2257 620 2284 Henrico
629 2252 742 2291 Angliae
756 2250 794 2287 ό·
807 2254 929 2280 Franciae
943 2252 1008 2288 Regi
1043 2258 1076 2278 ro
1094 2248 1139 2279 sua
1154 2248 1248 2287 Parte,

173 2309 208 2329 ac
224 2296 412 2367 msust‘faffimo
429 2294 554 2332 Principi
567 2292 673 2332 Jacobo
688 2295 824 2322 Scotorum
840 2292 921 2328 Regi,
939 2290 996 2327 ejus
1012 2260 1247 2327 gonsanguineo,

176 2347 232 2375 pro
259 2347 293 2367 ua
333 2344 405 2365 arte·

214 2376 263 2406 Sic
280 2384 378 2405 tamen
399 2359 499 2412 quod,
517 2372 536 2402 fi
549 2379 652 2402 extunc
662 2393 672 2408 ,
686 2369 752 2409 post
765 2369 878 2400 dictum
891 2367 1039 2398 Occasum
1053 2365 1124 2396 Solis
1137 2364 1246 2397 Vicefi-

178 2415 221 2444 mi
237 2414 328 2444 Primi
344 2413 427 2448 Dssei,
445 2412 540 2449 aliquo
555 2409 641 2447 Casu,
659 2409 813 2446 aliquando
827 2407 1017 2444 imposterum
1034 2405 1126 2436 dietus
1142 2404 1244 2435 Excel-

176 2452 344 2482 lentiisimus
362 2461 396 2481 ac
421 2448 674 2480 Christianiffimus
695 2448 831 2484 Princeps
854 2445 969 2483 Angliae
987 2443 1025 2480 ό·
1044 2447 1165 2473 Franciae
1183 2446 1245 2473 Rex

178 2491 300 2521 noluerit
315 2490 403 2519 dictas
417 2489 544 2525 Treugaff
563 2487 668 2516 diutius
684 2487 799 2516 Tenere
813 2494 859 2515 aut
878 2483 989 2514 ulterius
1004 2483 1184 2520 Observare,
1202 2482 1243 2512 set

178 2530 247 2559 velit
263 2538 314 2565 pro
332 2528 414 2558 Parte
428 2527 473 2556 sua
489 2527 526 2556 ab
539 2525 646 2555 eisdem
661 2524 874 2559 recedere,hoc
890 2524 965 2553 bene
983 2522 1033 2552 sibi
1049 2522 1246 2559 licebit,prae-

177 2568 303 2598 sentibus
328 2566 452 2604 Treugis
473 2574 533 2594 non
554 2562 730 2594 obstantibus
747 2575 756 2600 ς
786 2562 872 2593 Dum
896 2570 994 2592 tamen
1017 2560 1128 2590 dietum
1149 2561 1246 2596 Regem

178 2610 348 2641 Scottorum,
368 2615 416 2641 per
442 2603 500 2633 suas
528 2602 645 2633 Litteras
664 2602 809 2638 Parentes,
827 2599 876 2630 suo
892 2608 998 2637 magno
1014 2598 1112 2638 sigillo
1127 2598 1246 2636 figillan-

176 2646 240 2682 das,
261 2654 294 2674 ac
310 2642 414 2688 'eidem
437 2644 501 2679 Regi
517 2645 683 2678 Scottorum,
701 2640 878 2675 ubicumque
895 2637 968 2668 infra
987 2637 1125 2676 Regnum
1140 2637 1247 2667 Scotiae

178 2684 279 2714 fuerit,
298 2681 470 2716 liberandas,
488 2680 570 2710 faciat
593 2678 628 2709 de
645 2677 808 2716 hujusmodi
826 2677 871 2707 sua
885 2676 1038 2708 Voluntate
1053 2674 1219 2706 Recedendi
1231 2685 1248 2705 a

181 2722 264 2753 dietis
277 2721 402 2757 Treugis
418 2718 583 2749 Certiorem
592 2739 602 2754 ‚

218 2759 366 2797 Similique
389 2757 479 2788 modo
503 2760 562 2786 Rex
586 2759 739 2792 Scotorum,
759 2754 777 2784 fi
792 2754 829 2784 ab
844 2752 1007 2791 hujusmodi
1021 2751 1146 2790 Treugis
1161 2752 1248 2782 etiam

182 2808 288 2830 extunc
312 2796 375 2835 post
388 2796 502 2826 dic‘tum
514 2794 662 2825 Occasum
677 2793 751 2823 Solis
764 2802 815 2831 pro
833 2792 879 2822 sui
892 2792 973 2822 Parte
990 2790 1137 2821 Recedere
1149 2790 1248 2820 volue-

180 2839 228 2875 rit,
244 2836 392 2875 praefatum
407 2833 681 2865 Excellentissimum
698 2831 863 2868 Principem
878 2833 1000 2859 Franciae
1014 2827 1052 2864 ὠ·
1068 2827 1181 2866 Angliae
1197 2832 1249 2858 Re-

180 2887 240 2914 gem
260 2875 317 2906 suas
342 2884 389 2911 per
415 2873 522 2903 Literas
541 2871 684 2907 Patentes,
705 2870 754 2901 suo
775 2869 888 2907 Magno
907 2869 1006 2907 Sigillo
1024 2868 1193 2907 sigillandas,
1209 2868 1247 2897 ei-

181 2916 307 2952 demque
332 2911 568 2942 Metuendissimo
586 2909 713 2946 Principi
734 2907 848 2945 Angliae
870 2905 908 2943 ὁ·
929 2910 1051 2936 francie
1073 2909 1138 2944 Regi
1155 2929 1164 2942 ,
1187 2907 1249 2936 ubi-

182 2962 307 2992 cumque
324 2951 397 2981 infra
417 2949 529 2988 aliquod
550 2948 719 2987 Regnorum
731 2970 740 2985 ,
766 2946 951 2983 Dusatuum,
976 2945 1020 2976 seu
1038 2944 1249 2976 Dominiorum

182 2993 300 3023 suorum
320 2990 422 3025 fuerit,
439 2988 543 3018 realiter
562 2985 731 3019 liberandas,
749 2987 834 3016 etiam
854 2985 890 3016 de
914 2984 1068 3015 Voluntate
1091 2983 1138 3014 sua
1154 2981 1249 3013 Rece-

185 3030 270 3062 dendi
286 3030 323 3059 ab
337 3027 438 3057 eisdem
453 3025 574 3065 Treug'is
591 3024 688 3056 reddet
705 3024 885 3061 Certiorem,

222 3069 293 3099 Hoc
318 3076 412 3098 tamen
435 3066 542 3103 semper
563 3063 721 3094 Observato
740 3062 821 3100 quod
837 3064 865 3092 in
882 3061 966 3092 omni
978 3059 1053 3091 Cisu
1069 3059 1250 3091 Discesfionis

184 3106 345 3144 hujusmodi
365 3115 380 3134 a
404 3103 547 3143 praediffis
568 3102 707 3140 Treugis‚
727 3101 783 3131 five
806 3111 854 3139 per
875 3099 1024 3138 praefatum
1046 3097 1249 3129 Excellentissi-

187 3157 269 3178 mum
291 3144 456 3181 Principem
478 3139 590 3178 Angliae
611 3138 649 3175 ό
669 3142 790 3168 Franciae
810 3142 921 3176 Regem,
940 3137 1052 3176 ejusque
1071 3136 1251 3176 Consangui-

187 3193 274 3214 neum
286 3207 296 3222 ,
313 3183 382 3213 ficut
401 3180 580 3219 prcedicitur,
599 3177 750 3214 faciendae,
768 3179 826 3208 t’im
847 3176 1096 3207 Metuendissimus
1115 3176 1250 3214 Princeps

186 3226 246 3252 Rex
265 3221 379 3259 Angliae
403 3223 488 3258 quam
513 3217 707 3248 Serenissimus
732 3216 868 3253 Princeps
887 3219 1022 3244 Scotorum
1045 3217 1102 3243 Rex
1125 3224 1251 3252 maneat,

186 3262 230 3299 sit,
250 3262 282 3291 ἃ
299 3261 361 3296 ster,
378 3260 477 3298 vigore
491 3256 688 3293 Praesent'ium,
707 3253 822 3285 firmiter
839 3253 977 3284 Astrienis
990 3252 1023 3282 ad
1039 3252 1147 3282 easdem
1159 3252 1252 3284 Treu-

186 3309 232 3339 gas
252 3309 298 3337 per
325 3298 454 3329 Centum
468 3296 502 3327 ὅ(
517 3295 674 3331 Ostoginta
692 3292 750 3322 dies
762 3292 898 3323 inclusiv'e
911 3291 973 3329 post
989 3291 1065 3320 diem
1083 3291 1253 3321 liberationis

191 3339 224 3369 ὃ(
248 3336 403 3366 traditionis
424 3335 585 3366 Literarum
602 3332 763 3363 Parentium
777 3330 975 3369 praedietarum
988 3330 1121 3365 proximo
1135 3328 1252 3365 sequen-

191 3386 232 3407 tes
246 3376 277 3405 ὃς
297 3376 415 3411 plenarie
431 3373 606 3410 completoe,
621 3372 696 3412 juxta
711 3379 830 3400 ornnem
843 3369 914 3406 vim,
931 3368 1054 3398 formam
1069 3367 1101 3397 &
1114 3365 1250 3397 effictum

189 3413 344 3445 earundem
368 3411 550 3442 effestualiter
572 3408 809 3444 Obiervandum‚
827 3407 994 3444 easdemque
1007 3405 1126 3442 faciant,
1143 3405 1176 3435 &
1189 3407 1253 3442 qui-

190 3454 260 3484 libet
279 3459 449 3491 eorum-,per
468 3450 493 3480 se
516 3451 548 3480 &
570 3449 631 3478 suos
651 3447 750 3486 faciat,
773 3456 822 3487 per
835 3445 950 3476 cosdem
966 3443 1094 3475 Centum
1109 3444 1143 3473 δε
1157 3441 1253 3474 Odio-

192 3494 269 3532 ginta
285 3489 343 3519 dies
357 3489 506 3517 efficaciter
521 3487 684 3518 Observari.

227 3529 317 3560 ITEM
327 3550 336 3564 ,
354 3527 616 3564 Appuriftuivimus
626 3549 634 3563 ,
643 3522 895 3555 Concordavimus
906 3521 956 3559 ,&
966 3519 1170 3551 Conclufimus
1184 3529 1253 3550 cum

191 3569 274 3598 distis
287 3565 554 3600 Anibassiator'ibus,
568 3563 673 3602 ipsique
683 3561 900 3593 Ambailiatores
913 3561 966 3590 uria
980 3560 1133 3589 nobiscum
1146 3559 1183 3588 fic
1196 3558 1256 3597 Ap-

192 3604 380 3646 punStucirunt
389 3626 399 3640 ,
407 3601 628 3632 Concordarunt
636 3625 644 3638 ,
654 3602 686 3632 &
701 3599 910 3631 Concluserunt
919 3621 929 3637 ,
943 3599 1021 3636 quod
1031 3620 1041 3635 ,
1050 3598 1133 3628 dietis
1139 3597 1259 3635 Treugis

194 3644 372 3678 durantibus,
380 3649 470 3677 neque
480 3640 605 3676 praesttus
614 3638 903 3670 Excellentisfimus&
915 3636 1167 3668 Christianisfimus
1177 3635 1259 3666 Prin-

196 3693 261 3720 ceps
270 3680 380 3718 Angliae
387 3677 424 3714 ὠ
432 3681 551 3706 Franciae
560 3680 628 3718 Rege,
636 3678 762 3708 adversus
776 3676 944 3715 praedi&um
958 3675 1171 3705 Illustrisfimum
1180 3674 1262 3704 Prin-

199 3724 291 3757 cipem
307 3723 440 3749 Scotorum
460 3718 574 3753 Regem,
592 3717 670 3744 suum
692 3715 960 3754 Consanguineum,
975 3714 1020 3744 vel
1039 3723 1095 3751 ejus
1109 3712 1262 3750 Subditos,

202 3760 246 3787 vil
267 3759 385 3796 Ligeos,
405 3764 497 3792 neque
510 3753 636 3783 adverlus
652 3752 919 3784 Chrii‘tianui‘irnum
935 3754 968 3783 &
987 3751 1259 3782 Excellentisfimum

207 3798 366 3835 Principem
387 3792 500 3830 Angliae
520 3789 558 3826 ὠ·
576 3793 696 3819 Franciae
711 3794 826 3829 Regem,
844 3792 889 3821 vel
909 3791 965 3828 ejus
984 3790 1107 3827 Ligeos,
1126 3798 1172 3820 aut
1187 3789 1262 3820 Sub-

201 3836 273 3865 51:02
290 3834 423 3863 antefatus
447 3830 642 3862 Serenisi'imus
657 3831 715 3870 Re'f
734 3832 883 3858 Scottorum
899 3830 959 3859 suus
975 3828 1210 3866 Consanguineus
1223 3829 1264 3858 fa-

206 3882 277 3907 ciet,
297 3872 442 3906 movebit,
461 3879 508 3900 aut
530 3866 724 3898 manutenebit
749 3876 799 3902 per
815 3868 870 3904 Se,
887 3877 940 3898 nec
960 3868 1123 3904 procurabit
1139 3875 1186 3896 aut
1202 3876 1265 3903 pef-

202 3912 292 3940 mittet
316 3909 372 3937 fieri
397 3918 444 3947 per
467 3908 592 3944 aliquos,
607 3904 651 3934 seu
672 3905 794 3943 aliquem
816 3904 1014 3943 Subditorum,
1037 3906 1082 3935 seu
1108 3905 1263 3934 Lioeorum

201 3950 314 3979 suorum
324 3968 333 3982 ,
351 3947 468 3983 aliquam
494 3945 636 3975 Guerram
655 3941 699 3972 seu
713 3941 825 3979 aliquod
839 3951 926 3979 genus
940 3944 985 3973 vel
1001 3944 1110 3974 factum
1159 3952 1263 3979 uerrae,

200 3989 230 4017 in
252 3986 346 4025 aliquo
358 3983 466 4019 Regno
476 4007 484 4021 ,
502 3982 610 4020 Terra,
628 3980 673 4010 vel
688 3980 831 4010 Dominio
847 3981 916 4010 citra
929 3982 972 4010 vel
988 3982 1058 4012 ultra
1076 3981 1158 4012 Mare
1174 3990 1221 4011 aut
1234 3981 1263 4010 in

201 4024 280 4057 Mari
305 4027 420 4059 umato,
437 4031 528 4060 neque
549 4030 597 4059 per
623 4019 713 4058 ipsum
733 4017 837 4055 Mare,
855 4027 901 4049 aut
916 4019 1038 4057 aliquam
1054 4020 1136 4051 aliam
1149 4019 1263 4059 Aquam

852 285 886 315 &
897 282 1034 321 Jacobum
1051 283 1181 311 Comitem
1192 279 1225 308 de
1260 286 1289 306 ra
1310 274 1356 318 fiat
1379 283 1427 304 aut
1445 282 1611 316 moveatur,
1629 272 1727 303 fierive
1744 272 1792 302 vel
1804 275 1916 301 moveri
1930 271 2080 310 aliqualiter
2103 280 2271 311 procuretur
2292 272 2340 304 seu
2358 275 2422 301 Heu.
2441 274 2470 300 6.
2485 275 2503 296 -i

885 323 919 352 &
938 320 1084 350 Rabertum
1106 316 1227 349 [Addale
1264 321 1458 353 permittatur,
1474 312 1598 349 Treugis
1609 310 1772 341 durantibus
1784 308 1940 339 antedietis.

1304 352 1349 382 Ιτ
1360 361 1378 382 E
1390 359 1437 389 M,
1452 352 1524 381 inter
1539 350 1608 380 Nos
1623 350 1655 381 &
1671 348 1802 389 praefatos
1819 346 2038 383 Ambaffiatores
2054 344 2280 379 Concordatum
2303 349 2338 381 &

1268 389 1447 421 Conclusum
1463 389 1504 419 est
1519 388 1600 428 quod
1611 411 1620 426 ‚
1639 388 1676 425 si,
1693 387 1858 418 durantibus
1870 384 2006 422 Treugi3‚
2023 384 2068 416 seu
2084 384 2261 418 Gu‘errarurn
2274 387 2339 418 Ab·

1269 430 1405 460 stinentiis
1426 429 1584 467 praediffis,
1602 427 1749 465 contingat
1770 425 1876 464 aliquos
1896 422 2050 460 Subditos,
2066 422 2123 454 five
2146 423 2252 464 Ligeos
2269 426 2340 458 diffl

1269 467 1503 498 Excellentissimi
1526 466 1668 503 Principis
1688 462 1804 502 Angliae
1826 462 1863 498 ὁ·
1889 463 2012 491 Franciae
2034 463 2130 500 Regis,
2147 472 2198 500 per
2214 464 2340 496 Mareex

1293 506 1441 544 uacunque
1457 504 1533 543 justa
1547 527 1557 543 ,
1581 503 1762 541 rationabili,
1785 501 1831 533 vel
1850 499 1927 531 licita
1949 497 2043 530 Causa
2061 498 2141 530 Nav'
2197 509 2237 533 tes
2282 503 2338 536 five

1271 516 1453 588 {flereatores-
1469 544 1592 581 fuerint,
1609 542 1665 574 five
1687 541 1742 572 Per
1793 541 1850 578 ini,
1868 539 2037 576 Piscatores,
2055 546 2103 568 aut
2123 509 2340 578 argit-fleuissem-

1274 592 1331 620 que
1345 582 1519 612 conditionis
1532 581 1694 618 Homines,
1712 582 1740 610 vi
1785 577 1964 617 empestatis,
1979 585 2024 608 aut
2038 576 2211 616 Ventorum,
2227 579 2275 610 seu
2288 581 2342 613 alifi

1270 619 1345 658 justa
1358 643 1367 658 ,
1393 621 1573 658 rationabili,
1595 621 1628 651 ὅ(
1649 618 1818 654 neceffarifi,
1841 625 2017 654 urgenteque
2039 614 2133 646 Causa
2152 615 2186 645 ad
2211 616 2270 648 hoc
2293 629 2344 651 α),

1273 660 1397 689 omnino
1422 659 1584 705 impellente
1604 659 1692 696 (cum
1713 657 1762 704 iin
1789 657 1848 705 boc
1870 665 1931 698 non
1945 653 2211 698 affefflverinth&
2227 655 2254 685 id
2269 664 2346 688 tein-

1273 696 1502 780 ἒῗὲῐῗὲἒῖἷῗῖ
1511 692 2106 773 θὲἆέἓίῑὲυῗῗὲἲςῗέυᾎὲἳιξὲἳιὲοἷὲἶὲῃωῖ
2112 692 2297 771 ὲςὲἕὲῗῖἷξῑ
2311 705 2346 766 ¹ss

1273 774 1370 818 aliquo
1395 773 1481 804 Loco
1497 775 1575 818 juitta
1598 773 1676 804 idern
1697 772 1840 807 Regnum
1860 771 2057 810 Naufragium
2080 770 2136 808 pati
2158 769 2345 807 (dummodo

1273 813 1368 856 ahqua
1390 811 1512 855 Persona
1534 822 1564 856 in
1586 811 1669 842 Navi
1690 811 1729 855 sic
1750 810 1945 854 Naufragium
1966 808 2043 849 passa
2065 808 2212 849 Superstes
2226 810 2343 850 existat)

1273 861 1334 882 nori
1349 851 1448 895 licebit
1462 849 1649 880 Illustriffimo
1660 849 1759 880 Princi
1780 859 1790 879 i
1805 851 1871 887 Regi
1884 852 2038 886 Scotorum,
2047 847 2270 888 Consanguineo
2283 850 2334 881 suo

1274 898 1322 920 aut
1340 889 1447 933 alicui,
1459 889 1505 919 vel
1517 888 1666 932 ‚aliquibus
1686 858 1888 925 Subciitorum‚
1905 887 1950 918 seu
1970 886 2128 926 Ligeorum
2143 886 2257 918 suorum
2268 911 2278 926 ,
2295 873 2347 929 pei·

1275 928 1330 967 Se,
1347 928 1393 958 vel
1414 928 1497 966 ahos,
1514 926 1588 965 ipsos
1610 926 1647 957 fic
1669 925 1829 970 Appulsos‚
1845 925 1890 956 seu
1909 924 2104 964 Naufragium
2117 925 2225 964 paffos,
2240 936 2344 957 eorum

1274 966 1396 1012 Navoa,
1413 965 1509 1010 Bona,
1528 963 1740 995 Marchandisas
1759 964 1816 995 five
1828 963 1890 993 Res
1904 964 1969 994 alias
1985 963 2190 1002 quascumque,
2207 965 2237 995 in
2250 965 2345 1003 hujus-

1276 1006 1356 1036 modi
1376 1005 1510 1036 Navibus
1530 1003 1653 1048 adducta
1669 1001 1800 1041 Capere,
1820 1001 1949 1040 Rapere,
1965 1001 2011 1032 vel
2023 1001 2061 1032 ab
2077 1005 2092 1019 ‘
2108 1002 2211 1034 eisdem
2228 1004 2267 1035 fic
2282 1005 2343 1046 Ap—

1273 1045 1436 1088 pulfis,'aut
1459 1043 1652 1083 Naufragium
1676 1040 1774 1080 passis,
1791 1041 1836 1071 vel
1858 1040 1954 1078 palso,
1970 1039 2090 1071 Auferre
2113 1043 2214 1080 quovis
2235 1043 2328 1075 modo

1273 1084 1322 1114 vel
1342 1091 1430 1114 etiam
1452 1082 1607 1121 Detinere,
1626 1089 1673 1112 aut
1697 1081 1806 1110 ratione
1829 1077 1932 1109 Debiti
1952 1078 2068 1116 alicujus
2089 1078 2222 1111 Personae
2241 1067 2344 1113 eadeui

1273 1121 1350 1161 Res,
1369 1121 1465 1160 Bona,
1482 1121 1526 1153 vel
1554 1119 1766 1151 Marchandisas
1789 1117 1964 1160 integraliter
1986 1117 2030 1147 vel
2052 1117 2082 1146 in
2102 1127 2179 1154 parte
2195 1120 2327 1152 arrestare

1272 1161 1320 1192 vel
1341 1159 1467 1192 arrestari
1487 1160 1596 1199 facere,
1611 1158 1658 1189 sod
1681 1158 1778 1188 licebit
1792 1157 1855 1196 iplis
1868 1156 1905 1186 fic
1924 1154 2068 1193 Appulsis,
2087 1164 2134 1186 aut
2150 1156 2247 1187 Naufr
2283 1145 2346 1191 iun}

1310 1199 1372 1237 ffis,
1387 1208 1455 1230 cum
1468 1198 1617 1237 Navibus,
1636 1195 1859 1233 Marchandifis,
1877 1194 1974 1232 Bonis,
1991 1194 2024 1224 &
2039 1192 2140 1224 Rebus
2153 1194 2206 1225 suis
2297 1198 2347 1232 usfi

1296 1238 1441 1282 ujusmodi·
1455 1237 1589 1275 cessante)
1610 1245 1695 1275 prout
1719 1235 1755 1265 sic
1770 1233 1907 1274 Appulsi,
1925 1233 1958 1264 &
1974 1231 2171 1269 Naufragium
2187 1196 2256 1273 palii
2273 1235 2347 1274 (eo-

1273 1287 1338 1308 mm
1361 1276 1442 1308 Navi
1456 1275 1597 1312 Refecta)
1614 1275 1801 1310 tenebuntur,
1816 1272 1985 1311 quamcitius
2001 1271 2161 1302 commode
2174 1273 2285 1305 valeant
2299 1284 2346 1306 rt>

1274 1317 1375 1347 cedere
1388 1314 1491 1354 absque
1507 1313 1734 1353 quibuscumque
1749 1311 1946 1352 impetitione,
1963 1309 2186 1349 impedimento,
2205 1310 2345 1344 Molesta-

1273 1355 1373 1392 tione,
1402 1353 1534 1391 Arresto,
1552 1353 1609 1384 five
1629 1351 1683 1382 alia
1708 1350 1871 1381 Occasione
1890 1359 2070 1389 quacumque
2091 1349 2140 1379 sibi
2161 1359 2211 1387 pei·
2233 1350 2346 1383 dietum

1275 1392 1495 1437 Illustriffimum
1516 1392 1612 1422 Princi
1633 1400 1681 1421 em
1702 1393 1839 1419 Scotorum
1859 1391 1971 1426 Regem,
1989 1388 2151 1426 aliquemve
2170 1390 2216 1419 seu
2239 1390 2347 1430 aliquos
2381 1400 2387 1403 “

1275 1442 1335 1470 ejus
1355 1430 1507 1462 Subditum
1529 1431 1586 1461 five
1631 1429 1761 1467 ubditos,
1779 1428 1936 1458 obiciendis
1947 1427 2003 1457 five
2015 1428 2099 1457 etiarn
2115 1427 2276 1466 faciendis,
2305 1428 2345 1461 Et

1276 1471 1356 1514 simili
1371 1471 1462 1500 modo
1477 1470 1495 1499 si
1511 1470 1674 1508 contingat,
1689 1467 1793 1498 eisdem
1805 1466 1926 1504 Treugis
1940 1466 1984 1496 vel
1998 1464 2176 1497 Guerrarum
2191 1465 2347 1499 Abstinen-

1276 1511 1319 1553 tiis
1332 1510 1512 1547 durantibus,
1529 1508 1635 1547 aliquos
1650 1507 1784 1538 Subditos
1797 1505 1852 1535 five
1868 1505 1972 1543 Ligeos
1985 1505 2055 1534 dieti
2070 1503 2247 1535 Illustriffimi
2263 1506 2348 1536 Prin-

1275 1543 2346 1622 iissffitgr‘ssssn'ssei'ffii‘jzisi?³¹³1fflssssi'biiiwiissssss'ffiiaTSfmffi&&²⁰⁵

1277 1635 1336 1668 eos·
1349 1609 1473 1655 omnini)
1494 1623 1528 1654 ad
1548 1624 1606 1654 hoc
1632 1607 1793 1662 impellente
1811 1624 1821 1656 (
1831 1605 1902 1651 ciii’n
1916 1620 1966 1663 ipsi
1983 1620 2040 1650 hoc
2056 1629 2116 1650 non
2131 1590 2348 1661 agenaverilii}

1279 1665 1312 1695 &
1330 1664 1358 1694 id
1372 1672 1501 1706 tempore
1517 1661 1653 1693 Recessiis
1666 1671 1766 1692 eorum
1781 1671 1797 1691 a
1812 1659 1905 1690 Patria
1920 1662 1966 1689 ina
1980 1669 2040 1689 non
2053 1659 2266 1698 proposuerint)
2288 1661 2349 1700 Ap-

1279 1703 1382 1741 plicare
1396 1703 1425 1731 in
1441 1702 1539 1739 aliquo
1555 1700 1642 1731 Portu
1651 1723 1661 1738 ,
1680 1702 1735 1730 sive
1749 1699 1804 1729 alio
1817 1697 1903 1729 Loco
1916 1707 2102 1736 quocumque
2115 1698 2196 1728 dieto
2210 1697 2348 1730 Domino

1279 1740 1379 1771 nostro
1398 1743 1463 1783 Regi
1484 1738 1597 1777 Angliae
1619 1738 1657 1772 ὠ·
1676 1741 1799 1767 Franciae
1814 1736 1936 1781 Subdito
1951 1736 2007 1766 five
2020 1736 2174 1774 Subjecio,
2194 1737 2239 1767 vel
2252 1738 2283 1768 in
2298 1738 2350 1768 ali-

1279 1774 2352 1864 ssgdffffiq'ussxtigfissffirieiififfifffflffiffiffffi‘bffpssaissuss

1280 1857 1363 1893 istat)
1382 1866 1441 1886 non
1466 1856 1562 1886 licebit
1575 1855 1656 1885 dicto
1673 1851 1918 1884 Excellentiffimo
1933 1851 2058 1891 Principi
2077 1850 2191 1889 Angliae
2203 1850 2242 1887 ό·
2257 1855 2349 1884 Fran-

1280 1901 1327 1926 ciae
1348 1897 1432 1934 Regi,
1450 1903 1496 1924 aut
1516 1894 1600 1924 alicui
1624 1892 1668 1923 vel
1689 1893 1826 1931 aliquibus
1845 1891 2034 1922 Subditorum
2050 1890 2094 1920 vel
2115 1890 2271 1929 Ligeorum
2286 1893 2352 1924 suo.

1283 1944 1347 1965 rum
1368 1943 1418 1973 per
1436 1932 1472 1963 Se
1487 1932 1531 1963 vel
1546 1932 1631 1969 alios,
1651 1932 1721 1970 ipsos
1739 1931 1776 1961 fic
1794 1930 1952 1968 Appulsos,
1969 1929 2014 1960 seu
2030 1928 2225 1966 Naufragium
2240 1931 2332 1968 paffos

1281 1983 1383 2004 eorum
1406 1972 1522 2009 Naves,
1544 1970 1639 2008 Bona,
1659 1969 1881 2006 Marchandisas,
1899 1969 1955 1999 five
1976 1967 2035 1998 Res
2058 1969 2121 1998 alias
2143 1953 2352 2009 quascumque:

1282 2014 1312 2042 in
1337 2011 1498 2054 hujusmodi
1521 2009 1655 2040 Navibus
1674 2008 1812 2046 adducta,
1831 2007 1960 2045 Capere,
1978 2005 2107 2044 Rapere,
2126 2007 2172 2036 vel
2192 2007 2228 2037 ab
2253 2009 2293 2038 eis
2311 2009 2352 2040 fic

1284 2051 1428 2088 Appulus,
1445 2049 1492 2080 vel
1508 2048 1700 2089 Naufragium
1719 2046 1799 2085 passis
1811 2047 1857 2077 vel
1873 2046 1966 2085 passu,
1987 2045 2106 2075 Auferre
2119 2047 2220 2082 quovis
2241 2047 2352 2086 modo,

1283 2090 1330 2120 vel
1352 2090 1437 2120 etiam
1457 2087 1596 2118 Detinere
1613 2110 1623 2124 ,
1647 2095 1693 2116 aut
1715 2087 1823 2116 ratione
1846 2083 1949 2114 Debiti
1970 2083 2083 2122 alicujus
2104 2082 2233 2115 strsonae
2251 2085 2354 2117 eadem

1285 2127 1362 2166 Res,
1384 2127 1461 2158 Bona
1473 2150 1482 2165 ,
1499 2126 1545 2156 vel
1570 2124 1777 2156 Marchandisas
1796 2124 1964 2163 integraliter
1983 2118 2028 2152 vel
2054 2124 2082 2152 in
2098 2132 2174 2160 parte
2191 2123 2334 2155 Arrestare

1285 2167 1331 2197 vel
1355 2165 1494 2197 Atrestari
1513 2165 1622 2202 facere3
1636 2164 1681 2195 sed
1706 2164 1807 2194 licebit
1827 2163 1890 2201 ipfis
1903 2162 1941 2192 fic
1954 2161 2084 2199 Appulsis
2096 2161 2142 2191 vel
2159 2160 2255 2192 Naufr
2291 2147 2352 2194 iuni

1285 2204 1383 2250 painS,
1400 2215 1470 2250 cutn
1486 2203 1635 2241 Navibus,
1654 2201 1874 2244 MarcbandifiS,
1893 2200 1996 2244 Bonis,
2015 2201 2048 2232 &
2062 2199 2162 2232 Rebus
2174 2199 2226 2231 suis
2238 2171 2352 2237 (ausi

1285 2244 1447 2284 hujusmodi
1471 2243 1613 2279 cessante)
1635 2249 1720 2280 prout
1741 2244 1778 2270 lic
1797 2239 1912 2280 Appulii
1929 2247 1975 2270 aut
1991 2237 2183 2278 Naufragium
2198 2238 2263 2276 paffi
2281 2241 2354 2278 (eo-

1285 2294 1348 2315 rum
1373 2283 1456 2314 Navi
1480 2280 1621 2317 Refeeissa)
1637 2280 1819 2311 ‘tenebuntur
1868 2277 2040 2317 quamcitius
2057 2276 2216 2308 commode
2239 2279 2353 2311 valeant

1284 2322 1448 2366 Recedeoe,
1468 2320 1571 2358 absque
1583 2319 1808 2362 quibuscumque
1823 2301 2021 2359 I'mpetitiqne,
2040 2314 2261 2355 Impedimento,
2280 2317 2355 2348 Mo-
2385 2322 2389 2323 ⁷

1282 2361 1443 2398 lestatione,
1463 2358 1589 2396 Arresto‚
1608 2362 1662 2388 live
1675 2358 1726 2387 alia
1739 2356 1902 2386 Occasione
1917 2363 2098 2393 quacumque
2113 2354 2164 2385 sibi
2178 2355 2354 2392 per—dictum

1281 2399 1498 2431 Illustriffimum
1522 2397 1618 2427 Princi
1656 2407 1686 2427 m
1710 2394 1823 2433 Angliae
1846 2394 1884 2428 ό·
1907 2396 2029 2423 Franciae
2043 2393 2354 2434 Regem,aliquemve,

1280 2439 1326 2484 seu
1348 2440 1455 2509 ἓῌςυοε
1477 2437 1535 2475 ejus
1548 2436 1587 2468 Su
1631 2437 1702 2467 'turn
1717 2434 1773 2465 iive
1789 2432 1945 2471 Subditos,
1962 2432 2119 2463 obiciendis
2136 2432 2193 2463 five
2210 2433 2295 2463 etiam
2310 2434 2354 2465 fa-

1281 2489 1346 2510 cien
1369 2487 1398 2509 is.

1319 2516 1443 2554 ITEM,
1463 2513 1684 2547 Concordatum
1700 2514 1733 2545 &
1751 2510 1947 2548 Conclusum,
1965 2508 2025 2547 est,
2043 2510 2116 2539 inter
2133 2508 2202 2540 Nos
2215 2509 2349 2547 praefatos

1282 2556 1422 2594 utriusque
1440 2554 1526 2585 Partis
1541 2553 1777 2588 Commissarios,
1795 2550 1875 2587 quod
1892 2549 1912 2578 fi
1928 2549 2039 2585 Aliquis
2056 2547 2101 2578 vel
2125 2547 2170 2578 Ali
2192 2549 2220 2577 ui
2244 2548 2348 2580 Subdi-

1284 2603 1381 2625 torum
1398 2593 1443 2624 vel
1461 2593 1620 2632 Ligeorum
1637 2588 1868 2622 Metuendiffimi
1882 2586 2025 2625 Principis
2036 2584 2149 2624 Angliae
2221 2589 2347 2618 Francia

1283 2635 1378 2671 Regis,
1397 2632 1465 2663 ficut
1482 2630 1644 2671 praedicitui·
1659 2653 1668 2668 ,
1694 2627 1832 2669 Appulsus
1852 2626 1899 2656 seu
1918 2624 2035 2664 Appulfi
2047 2648 2057 2663 ,
2081 2632 2128 2655 aut
2154 2624 2351 2664 Naustagium

1284 2672 1375 2712 passus
1387 2671 1433 2701 vel
1485 2670 1532 2707 ffi,
1552 2668 1608 2699 five
1623 2669 1654 2698 in
1669 2667 1805 2708 Regnum
1819 2665 1924 2695 Scotiae
1941 2665 2056 2694 veniens
2070 2663 2115 2693 vel
2138 2665 2283 2696 venientes
2299 2674 2350 2695 an-

1284 2710 1448 2779 aar&
1460 2708 1620 2778 {iisset
1634 2706 1714 2783 {3¹33
1726 2701 2348 2782 etsi&ft,&retorserit-12⁶

1284 2789 1362 2826 gium
1377 2786 1468 2825 paffus
1482 2786 1526 2816 vel
1540 2769 1623 2823 passi,
1640 2793 1687 2814 aut
1701 2784 1751 2814 sub
1765 2782 1850 2813 Salvo
1868 2779 2028 2811 conductu
2044 2763 2160 2810 veniens
2171 2779 2218 2811 vel
2232 2782 2348 2813 venien-

1284 2835 1342 2864 tes,
1361 2835 1430 2856 cum
1449 2824 1530 2855 Navi
1545 2824 1590 2854 vel
1609 2821 1760 2859 Navibus,
1779 2830 1834 2858 qua
1849 2819 1894 2849 vel
1909 2820 2012 2857 quibus
2033 2818 2168 2856 applicuit
2189 2818 2234 2849 vel
2254 2820 2343 2858 appli-

1286 2873 1405 2896 cuerunt
1415 2886 1424 2901 ,
1438 2863 1481 2893 vel
1495 2871 1559 2893 ante
1574 2862 1664 2892 Diem
1683 2859 1872 2900 Expirationis
1883 2857 1922 2888 sui
1938 2857 2003 2888 salvi
2019 2855 2193 2887 conducitis
2208 2856 2246 2888 fic
2265 2857 2346 2888 veni·

1285 2913 1335 2934 ens
1351 2904 1398 2934 vel
1410 2903 1554 2932 venientes
1569 2908 1687 2938 nequeat
1704 2900 1748 2930 vel
1761 2905 1900 2937 nequeant
1913 2895 2073 2927 commode
2085 2894 2249 2932 Recedere,
2266 2896 2299 2926 &
2314 2896 2347 2926 in

1284 2942 1414 2980 Proprias
1430 2941 1525 2971 Partes
1543 2939 1570 2970 se
1582 2940 1724 2976 recipere,
1741 2946 1810 2968 tunc
1825 2936 1899 2966 bene
1909 2935 2006 2965 licebit
2023 2934 2059 2964 fic
2085 2933 2133 2972 Ap
2172 2933 2210 2963 lso
2231 2934 2265 2964 &
2287 2933 2350 2972 Ap-

1285 2981 1386 3018 pulsis,
1404 2978 1597 3017 Naufragium
1612 2977 1689 3016 paffo
1707 2978 1740 3009 &
1757 2974 1855 3013 passu,
1872 2983 1905 3004 ac
1921 2972 2056 3003 venienti
2075 2972 2108 3003 δε
2161 2971 2319 3002 enientibus
2336 2995 2348 3011 ,

1284 3019 1406 3050 Infirmo
1422 3018 1466 3049 vel
1485 3017 1622 3054 Infirmis,
1637 3017 1800 3052 cuicunque
1815 3014 1848 3044 ὃ(
1862 3011 2076 3052 quibuscunque
2087 3009 2163 3040 salvo
2179 3010 2212 3041 &
2232 3009 2347 3050 secure,

1284 3060 1314 3089 in
1331 3059 1399 3089 loco
1413 3066 1474 3096 quo
1490 3057 1526 3086 fic
1543 3055 1682 3095 Appulsus
1699 3054 1743 3085 vel
1759 3051 1893 3092 Appulsi,
1909 3049 2104 3086 Naufragium
2121 3047 2210 3086 passus
2224 3048 2268 3078 vel
2285 3058 2345 3088 pas-

1285 3098 1322 3135 fi,
1345 3096 1509 3135 applicuerit
1528 3094 1575 3125 vel
1599 3093 1784 3137 applicuerint
1798 3113 1808 3130 ,
1836 3089 1977 3132 lufirmari
2001 3087 2152 3125 contigerit
2165 3109 2175 3125 ,
2196 3088 2346 3126 expetitam

1284 3135 1444 3205 {³2¹¹f‘i’sui‘22effi
1448 3125 2345 3214 {3532}{Sl}eliis&§eiiii‘ffi‘igssiiiiii‘ffiiffiffllsss

1286 3213 1395 3243 alterius
1411 3209 1553 3242 Officiarii
1568 3208 1694 3239 Domini
1712 3207 1815 3246 Regis,
1834 3214 1862 3234 in
1877 3204 1962 3235 Loco
1975 3212 2033 3241 quo
2059 3201 2096 3231 fic
2119 3202 2197 3232 Eum
2216 3201 2263 3232 vel
2285 3202 2346 3234 Eos

1286 3250 1419 3282 infirmari
1433 3248 1602 3287 contigerit,
1620 3247 1714 3277 eidem
1730 3247 1774 3276 vel
1787 3243 1889 3276 eisdem
1902 3242 1953 3285 sub
1967 3239 2125 3284 Moderatis
2132 3239 2346 3280 Expenfiscon-

1287 3289 1420 3320 cedendis
1433 3288 1466 3318 δε
1490 3286 1629 3317 tradendis
1653 3283 1764 3322 (Causa
1785 3280 1945 3319 hujusmodi
1965 3278 2139 3309 infirmitatis
2156 3278 2298 3313 cessante)
2314 3281 2346 3310 in

1287 3329 1382 3360 Partes
1397 3327 1520 3365 proprias
1535 3324 1665 3354 recedere
1683 3323 1795 3353 licebit:
1815 3320 1954 3356 Idemque
1966 3317 2098 3348 Infirmus
2113 3318 2158 3348 seu
2171 3316 2279 3348 Infirmi
2291 3318 2348 3349 hu-

1283 3365 1408 3405 jusmodi
1423 3365 1460 3395 fic
1479 3362 1627 3394 Recedere
1641 3361 1760 3391 debebit
1780 3360 1813 3390 &
1836 3358 1981 3389 debebunt
2005 3355 2108 3393 absque
2131 3355 2348 3394 [mpedimento

1288 3405 1334 3435 vel
1350 3401 1510 3434 Obstaculo
1524 3409 1710 3438 quocumque
1724 3399 1774 3428 fibi
1787 3407 1836 3435 per
1851 3396 1970 3434 aliquem
1987 3393 2175 3424 Subditorum
2183 3394 2228 3425 vel
2239 3395 2351 3433 Ligeo-

1289 3452 1354 3472 rum
1379 3441 1502 3470 Domini
1524 3439 1612 3476 Regis
1632 3437 1740 3467 Scotiae
1759 3434 1977 3474 quomodolibet
2002 3432 2137 3462 faciendis
2159 3445 2170 3471 ς
2198 3434 2237 3464 ita
2255 3443 2353 3465 tamen

1291 3479 1374 3518 quod
1388 3479 1502 3509 interim
1516 3476 1604 3507 nichil
1625 3474 1817 3512 Praejudiciale
1839 3481 1938 3503 contra
1961 3470 2098 3509 Regem,
2120 3471 2279 3511 Regnum,
2303 3472 2351 3504 seu

1292 3520 1396 3558 Ligeos
1411 3516 1533 3555 ejusdem
1548 3522 1695 3554 attemptet
1710 3513 1757 3544 vel
1771 3519 1952 3549 attemptent,
1970 3509 2065 3541 fierive
2083 3519 2216 3548 procuret
2231 3512 2276 3542 vel
2283 3521 2352 3550 pro-

1291 3565 1406 3589 curent:

1331 3595 1408 3633 Quae
1422 3593 1520 3623 omnia
1533 3590 1614 3622 simili
1629 3590 1720 3621 modo
1735 3590 1768 3620 &
1783 3587 1893 3626 forma,
1911 3586 2045 3625 fideliter,
2062 3587 2207 3625 aequaliter
2232 3588 2267 3619 &
2286 3585 2350 3618 effi-

1294 3635 1396 3665 caciter
1407 3631 1628 3662 observabuntur
1652 3638 1687 3659 ex
1708 3637 1786 3666 parte
1803 3625 2032 3657 Metuendiffimi
2051 3629 2128 3664 Regis
2148 3625 2279 3663 Angliae,
2291 3623 2352 3660 &a

1293 3672 1481 3704 Subditorum
1497 3670 1527 3700 ὃ(
1544 3668 1702 3704 Ligeorutn
1715 3667 1831 3697 suorum
1843 3667 2143 3704 quorumcumque,in
2157 3665 2208 3695 cas
2251 3672 2290 3693 uo
2303 3660 2340 3692 ali

1295 3720 1381 3749 quem
1398 3707 1496 3745 Regni
1511 3707 1618 3750 Scotiae
1635 3705 1799 3742 subditum,
1819 3705 1848 3734 in
1860 3704 1981 3742 aliquem
1999 3703 2116 3734 Locum
2132 3702 2220 3740 Regis
2232 3673 2351 3736 {ngliae

1296 3750 1439 3780 subditum
1455 3746 1488 3776 &
1511 3745 1669 3783 subiectum
1686 3744 1725 3774 fic
1761 3743 1918 3781 Appulsum
1935 3765 1945 3781 ,
1959 3751 2006 3772 aut
2026 3741 2220 3777 Naufragium
2242 3737 2354 3776 paffurn

1298 3789 1342 3818 vel
1356 3787 1542 3822 Venientem,
1559 3784 1710 3821 contigerit
1723 3781 1878 3819 Infirmari,
1893 3782 1971 3820 juxta
1983 3781 2109 3811 formam
2131 3779 2165 3809 ὃς
2185 3777 2306 3807 modum
2322 3777 2354 3807 in

1296 3827 1433 3866 proximo
1449 3823 1620 3860 praecedenti
1640 3821 1772 3852 Articulo
1790 3820 2020 3858 comprehensos.

1336 3865 1360 3896 P
1370 3873 1395 3894 R
1404 3872 1435 3893 ,ιε
1444 3871 1467 3892 τ
1479 3870 1496 3890 E
1507 3870 1530 3891 R
1540 3870 1558 3891 E
1568 3871 1588 3891 A
1599 3883 1609 3897 ,
1626 3860 1698 3890 inter
1712 3859 1780 3889 Nos
1799 3857 2017 3890 Commiffarios
2031 3853 2169 3890 utriusque
2180 3852 2269 3883 Partis
2284 3862 2357 3892 prae-

1300 3903 1413 3937 dictos,
1434 3900 1689 3937 Appunctuatum,
1706 3897 1948 3933 Concordatum‚
1967 3894 2157 3934 Ordinatutn,
2173 3892 2206 3921 ὃς
2225 3889 2361 3923 Conclu-

1299 3941 1359 3971 sum
1371 3939 1412 3969 est
1427 3938 1506 3976 quod
1516 3960 1525 3976 ,
1542 3938 1562 3967 fi
1576 3937 1738 3974 contingat,
1757 3935 1863 3967 eisdem
1877 3934 1998 3971 Treugis
2009 3929 2172 3961 durantibus
2181 3952 2191 3967 ,
2211 3930 2361 3974 Aliquem,

1301 3989 1361 4010 non
1373 3977 1546 4014 Subditum,
1563 3975 1608 4005 vel
1622 3975 1729 4012 aliquos
1741 3984 1800 4004 nori
1816 3972 1968 4008 Subditos,
1991 3969 2061 3999 dieti
2082 3965 2258 3998 lllustriffimi
2280 3969 2363 3998 Prin·
2381 3981 2398 3998 ο
2418 3978 2462 4008 χχ

1301 4018 1372 4056 cipis
1386 4020 1537 4047 Scottorum
1557 4014 1575 4034 ’κ
1594 4016 1690 4052 Regis,
1708 4013 1829 4044 Navem
1843 4010 1889 4042 vel
1905 4009 2024 4045 Naves,
2049 4004 2205 4037 Personam
2224 4007 2271 4039 vel
2291 4007 2363 4039 Per-
2385 4027 2448 4056 330·
2464 4000 2473 4009 '

2271 4044 2370 4083 sonas,

2364 1002 2383 1020 '¹'
2406 1002 2460 1031 XI.

2368 1049 2434 1078 3²9·
