2555 4266
89 247 166 279 Ann.
185 246 226 278 D.

113 287 200 326 1476.

89 331 127 354 Ea
135 337 156 353 υ.
176 336 205 362 4.

88 405 143 469 ἐπ.
165 403 207 428 16.
247 391 359 449 REX
377 391 513 422 universis
526 394 559 424 &
574 390 704 431 singulis,
719 390 780 421 ὅτε.
800 388 935 420 Salutem.

139 450 157 476 4

100 2257 115 2274 ⁸
136 2256 205 2287 XII.

106 2739 234 2808 Annqu,

125 2877 191 2926 ibit]

135 3708 210 3739 Arm.
220 3707 261 3738 D.

163 3747 249 3785 1476.

244 146 298 187 74

440 309 500 340 Pro
525 306 608 339 Duce
632 306 792 338 Britannia
814 302 851 336 de
876 303 1113 348 Confirmatione.

338 430 420 461 Cum
439 440 534 461 autern
554 431 703 462 Ducatum
722 428 872 459 Britanniae
885 450 895 466 ,
911 427 1032 464 Terras,
1051 425 1210 462 Dominia,
1225 431 1311 468 atque

88 462 217 507 frana&
246 469 398 508 Subditos,
417 468 563 506 Carissirni
581 469 789 537 Consanguinei
805 466 910 503 nostri,
928 465 1079 504 Promisti,
1097 463 1198 494 eadem
1211 462 1311 501 gratia,

90 522 121 544 Ε,
141 526 170 553 4,,
187 527 223 543 m,
245 511 402 538 Britanniae
425 511 525 549 Ducis,
543 509 614 540 tueri
636 509 670 539 &
713 517 728 537 e

730 506 844 537 fendere
862 506 921 543 jam
944 504 1056 535 dudum
1078 501 1310 537 Promiserimus,

242 556 331 617 firqltgtt
351 549 381 577 in
408 547 510 578 Literis
533 546 636 578 nostris
660 546 841 582 Parentibus,
859 543 1005 582 superinde
1027 540 1184 576 confectis,
1202 538 1311 578 plenius

263 596 415 664 unarum
430 624 535 656 Tenor
546 624 666 664 sequitur
681 624 715 655 δε
730 622 772 653 est
784 622 857 659 talis,

277 702 439 732 Edwardus
453 726 461 740 ‚
488 701 547 732 Dei
565 700 650 741 gratia
666 722 676 738 ‚
694 702 754 729 Rex
770 697 884 736 Angliae
901 694 940 730 ό»
959 697 1081 725 Francia
1097 717 1107 732 ,
1125 694 1159 724 &
1179 694 1313 722 Dominus

241 741 400 810 Hilgegniae,
418 741 565 780 univerfis,
583 739 728 780 praesentes
747 737 854 768 Literas
873 733 1053 773 inspesturis,
1071 734 1178 762 Notum
1192 729 1312 771 facimus

241 790 303 818 quo

279 805 363 849 Cain
377 819 405 848 in
424 816 563 848 Traeiatu
585 815 618 845 &
639 813 846 845 Conventione
865 811 1093 849 Alligantiarum,
1112 807 1313 844 Intelligentia-

242 867 326 896 rum,
344 858 378 888 &
394 857 515 887 aliorum
531 853 888 893 Apponetuamentorum,
906 851 1042 881 initorum
1063 850 1097 880 &
1117 846 1311 878 concordato-

242 906 306 927 rum
323 898 396 926 inter
409 896 471 924 Nos
485 895 519 925 &
530 891 704 923 carissimum
722 890 978 927 Consanguineum
992 887 1122 918 nostrum
1139 884 1310 924 Francrfium

239 937 399 972 Britanniae
416 936 534 971 Ducem,
551 939 585 961 ex
603 939 680 968 parte
694 928 809 968 nostra,
828 930 860 958 ὅ(
876 927 968 965 ipsum
981 935 1016 956 ex
1038 924 1142 962 altera,
1161 925 1232 954 inter
1254 928 1312 954 σε·

241 982 316 1011 tera,
337 972 528 1003 Prolocutum
549 969 642 999 fuisset
663 969 700 998 de
724 968 828 997 mutuis
850 965 969 997 Auxiliis
988 963 1024 994 ad
1043 962 1253 994 Defenfionem
1276 961 1310 991 δε

241 1011 416 1042 Tuitionem
433 1010 587 1040 Patriamm
601 1008 634 1038 &
650 1007 864 1037 Dominiorum
879 1001 1060 1043 praestandis,
1078 1003 1113 1034 &
1134 1001 1238 1033 Literis
1261 1010 1312 1031 au-

241 1051 352 1082 tenticis
368 1049 434 1079 inde
451 1046 654 1084 conficiendis,

279 1088 360 1118 Hinc
376 1087 417 1117 est
430 1086 511 1124 quod
519 1085 588 1116 Nos
603 1083 744 1120 (volentes
759 1089 790 1114 ut
805 1081 955 1121 prolocuta
968 1077 1102 1120 praedicta
1111 1076 1251 1110 effectum
1263 1076 1315 1108 ha-

240 1126 335 1163 beant)
353 1125 530 1156 Pollicemur
545 1125 578 1155 &
592 1123 789 1154 Promittimus
811 1129 860 1159 per
875 1120 965 1160 Nos,
983 1117 1123 1150 Haeredes
1143 1119 1178 1149 &
1192 1116 1314 1148 succes-

241 1165 316 1196 sores
332 1164 459 1202 nostros,
480 1163 630 1195 Ducatum
648 1161 814 1196 Britanuiae,
832 1169 865 1190 ac
879 1159 984 1190 Terras
1002 1158 1036 1190 δι
1052 1155 1314 1188 DominiaDuci&

239 1204 455 1236 successoribus
470 1203 521 1233 suis
534 1201 728 1239 competentia
742 1199 776 1231 &
793 1198 984 1235 competitura
1000 1197 1030 1227 in
1042 1196 1229 1234 futurum,ac
1237 1195 1312 1225 Sub-

240 1243 315 1274 dites
328 1245 358 1274 iri
372 1243 434 1281 ipfis
447 1241 583 1277 Ducam,
598 1249 631 1270 ac
649 1239 766 1276 Terris,
783 1238 817 1269 &
840 1236 988 1268 Dominiis
1009 1243 1240 1272 commoranteS,
1258 1242 1311 1271 pro

240 1282 328 1313 Poffe
341 1282 481 1320 perpetuo
497 1280 588 1309 Tueri
601 1279 634 1309 ὅ(
650 1277 801 1308 defendere
821 1285 924 1307 contra
949 1275 982 1306 &
1003 1274 1132 1305 adversus
1153 1282 1256 1304 omnes
1277 1272 1311 1302 &

241 1322 364 1361 singulos
383 1319 583 1354 Adversanres,
603 1318 636 1348 &
653 1319 702 1355 qui
718 1317 746 1346 in
761 1314 824 1353 ipiis
841 1314 958 1345 Ducatu
969 1336 979 1351 ,
997 1323 1030 1343 ac
1051 1313 1166 1350 Terris,
1184 1312 1218 1343 &
1243 1310 1312 1341 Do-

242 1361 337 1430 {riiniis
357 1357 534 1397 supradietis,
552 1356 642 1394 Vim,
661 1354 854 1393 violentiam,
871 1353 918 1384 seu
942 1351 1110 1384 Gravamen
1131 1351 1235 1382 inferre
1258 1359 1314 1381 vo·

256 1406 363 1429 uel'lnt'

281 1422 484 1468 Pron’iittentoe
499 1457 509 1473 ‚
525 1432 614 1464 bona
631 1431 701 1463 Fide
718 1431 753 1462 &
769 1431 799 1460 in
818 1430 920 1461 Verbo
938 1428 1036 1467 Regio
1049 1453 1059 1467 ‚
1081 1437 1136 1467 pro
1159 1426 1262 1459 Nobis
1278 1427 1312 1458 sc

243 1475 458 1507 successoribus
476 1471 578 1504 nostris
590 1497 600 1510 ‚
629 1470 763 1509 praedicta
785 1471 885 1500 omnia
906 1470 940 1500 &
960 1468 1065 1507 singula
1087 1466 1236 1498 observare
1252 1489 1262 1504 ,
1281 1466 1314 1496 ὅ(

242 1515 322 1545 nullo
344 1514 436 1546 modo
457 1513 673 1549 contravenire,
691 1508 800 1541 discete
824 1508 871 1540 vel
890 1507 1029 1539 indirecte
1042 1530 1052 1546 ,
1071 1507 1174 1546 quovis
1196 1504 1315 1544 quaefito

244 1554 353 1586 colore.

278 1630 314 1661 In
329 1630 410 1668 cujus
427 1630 468 1659 rei
481 1626 699 1659 Testimonium
715 1624 764 1656 has
779 1622 887 1656 Literas
901 1622 1012 1655 nostras
1024 1622 1126 1664 Sigillo
1135 1620 1238 1654 nostro
1257 1620 1317 1660 jus-

245 1670 328 1701 simus
346 1666 581 1700 corroborandas.

282 1745 352 1777 Dat.
375 1744 450 1784 apud
473 1743 614 1774 Palatium
635 1741 750 1784 nostrum
775 1738 1014 1780 Wstmonasterii,
1035 1740 1132 1778 primo
1150 1737 1208 1769 Die
1227 1735 1315 1776 Julii,

247 1787 334 1817 Anno
349 1783 550 1814 Incarnationis
564 1781 730 1812 Dominicae
746 1778 919 1818 Millefimo,
933 1776 1319 1819 Quadringentesimo,8ex-

245 1824 368 1864 agesimo
383 1824 509 1860 ostam,
527 1820 629 1860 Regni
648 1822 720 1851 vero
737 1818 830 1849 nostri
844 1817 959 1849 octavo.

289 1901 358 1933 Nos
368 1925 377 1937 ‚

281 1940 350 1971 Satis
366 1939 515 1971 sentientes
528 1936 568 1967 nil
580 1935 660 1966 Fidei
683 1934 818 1966 humanae
837 1935 926 1975 magis
946 1941 1112 1971 congruum
1135 1931 1211 1970 esse,
1229 1929 1317 1971 quam

245 1989 292 2016 ea,
308 1988 373 2017 quae
388 1979 460 2008 inter
478 1977 572 2007 Partes
587 1975 767 2013 placuerunt,
785 1974 909 2012 servare,
925 1971 1111 2010 volentesque
1135 1971 1240 2001 Literas
1261 1970 1318 2000 illas

246 2028 279 2049 ac
295 2019 325 2061 in
336 2015 442 2047 eisdem
457 2024 607 2052 contenta,
622 2014 701 2052 jquta
723 2012 874 2044 Tenorem
897 2012 1064 2044 earumdem
1074 2033 1086 2051 ,
1102 2009 1198 2041 debite
1220 2009 1318 2040 obser·

248 2067 309 2089 vari

289 2079 361 2133 Ip’sas
377 2093 484 2124 Literas
500 2093 532 2124 ὃ(
548 2092 648 2124 omnia
660 2091 689 2120 in
706 2092 745 2122 eis
761 2089 863 2122 inclusa
879 2099 931 2128 pro
946 2088 1063 2126 Nobis,
1079 2086 1266 2124 Haeredibus,
1280 2086 1314 2117 δε

251 2132 466 2165 Successoribus
480 2130 598 2168 nostris,
615 2131 645 2160 in
683 2138 800 2160 uantum
810 2139 882 2167 opus
896 2127 956 2167 est,
975 2128 1185 2164 Acceptarnus,
1202 2125 1318 2166 Appro-

251 2174 371 2210 bamus,
392 2169 596 2208 Ratificamus,
612 2170 646 2201 &
713 2166 897 2205 affirmamus,

286 2251 304 2269 ³
324 2249 529 2280 Promittentes
564 2245 643 2277 bona
657 2244 726 2277 Fide
739 2246 773 2277 δε
791 2246 821 2275 in
837 2242 938 2275 Verbo
957 2242 1071 2281 Regio,
1089 2242 1188 2273 omnia
1211 2241 1245 2273 &
1263 2240 1319 2272 fin-

249 2289 332 2327 gula,
350 2289 379 2318 in
401 2287 505 2318 eisdem
531 2269 649 2322 Literis,
667 2292 698 2315 ut
718 2284 897 2322 praernittitur
909 2305 919 2318 ,
937 2290 1072 2312 contenta
1085 2306 1094 2318 ,
1118 2280 1320 2311 inviolabiliter

249 2328 398 2364 observare
414 2348 424 2364 ,
437 2327 517 2365 juxta
543 2323 611 2354 Vim
626 2346 636 2362 ‚
662 2323 798 2354 Formam
811 2345 822 2362 ‚
848 2323 881 2353 &
902 2319 1053 2352 Effectum
1070 2319 1236 2351 earumdem
1251 2343 1261 2358 ,
1286 2319 1320 2350 &

248 2376 335 2406 prout
351 2366 456 2396 Literae
471 2363 524 2394 illae
541 2361 685 2394 testantur.

289 2405 324 2436 Iri
344 2406 441 2443 cujus,
459 2403 520 2434 &c.

285 2444 346 2476 Dat
371 2443 444 2481 apud
458 2440 600 2472 Palatium
615 2442 694 2478 Regis
710 2435 820 2479 Westm.
837 2436 942 2469 Tertio
954 2435 1000 2467 die
1014 2434 1198 2467 Decembris.

947 2515 1002 2545 Per
1016 2512 1098 2554 igs'um
1108 2516 1214 2551 Regem.

463 2645 522 2677 Pro
539 2643 708 2674 Annuitase
723 2641 855 2674 Franciae
871 2641 1101 2685 Acquietantia.

255 2728 475 2792 EDwardur,
493 2726 552 2757 Dei
569 2723 675 2764 gratia,
693 2727 754 2754 Rex
774 2722 903 2761 Angliae‚
922 2720 986 2757 &aa
1005 2722 1151 2760 univerfis,
1169 2722 1318 2761 praesentes

334 2768 440 2799 Literas
453 2765 562 2796 nostras
573 2763 757 2802 inspectum,
775 2758 912 2803 Salutem.

214 2840 219 2846 ,
294 2807 391 2837 Sciatis
406 2805 476 2836 Nos
489 2808 541 2834 Rec
571 2802 616 2843 affe
630 2803 663 2833 &
680 2800 827 2871 ῌαόιιιζε,
847 2799 906 2831 Die
917 2797 1119 2833 Confedtionis
1127 2798 1322 2837 Praefentium,

255 2847 291 2877 ab
304 2844 493 2876 [ilustrisfimo
506 2844 541 2874 &
581 2841 758 2872 otentisutno
796 2840 904 2877 rincipe
926 2837 1072 2868 lodowico
1092 2841 1214 2867 Franciae
1237 2837 1323 2867 Con-

256 2885 412 2922 sanguineo
429 2882 527 2912 nostro
541 2880 700 2918 carissimo,
719 2889 769 2916 per
782 2877 887 2908 Manus
907 2876 1053 2908 Willielmi
1073 2876 1198 2916 Restant,
1215 2878 1323 2914 Viginti

257 2924 295 2960 ό·
322 2923 452 2965 Qinque
473 2919 570 2951 Millia
597 2922 761 2949 Coronarum
780 2920 875 2954 Auri,
889 2916 919 2945 in
943 2914 1028 2946 Festo
1053 2914 1151 2946 Sanffi
1170 2915 1322 2946 Michaelis

257 2962 363 2994 ultimo
386 2960 531 3001 praetetito
551 2958 650 2989 Nobis
671 2956 740 2987 solvi
761 2954 918 2986 debitarum
936 2977 946 2992 ,
981 2954 1009 2983 in
1033 2953 1146 2985 Partem
1166 2953 1322 2984 Solutionis

259 3003 471 3043 Quinquaginta
489 2995 613 3027 Millium
636 2999 802 3025 Coronarum
823 2996 901 3025 Auri
920 2993 1064 3023 annuatim
1092 2992 1191 3024 Nobis
1211 2992 1324 3023 solven-

257 3047 376 3076 darum,
394 3045 479 3077 prout
495 3038 524 3066 in
544 3035 645 3065 Literis
662 3032 810 3071 superinde
827 3032 967 3063 confeffis
986 3031 1093 3070 plenius
1111 3032 1288 3070 continetur,

298 3078 349 3109 De
364 3077 466 3118 quibus
478 3074 593 3114 quidem
609 3076 715 3110 Viginti
728 3071 918 3140 &SQr'nque
939 3070 1065 3101 Millibus
1079 3073 1245 3100 Coronarum
1262 3073 1326 3099 Au-

261 3123 286 3149 ri
302 3117 425 3148 fatemur
439 3113 542 3145 Nobis
555 3111 673 3142 fideliter
693 3111 750 3142 esse
793 3114 922 3148 olutum,
941 3109 976 3141 &
998 3109 1124 3140 eundem
1148 3106 1327 3148 Contangui-

260 3166 349 3189 neum
367 3153 499 3185 nostrum
514 3151 660 3188 superinde
672 3148 734 3179 fore
747 3149 897 3187 Qiietum.

299 3194 333 3225 In
356 3195 436 3232 cujus
459 3191 516 3222 Rei
531 3188 746 3220 Testimonium
763 3188 810 3217 has
826 3186 931 3218 Literas
945 3186 1051 3217 nostras
1061 3185 1122 3217 fieri
1136 3185 1256 3218 fecimus
1274 3185 1330 3218 Pa·

263 3243 363 3266 tentes.

303 3273 373 3302 Dat.
393 3268 468 3308 apud
488 3268 647 3299 Manerium
668 3262 786 3303 nostrum
802 3263 834 3292 de
855 3261 1039 3302 Grenewych,
1057 3262 1180 3299 septimo
1194 3263 1254 3294 Die
1269 3262 1330 3293 De·

267 3311 409 3347 cembris,
427 3310 517 3339 Antio
540 3305 665 3336 Domini
689 3302 864 3339 Millesirn0‚
884 3301 1194 3339 Quadringentesimo,
1212 3301 1331 3339 Septua-

268 3349 379 3387 gel'irno
390 3348 484 3387 sexto,
501 3346 535 3378 &
548 3343 646 3384 Regni
661 3340 752 3373 nostri
765 3340 981 3371 Sextodecimo.

964 3417 1018 3446 Per
1028 3413 1112 3455 ipsim
1127 3416 1232 3451 Regem.

278 3573 525 3609 Procuratorium
549 3572 626 3602 inter
645 3568 787 3614 Perfimas
809 3568 955 3598 Privatas
972 3560 1033 3608 βψ
1056 3562 1163 3610 Stgillo
1195 3563 1340 3594 Civitatis

726 3613 902 3658 Lubicenſss.

286 3822 361 3852 rialis
378 3823 511 3852 Civitatis
518 3815 670 3855 Lubicenfir
682 3814 908 3858 promptissimos
916 3815 1132 3853 Obsequtorurn
1147 3808 1342 3841 affeetuscum

327 3899 438 3928 Coram
455 3897 554 3928 Nobis
568 3891 745 3932 personaliter
759 3889 906 3921 constituti
917 3913 926 3927 ‚

326 3935 536 3971 Circumspec‘ri
557 3933 590 3963 &
615 3931 704 3962 nostri
727 3928 871 3960 Praechari
894 3928 1060 3967 Concivee,
1077 3928 1232 3959 Hermam
1255 3926 1341 3954 Dm-

281 3973 394 4013 fihouw
410 3996 419 4011 ‚
437 3972 621 4013 Marquardus
641 3970 673 3999 dc·
695 3971 780 4009 Reyne
794 3990 804 4004 ,
822 3969 951 3996 Henricur
974 3971 1136 4004 Hoveman,
1156 3966 1190 3997 δε
1214 3961 1342 3993 Nicolaur

288 4011 396 4049 Schele,
412 4012 548 4041 omnibus
566 4009 733 4041 melioribus
757 4004 871 4041 MJdO,
890 4004 960 4042 Via,
979 4007 1068 4044 Stilo,
1081 4005 1170 4044 Jure,
1188 4002 1221 4033 δε
1248 4000 1342 4031 Causa

289 4050 394 4088 quibus
416 4049 515 4079 melius
537 4049 571 4079 &
591 4046 736 4079 efficacius
756 4051 910 4082 potuerunt
932 4045 966 4075 ὅ(
980 4044 1159 4081 debuerunt,
1175 4039 1343 4073 Constitue-

351 3702 481 3737 Niversis
492 3702 526 3734 &
540 3701 650 3742 singulis
659 3724 670 3740 ,
687 3708 940 3738 quorumcumque
956 3697 1127 3737 Dignitatis,
1145 3692 1343 3730 Gradfispr-

371 3744 442 3774 dinis
454 3765 464 3781 ‚
484 3738 578 3772 Starfis
589 3763 598 3778 ,
614 3740 660 3770 vel
678 3738 861 3769 conditionis
879 3738 1018 3768 eniterint
1031 3758 1042 3775 ,
1061 3735 1206 3773 praesentes
1226 3732 1344 3762 Litteras

135 3789 188 3814 An.
208 3788 249 3813 16.
284 3785 396 3820 visuris,
412 3781 542 3817 lecturis,
560 3787 607 3809 aut
625 3778 683 3808 leei
700 3777 832 3807 audituris
845 3800 854 3815 ,
875 3773 1045 3819 Proconfidef
1062 3775 1096 3806 &
1114 3769 1238 3811 confides
1255 3773 1344 3809 Impe-

136 3828 178 3888 {x
184 3833 252 3889 42:1¹4·
286 3862 507 3900 subscriptorum
519 3856 621 3887 notitia
632 3854 763 3885 veritatis.

134 3906 202 3937 'ogra

721 120 1524 170 CONVENTIONES‚
1582 118 1969 174 LITERAE,

1362 216 1447 246 runt,
1467 206 1627 243 Fecerunt,
1640 205 1804 251 -Ειζεᾶτυητῖ
1822 207 1856 238 &
1877 207 2059 247 solempniter
2081 206 2273 246 ordinarunt,
2289 206 2323 238 &
2344 208 2427 248 quili-
2446 207 2555 247 ΛΜΗ]

1358 246 1407 277 bet
1420 255 1525 277 eorum
1541 243 1718 282 Constituit,
1737 244 1834 289 Fecit,
1848 245 1986 288 Crevit,
2004 246 2234 291 &osolempnitet
2251 247 2422 286 Ordinavit,
2469 252 2553 288 1476.

1357 286 1441 315 suum
1462 293 1566 315 verum
1578 305 1588 321 ,
1605 292 1720 313 certum
1736 306 1746 320 ,
1764 283 1941 320 legittimum
1955 306 1966 322 ,
1983 286 2017 316 &
2038 285 2229 318 indubitatum
2249 287 2424 318 Procurato·
2439 288 2505 318 Edv.
2517 299 2547 326 4.

1358 333 1439 361 rem,
1456 322 1597 366 Adtorem
1608 343 1617 359 ,
1635 321 1807 366 Faetorem,
1826 321 2084 366 Negotiorumque
2107 324 2224 356 suorum
2243 325 2423 364 Gestowm,

1358 361 1627 431 ᾒὶἓεέἶὲἓέἴὶἶῗα
1636 359 2301 442 sssffgalisszgsst{ezfflzmcza‘tz‘ffss‘issv‘iiffss
2310 364 2424 434 ³55⁰„ss

1358 438 1520 483 Rertoldum
1534 437 1731 476 Folkerdingk,
1747 436 1917 475 Opidanum
1931 435 2154 476 Hamburgenfis
2168 439 2259 480 Opidi
2297 442 2426 473 Praesen⁴

1360 486 1436 509 tium
1453 476 1662 515 ostensorem,
2268 464 2279 480 ²

1382 517 1444 560 ’Ac
1459 517 1488 546 in
1503 515 1719 554 quibuscunque
1737 512 1939 544 Domitiorum
1953 511 2176 551 Curiis‚coram
2191 516 2362 550 eorumdem
2374 519 2393 558 J
2396 529 2429 550 u-

1359 553 1471 598 dlqibus
1484 577 1500 598 ³.
1514 553 1674 585 Ordinatiis
1685 575 1695 592 ‚
1713 551 1861 592 Delegatis
1876 574 1886 591 ‚
1907 551 2120 583 Commiffarii's
2135 574 2146 591 ,
2164 553 2209 584 vel
2232 554 2426 597 Subdelegatis

1360 590 1556 635 Spiritualibus
1579 593 1614 623 &
1637 591 1832 630 Secularibus,
1847 601 1881 622 ac
1901 589 2074 630 quibussibet
2097 591 2126 620 in
2144 590 2260 631 Causis,
2277 594 2409 633 Qerelis

1360 628 1476 660 Liubus
1493 653 1504 669 ‚
1522 632 1557 662 ὃς
1579 629 1786 661 Contraverfiis
1799 651 1809 667 ,
1833 630 1907 659 inter
1927 629 2020 660 dicim
2040 628 2257 661 Constituentes
2278 620 2426 672 tamquani

1359 667 1484 712 A<5l0res
1506 678 1541 699 ex
1561 668 1618 698 una
1630 692 1640 706 ‚
1667 669 1701 700 δε
1724 667 1873 698 Nobilem
1896 669 2043 698 Dominum
2061 667 2094 697 de
2115 667 2228 710 Lomely
2248 669 2282 700 ὃ(
2301 672 2426 709 ejusdem

1359 705 1498 750 Subditos
1515 707 1553 752 de
1572 705 1725 745 Hartelpol
1743 706 1773 736 in
1793 706 1997 744 Nortentren,
2015 716 2049 737 ac
2074 706 2259 746 quoscunque
2276 707 2344 739 alios
2366 711 2413 742 An

1358 745 1423 784 gliae
1438 744 1467 775 R
1489 786 1493 788 ῃ
1524 745 1630 784 molas,
1648 744 1778 776 intereffe
1789 743 1941 784 habentes,
1958 747 1999 777 uti
2014 745 2092 776 Reos
2106 755 2140 776 ex
2154 745 2239 777 altera
2254 746 2385 779 Partibus

1398 783 1486 827 Cujui
1507 794 1557 815 am
1572 783 1755 822 Spoliationis
1769 783 1920 814 occasione
1935 785 1969 815 δε
1983 784 2065 815 causi
2080 783 2187 816 affertae
2214 784 2309 816 Navis
2329 773 2428 819 nostin

1360 821 1468 866 vulgari
1480 822 1517 852 de
1531 821 1624 860 Jacob
1637 833 1700 853 van
1714 821 1872 859 Hamborgh
1881 843 1891 860 ‚
1909 823 1988 861 cujus
2009 822 2149 862 Magister
2169 824 2225 854 sive
2241 823 2429 858 Gubernator

1357 861 1477 930 guidam
1492 862 1626 890 Henricus
1641 858 1797 904 ile-Forsten·
1811 859 1892 890 fuisse
1907 860 2024 899 dicitur,
2044 871 2160 892 necnon
2171 861 2430 903 Mercandffarum,

1381 898 1594 943 trumulorum,
1611 899 1740 942 Piscium
1755 897 1914 942 §videliceo
1938 899 2112 938 aliarumque
2135 900 2250 932 Rerum
2272 903 2306 933 &
2330 902 2430 933 Bono-

1359 947 1426 968 rum
1441 938 1555 976 (quibus
1568 937 1639 981 dicti
1656 935 1872 968 Constituentes
1887 945 1921 967 ex
1937 937 2041 968 eadem
2058 937 2140 969 Navi
2164 939 2191 970 se
2208 950 2261 978 pro
2281 940 2431 978 cujussibet

1360 986 1467 1007 eorum
1483 984 1538 1006 rata
1553 975 1684 1014 spoliatos
1697 975 1899 1012 lamentantur)
1915 977 2018 1006 exortis
2032 978 2118 1007 motis
2132 979 2166 1009 &
2185 980 2337 1010 movendis

1400 1013 1646 1052 Comparendum
1660 1038 1671 1052 ,
1695 1015 1730 1046 ὅτ.
1758 1012 1874 1057 easdem
1901 1013 2138 1053 Prosequendum
2153 1039 2162 1053 .,
2189 1003 2373 1057 Agendum’,
2396 1019 2432 1050 &

1361 1052 1610 1091 Defendendum,
1627 1051 1872 1083 conveniendum
1894 1052 1927 1083 &
1951 1052 2235 1087 Reconveniendum
2270 1057 2416 1088 Libellum

1361 1093 1408 1138 seu
1426 1092 1553 1137 Libellos
1568 1095 1601 1123 &
1619 1092 1800 1130 quascunque
1822 1091 1886 1121 alias
1906 1090 2061 1123 Petitiones
2082 1078 2256 1125 Summaria}
2271 1095 2371 1127 Verbo
2385 1080 2434 1127 vel

1361 1140 1393 1162 in
1412 1131 1530 1169 Scriptis
1552 1130 1712 1175 Dandum,
1729 1129 1927 1174 offerendum
1944 1153 1953 1168 ,
1969 1131 2004 1161 &
2025 1129 2237 1170 Recipiendum
2251 1155 2261 1170 ‚
2277 1133 2432 1173 Excipien-

1361 1170 1433 1215 dum
1449 1193 1460 1209 ,
1477 1169 1694 1214 Replicandum
1709 1193 1719 1207 ‚
1737 1167 1958 1206 Duplicandum
1975 1192 1985 1207 ,
2003 1168 2242 1209 Triplicandum‚
2259 1172 2293 1202 &
2317 1173 2336 1204 si
2357 1183 2431 1211 opus

1361 1209 1444 1240 fuerit
1460 1207 1716 1247 Multiplicandum
1727 1229 1737 1245 ‚
1755 1206 1854 1238 Lirem
1867 1206 1913 1237 seu
1930 1207 2006 1238 Lites
2021 1206 2254 1240 contestandum
2269 1211 2302 1241 &
2317 1207 2431 1244 Conte-

1361 1248 1426 1277 stari
1441 1248 1617 1291 videndum,
1633 1247 1670 1277 de
1685 1245 1861 1283 Calumpnia
1880 1246 1994 1277 vitanda
2012 1247 2045 1277 &
2065 1251 2079 1263 ⁶
2100 1247 2224 1279 Veritate
2236 1248 2357 1282 dicenda
2394 1251 2427 1282 &
2451 1248 2468 1268 ¹³
2484 1249 2554 1280 xm·

1361 1285 1509 1325 cujussibet
1522 1286 1632 1316 alterius
1649 1285 1771 1316 Generis
1791 1284 1903 1315 licitum
1921 1285 2143 1324 Juramentum,
2161 1287 2190 1316 iri
2213 1284 2333 1319 Animas
2355 1275 2429 1327 ipso—
2452 1298 2497 1326 39.

1362 1324 1696 1368 rumConstituentium
1712 1322 1919 1363 praestandum,
1938 1323 2114 1355 Ponendum
2137 1325 2171 1356 δι
2192 1324 2413 1359 Articulandum

1363 1364 1498 1406 Ponique
1513 1365 1545 1403 &
1558 1362 1707 1394 Articulari
1723 1362 1901 1404 videndum,
1918 1363 2110 1394 Positionibus
2132 1364 2166 1394 &
2189 1363 2322 1396 Articulis
2344 1351 2433 1397 Partis

1363 1403 1498 1448 Adverlae
1513 1400 1759 1446 Respondendum
1770 1424 1780 1439 ,
1795 1402 1829 1432 &
1847 1402 1899 1430 iuis
1919 1401 2100 1439 Responderi
2114 1401 2295 1442 Petendum,
2313 1403 2435 1443 Testes,

1364 1441 1506 1479 Litteras,
1524 1441 1693 1479 Scripturas,
1713 1439 1802 1478 Aeta,
1823 1439 1946 1470 Actitara
1961 1463 1971 1478 ,
2007 1450 2054 1471 ura
2092 1439 2283 1472 Instrumenta
2327 1443 2360 1474 ὃ(
2384 1444 2435 1474 alia

1364 1479 1549 1524 Munimenta
1562 1479 1792 1523 Producendum
1810 1487 1911 1508 contra
1923 1479 1973 1509 Te
1998 1489 2026 1511 es
2050 1463 2140 1510 planis
2154 1466 2308 1519 Adversaess
2318 1491 2435 1512 eorum-

1362 1518 1522 1562 queDDicta
1560 1519 1695 1555 Litteras,
1712 1518 1806 1555 Adta,
1824 1515 2026 1557 Instrumenta,
2041 1519 2074 1548 &
2088 1518 2137 1549 alia
2155 1518 2340 1550 Munimenta
2361 1531 2435 1552 con-

1362 1559 1492 1601 tra-ipsos
1507 1542 1723 1601 C'onstitueutes
1737 1556 1877 1593 produc‘ta
1890 1556 1923 1587 ὃ(
1939 1556 2124 1592 producenda
2138 1556 2305 1588 Dicendum
2325 1560 2358 1590 &
2375 1559 2436 1590 Ex-

1363 1597 1559 1674 iliffgassffi‘ffi
1569 1593 2171 1673 cgcmffignigffiaujugggoffidm,
2190 1595 2435 1665 ¹1²¹'0‘fst²¹¹d¹¹‘¹¹’

1366 1672 1525 1717 Expensae,
1541 1657 1694 1716 Dz’impna,
1712 1673 1744 1702 &
1759 1657 1891 1717 Interesse
1906 1635 2436 1713 Peterxldum'cgssuoessliwpffirsazdgglug

1365 1713 1452 1756 fuerit
1464 1711 1642 1751 Jurandum,
1659 1720 1690 1740 in
1703 1710 1797 1740 Causa
1811 1710 1857 1740 seu
1874 1709 1972 1741 Causis
1988 1710 2237 1743 Concludendum
2250 1714 2283 1744 &
2300 1712 2435 1745 Conclu-

1365 1751 1396 1781 di
1421 1751 1578 1789 petendum
1602 1750 1635 1780 ὅ(
1656 1748 1830 1787 videndum,
1845 1758 1936 1779 unum
1959 1758 2074 1788 quoque
2095 1749 2140 1780 vel
2155 1750 2244 1788 plures
2260 1751 2436 1783 Procurato-

1364 1800 1427 1821 rem
1449 1790 1495 1820 vel
1524 1790 1725 1821 Procuratores
1752 1787 1837 1817 Loco
1857 1787 1897 1818 sui
1918 1787 2178 1826 Substituendum‚
2192 1799 2225 1820 ac
2240 1799 2308 1820 eum
2323 1791 2370 1821 vel
2385 1800 2436 1822 eos

1365 1828 1581 1860 Revocandum
1600 1827 1633 1858 &
1647 1825 1896 1868 Removendum,
1913 1827 2044 1864 quotiens
2063 1826 2112 1856 fibi
2128 1828 2219 1859 visum
2233 1828 2316 1859 fuerit
2331 1829 2376 1859 seu
2387 1837 2435 1859 ex-

1365 1868 1474 1937 Egdired
1484 1867 1642 1905 videbitur,
1660 1868 1795 1904 praelente
1814 1865 2020 1897 Procuratorio
2035 1864 2242 1898 nichilominus
2261 1867 2294 1897 in
2307 1866 2358 1898 suo
2371 1866 2438 1898 Ro-

1408 1917 1438 1937 re
1476 1915 1590 1937 uraturo

1404 1944 1441 1976 Et
1455 1928 1619 1985 generalite'r
1635 1942 1672 1974 ad
1682 1943 1782 1974 omnia
1796 1941 1847 1972 alia
1861 1942 1894 1973 &
1909 1940 2012 1981 singula
2036 1941 2231 1983 Faciendum,
2247 1942 2416 1974 Dicendum
2426 1965 2437 1981 ,

1366 1983 1558 2022 Gerendum,
1576 1981 1816 2020 Excercendum,
1833 1981 1867 2012 &
1891 1980 2128 2020 procurandum,
2147 1992 2213 2020 quae
2231 1983 2259 2012 in
2280 1980 2439 2013 Praemiffis

1367 2024 1402 2055 δι
1415 2024 1490 2054 circa
1504 2033 1534 2053 ea
1553 2021 1702 2052 neceffaria
1717 2021 1821 2051 fuerint
1837 2018 1882 2049 seu
1897 2019 2119 2057 quomodolibet
2141 2028 2299 2059 oportuna,
2318 2030 2351 2051 ac
2392 2030 2437 2051 uae

1367 2061 1477 2102 ipsimet
1499 2060 1715 2092 Constituentes
1735 2060 1768 2090 &
1791 2067 1892 2088 eorum
1912 2059 2004 2096 quivis
2026 2058 2180 2098 Facerent,
2200 2058 2356 2096 Dicerem,
2406 2068 2437 2088 e-

1367 2110 1480 2139 terent,
1497 2100 1705 2137 Procurarent,
1723 2098 1756 2129 ὃ(
1772 2096 1960 2135 Exercerent,
1979 2097 1996 2128 fi
2013 2096 2166 2129 Praemiffis
2182 2098 2318 2128 omnibus
2333 2099 2366 2129 &
2381 2098 2437 2127 lin-

1387 2140 1436 2170 ulis
1452 2139 1605 2170 Praesentes
1618 2138 1651 2169 &
1666 2136 1843 2176 personaliter
1858 2135 2034 2173 interessent‚
2053 2138 2140 2168 etiarn
2154 2136 2173 2166 si
2190 2137 2250 2168 talia
2265 2136 2356 2166 forent
2371 2145 2436 2174 quae

1368 2178 1543 2248 s1andatum
1565 2177 1707 2216 exigerent
1728 2175 1820 2213 magis
1842 2173 1958 2213 speciale
1974 2175 2061 2214 quam
2081 2175 2260 2214 praesentibus
2271 2175 2312 2206 est
2325 2184 2439 2214 expres-

1380 2228 1428 2247 um

1405 2240 1527 2287 delice
1551 2253 1671 2292 Nobis,
1689 2251 1768 2283 boni}⁴
1790 2249 1878 2288 Fide,
1896 2249 2096 2283 Promittentes
2120 2252 2147 2284 se
2172 2252 2311 2290 perpetuo
2329 2251 2437 2282 Obser-

1365 2304 1481 2327 vaturos
1505 2303 1600 2325 totum
1622 2292 1651 2323 id
1673 2293 1707 2323 &
1733 2290 1803 2330 quid
1824 2299 1889 2320 uam
1913 2299 1963 2328 per
1987 2291 2178 2329 supradictum
2201 2300 2301 2322 eorurri
2324 2289 2437 2321 Procu-

1367 2342 1491 2364 ratorem
1501 2357 1509 2371 ,
1527 2334 1560 2364 &
1575 2333 1612 2362 ab
1625 2332 1731 2372 eodem
1743 2330 1803 2360 Sub
1832 2330 1980 2359 ituendurn
1994 2331 2039 2360 vel
2056 2329 2291 2367 Substituendos‚
2309 2330 2436 2366 Actum,

1366 2372 1511 2443 ἓίἂυω,
1527 2371 1666 2408 Factum,
1685 2372 1732 2400 icu
1756 2367 1979 2407 quomodolibet
1998 2367 2126 2400 Gestum
2148 2368 2231 2401 fuerit
2252 2370 2283 2399 in
2302 2367 2437 2400 Praernis«

1390 2422 1410 2442 s.

1405 2449 1440 2480 In
1457 2456 1586 2488 quorum
1601 2445 1716 2478 evidens
1735 2443 1953 2476 Testimonium
1972 2444 2119 2483 praesentes
2141 2444 2258 2476 Litteras
2274 2443 2372 2475 nostro
2391 2443 2438 2475 Si-

1366 2489 1436 2530 gillo
1451 2488 1555 2519 eisdem
1571 2485 1696 2525 appenso
1709 2484 1886 2515 communiri
1900 2484 2027 2515 fecimus.

1406 2566 1496 2598 Datas
1521 2564 1611 2595 Anno
1636 2561 1761 2603 Domini
1785 2558 1944 2589 Millesimo
1959 2581 1968 2597 ‚
1987 2557 2274 2598 Quadringentesimo
2291 2580 2302 2599 ,
2319 2559 2439 2598 Septua-

1367 2606 1479 2645 gesimo
1494 2604 1590 2640 sexto,
1609 2599 1754 2631 Vicelima
1769 2597 1881 2636 Qiarta
1894 2597 1952 2628 Die
1968 2597 2076 2628 Mensis
2088 2597 2270 2629 Decembris.

1498 2682 1553 2714 Sub
1571 2685 1676 2719 Magno
1695 2677 1787 2717 Sigillo
1810 2681 1897 2716 Burgi
1913 2677 1946 2707 de
1967 2677 2095 2717 Luheck‚
2113 2681 2188 2709 Cerae
2209 2677 2282 2709 alba
2303 2689 2323 2709 a
2343 2677 2441 2718 duplici

1544 2721 1641 2751 Gauda
1656 2721 1829 2757 Pergamenae
1839 2717 1983 2757 pendeme.

1498 2867 1593 2911 Super
1611 2863 1767 2896 Amicitia
1784 2872 1854 2893 cum
1876 2862 1953 2907 Rege
1970 2861 2068 2893 Daciae
2084 2858 2295 2906 Refhlidanda.

1374 2959 1492 3019 REX
1509 2959 1663 2995 omnibus,
1681 2957 1715 2988 ad
1731 2967 1821 2996 quos,
1840 2957 1900 2987 ἃς.
1920 2954 2054 2986 Salutem.

1374 3116 1408 3146 &
1426 3120 1522 3145 nostra
1537 3113 1672 3144 hincinde

1375 3152 1709 3190 Concordata,l)i6tum
1729 3149 1963 3187 Appuncftuatum
1977 3145 2198 3177 &Conclusum
2212 3148 2332 3178 exnterit
2347 3147 2438 3186 quod,
2455 3164 2488 3187 E.
2504 3166 2555 3194 4„

1375 3194 1446 3223 infra
1464 3191 1634 3228 Biennium,
1653 3200 1668 3219 a
1692 3188 1794 3219 Mense
1815 3186 1892 3226 Junii
1913 3185 2018 3216 ultimo
2035 3184 2162 3226 tranfaffl
2177 3185 2314 3221 proximo
2328 3185 2440 3218 secutu-

1376 3241 1440 3261 rum
1475 3232 1577 3261 debeat
1594 3237 1667 3259 certa
1686 3227 1802 3258 DIETA
1823 3225 1910 3256 teneri
1922 3225 2024 3261 pariter
2041 3224 2075 3254 &
2088 3223 2245 3261 obletvari,
2262 3224 2334 3255 inter
2346 3223 2441 3256 Com-
2457 3209 2488 3235 4'

1377 3254 1516 3300 mistirios
1541 3270 1574 3300 &
1601 3267 1736 3297 Oratores
1757 3266 1816 3295 tarn
1837 3264 1897 3293 suos
1916 3263 2007 3300 quam
2028 3261 2159 3298 nostr08‚
2175 3261 2275 3293 talibus
2299 3262 2383 3294 Loco
2403 3265 2440 3296 δε

1376 3309 1530 3346 Tempore
1553 3306 1588 3336 de
1613 3306 1714 3344 quibus
1736 3305 1807 3334 inter
1828 3301 1899 3333 Nos
1919 3302 2047 3331 invicem
2066 3302 2171 3338 porerit
2195 3301 2385 3341 concordari,
2403 3301 2439 3334 ad

1378 3347 1468 3377 finem
1483 3356 1514 3376 ut
1529 3342 1728 3374 Commissarii
1741 3343 1775 3373 ὅ(
1798 3340 1934 3371 Oratores
1952 3338 2133 3377 hujusmodi,
2149 3338 2296 3378 adhibitis,
2314 3340 2334 3370 si
2354 3350 2440 3380 opor.

1379 3393 1454 3422 teat,
1469 3384 1526 3413 aliis
1542 3383 1638 3414 Princi
1661 3381 1724 3410 ibus
1741 3380 1850 3409 Amicis
1864 3377 2006 3416 utriusque
2020 3376 2126 3416 Partis,
2145 3380 2242 3408 omnia
2262 3379 2296 3410 &
2317 3378 2440 3418 fingula,

1379 3422 1445 3459 post
1463 3423 1495 3452 &
1510 3429 1610 3450 contra
1655 3417 1914 3449 onfoederationem
1933 3415 2098 3453 praedi&am
2120 3416 2341 3454 quomodolibet
2363 3417 2441 3455 aeta,

1381 3460 1521 3496 Audiam,
1540 3457 1727 3494 Examinent,
1743 3455 1893 3493 Judicent,
1912 3453 2102 3492 Reforment,
2120 3463 2204 3492 atque
2216 3454 2440 3487 Differentias&

1382 3497 1485 3528 Causas
1509 3495 1656 3534 praedietas
1674 3496 1703 3524 in
1727 3493 1864 3524 Amicitia
1884 3501 1931 3523 aut
1949 3492 2018 3531 Jure
2034 3492 2207 3524 Terminent
2219 3517 2230 3532 ,
2247 3504 2280 3524 ac
2303 3502 2439 3534 perpetuo

1381 3535 1519 3567 Scilentio
1542 3534 1638 3565 finiant
1653 3555 1664 3571 ,
1693 3532 2040 3569 Confoederationemque
2065 3531 2234 3570 praedietam
2260 3532 2441 3569 Renovent‚

1383 3572 1566 3611 Resolident,
1584 3582 1616 3602 ac
1639 3573 1668 3601 in
1693 3570 1823 3609 pristinos
1843 3570 1971 3600 Punetos
1989 3570 2142 3602 Reducant
2156 3579 2240 3608 atque
2258 3571 2440 3608 continuent,

1383 3622 1469 3681 proNut
1485 3612 1588 3642 rationi
1601 3610 1762 3642 consonum
1775 3618 1808 3640 ac
1822 3609 1883 3647 ipsis
1897 3608 1990 3641 visum
2003 3609 2087 3640 fuerit
2098 3608 2247 3648 expedire,

1458 3660 1491 3681 os

1423 3673 1557 3719 Voleiites
1569 3690 1684 3730 Dietam
1694 3686 1772 3716 illam
1785 3686 1926 3725 speratum
1939 3696 1990 3724 per
2000 3687 2100 3717 omnia
2112 3685 2201 3717 sortiri
2212 3682 2350 3715 effiiffltn
2358 3707 2368 3721 ‚

1424 3727 1473 3758 De
1498 3727 1644 3758 Fidelitate
1666 3727 1699 3758 &
1722 3726 1905 3756 Discretione
1925 3725 2033 3756 Dneeti
2053 3727 2088 3757 &
2115 3724 2213 3755 Fidelis
2231 3721 2379 3752 Servitoris
2405 3723 2439 3755 &

1386 3766 1505 3798 Heraldi
1521 3764 1608 3796 nostri
1623 3764 1789 3795 clarenceux
1800 3768 1951 3794 Armorum
1965 3767 2044 3802 Regis
2059 3763 2144 3802 plene
2156 3759 2347 3797 confidentes,

1426 3804 1630 3835 Ordinavimus
1651 3805 1683 3834 ὃ(
1709 3803 1919 3842 Deputavimus
1937 3804 2063 3834 eundem
2076 3801 2111 3831 ad
2132 3799 2159 3830 se
2176 3797 2442 3836 Transportandum

1387 3845 1479 3877 versus
1493 3843 1605 3874 did'tum
1618 3841 1835 3873 Sereniffirnum
1850 3841 2013 3879 Principem
2027 3842 2121 3870 Dacia
2133 3840 2245 3873 Regem,

1424 3881 1622 3919 Dedimusque
1639 3881 1671 3911 &
1688 3880 1799 3911 Damus
1817 3879 1914 3910 eidem
1935 3878 2109 3910 Potestatem
2124 3874 2286 3911 generalem
2302 3875 2337 3906 &
2354 3875 2443 3907 Man-

1386 3921 1486 3952 datum
1501 3920 1634 3957 speciale,
1654 3918 1791 3949 Nomine
1804 3918 1918 3955 nostro,
1936 3927 2007 3948 cum
2019 3915 2078 3954 ipso
2090 3915 2159 3949 Rege
2170 3915 2265 3942 Daciae
2274 3935 2285 3952 ‚
2297 3913 2344 3945 scu
2358 3915 2442 3954 ipfius

1387 3958 1595 3991 Commiffariis
1611 3960 1644 3989 &
1662 3958 1811 3995 Deputatis
1822 3956 1990 3995 quibuscum
2012 3963 2068 3995 ue‚·
2081 3951 2238 3994 incertum
2254 3951 2371 3984 Locum
2392 3952 2442 3983 ubi

1386 4002 1473 4029 Dieta
1490 3997 1536 4027 illa
1547 3997 1682 4027 celebrari
1697 3998 1730 4027 ὃς
1746 3997 1852 4033 teneri,
1869 3996 1903 4024 δε
1917 4003 1975 4032 quo
2020 3993 2046 4021 ie
2059 3997 2187 4026 mcipere
2204 3989 2318 4028 debeat,
2336 4001 2370 4021 ac
2391 4000 2445 4022 cu·

1384 4040 1428 4076 jus
1443 4034 1535 4068 Statsis
1545 4036 1592 4066 seu
1609 4034 1793 4067 Conditionis
1809 4033 1941 4064 Personae
1959 4029 1996 4060 ab
2014 4036 2132 4065 utraque
2150 4026 2235 4060 Parte
2253 4029 2396 4097 mumdill
2410 4026 2446 4058 ad

2396 4075 2445 4098 am

2496 2896 2543 2929 ἐ)

1471 2998 1568 3035 Cum,
1587 2999 1658 3028 inter
1675 3006 1775 3028 caetera
1787 3020 1795 3032 ,
1812 3005 1870 3034 Jazn
1884 2994 1983 3024 ultima
1998 2993 2126 3031 AEstaoe,
2144 2992 2216 3022 inter
2228 2991 2289 3021 Nos
2303 2992 2336 3023 &
2352 2992 2436 3024 Sere-
2452 2961 2555 3044 Aga}

1372 3037 1518 3069 niffimum
1540 3037 1706 3074 Principem
1732 3034 1903 3074 Cristiernum
1917 3055 1927 3071 ‚
1945 3032 1999 3075 Dei
2022 3031 2110 3069 gratia
2122 3053 2132 3069 ,
2145 3032 2276 3074 ‚Daciae,
2301 3034 2412 3062 Sweciae
2426 3055 2436 3070 ,
2455 3047 2494 3071 A„
2526 3044 2555 3070 ,⁶

1373 3079 1547 3115 Norwegiae‚
1565 3075 1626 3110 &c.
1647 3075 1674 3104 R
1714 3083 1781 3111 ern,
1799 3082 1852 3110 pro
1870 3071 1972 3114 ¹medio
1992 3068 2253 3113 Reconsolidandae
2270 3070 2344 3114 inter
2365 3071 2436 3101 Nos
2456 3065 2530 3117 21⁸4,

1720 3121 1792 3149 egna
1808 3110 1888 3140 Pacis
1903 3110 1936 3140 &
1953 3108 2111 3146 Amicitiae,
2127 3107 2265 3152 Τῑαξῒεπειι
2279 3118 2380 3146 pariter
2403 3111 2436 3140 &
2454 3123 2553 3148 Franm
