2555 4266
0 233 3 306 ᾗ
16 257 89 290 Arm.
103 256 145 288 D.

37 304 123 336 1473-

11 567 76 590 scot.
100 570 107 587 ι
116 569 142 597 3.
159 558 228 589 lanis
241 580 251 595 ,
269 558 303 589 &
325 567 425 588 eorum
447 557 704 593 Locatenentibus,
720 555 923 598 Custumariis‚
1126 596 1129 598 .

11 604 116 636 E.4.m.
161 605 242 628 tuum
262 595 350 626 Maris
361 597 394 627 &
411 597 529 627 aliorum
542 596 693 625 Locorum
712 592 943 629 Maritimorum,
961 603 1075 624 necnon
1092 593 1218 624 viceco-

4 841 8 852 ·
27 835 47 855 ³¹²
66 836 119 864 lx.

11 883 76 910 775·

21 3836 41 3857 *
61 3837 114 3867 xl.

24 3877 87 3910 776.

749 170 861 212 ET
946 173 1218 214 ACTA

117 356 124 363 ·
178 351 227 384 De
248 346 342 381 Salvo
368 345 522 379 Condufbn
540 357 594 393 pro
618 344 888 389 Ambaffiatoribns
913 350 1010 380 Scotiae
1033 359 1101 380 cum
1130 345 1190 391 283

463 396 595 440 Personis
618 398 649 426 in
673 398 825 428 Comitiva
839 395 911 439 fica.

13 489 63 513 Aa.
85 493 127 524 ¹3·
162 481 379 542 EDwardus,
398 479 457 511 Dei
477 480 580 520 gratia,
599 483 659 510 Rex
680 479 793 517 Angliae
814 479 852 514 ὠ
872 482 1011 516 Franciae,
1031 481 1065 510 ὃς
1088 482 1221 509 Dominus

13 527 41 552 Ε.
66 532 95 559 4.

238 518 531 555 Hiber71iae,universis
545 521 578 551 ὃ(
593 519 702 554 singulis
722 518 894 553 Admirallis,
913 516 1091 584 Cagitaneis,
1109 516 1219 547 Castel-

980 555 1122 585 ustodibus
1145 555 1218 586 Por—

156 635 293 672 mitibus,
312 634 490 672 Majoribus,
510 633 634 669 BalliviS,
652 631 825 667 Senescallis,
845 630 1085 669 Constabulariis,
1109 642 1141 662 ac
1161 633 1219 663 aliis

160 673 331 711 Officiariis,
359 672 512 710 Ministris,
532 671 640 709 Ligeis,
658 670 691 699 &
709 669 832 700 Subditis
853 670 953 700 nostris
974 671 1219 709 quibuscumque,

157 712 229 742 infra
243 712 396 742 Libertates
409 712 442 742 &
455 720 546 748 extra,
563 710 622 739 tam
638 718 686 745 per
703 707 825 751 Terram
844 711 930 746 quam
947 719 996 746 per
1014 709 1096 739 Mare
1110 711 1218 740 consti-

158 752 240 788 tutis,
258 751 292 780 ad
306 760 377 788 quos
391 749 535 787 praesentes
549 746 652 777 Literae
667 755 861 783 pervenerint,
876 747 1010 778 Salutem.

195 789 293 819 Sciatis
309 787 389 826 quod
403 787 570 823 suscepimus
587 785 617 814 in
633 784 738 814 salvum
752 786 785 816 ὃς
803 785 930 816 securum
949 786 1141 816 Condustum
1164 796 1218 817 no-

159 826 270 864 strum,
286 836 318 857 ac
340 827 368 855 in
387 825 406 843 ²¹²
426 824 656 860 protectionem,
675 822 863 861 Tuitionem,
881 825 914 855 ὃς
935 824 1142 855 Defenfionem
1164 835 1218 855 no-

158 865 225 896 stras
241 864 382 902 speciales,
401 862 582 893 Venerabiles
596 861 705 900 Patres,
723 862 870 891 Andream
892 863 1048 901 Episcopum
1068 862 1218 902 Glasguen-

150 903 212 944 sem
220 902 362 942 ,Thomam
374 903 528 940 Episcopum
543 899 760 939 Aberdenensem
768 925 777 937 ,
785 903 932 930 Henricum
941 902 1095 941 Epzfiopum
1102 906 1141 932 Ro
1141 901 1218 940 ffi‘n-

147 942 223 988 sena,
241 950 274 1008 {c
288 939 391 970 David
401 943 528 1006 ComiteZn
541 937 706 1006 {rauG-ord'r
716 938 850 1007 Jffoffum
865 943 992 986 Comitem
1015 940 1197 1008 Buchzuhane
1206 964 1216 978 ,

157 979 678 1058 Jiissiffssmnffssssiss‘deeflasnffitssnl
694 983 1020 1054 502222'2'53225213223
1028 978 1216 1056 afiaiaffjssl

158 1059 202 1088 W
201 1055 339 1086 illielmum
357 1058 501 1085 Dominum
514 1055 546 1084 de
563 1053 720 1092 Borthwic,
738 1057 877 1091 Georgium
901 1058 1047 1085 Dominum
1068 1056 1100 1085 de
1124 1059 1216 1085 Setou-

155 1106 207 1132 ne,
222 1094 369 1124 Ricardum
384 1094 524 1123 Abbatem
536 1093 568 1122 de
581 1093 684 1122 Melros
693 1117 702 1129 ,
721 1095 867 1122 Henricum
883 1093 1025 1123 Abbatem
1040 1095 1072 1123 de
1085 1092 1216 1131 Dumfer-

154 1133 257 1171 melyn,
277 1132 450 1171 Magistrum
469 1131 629 1171 Johannem
649 1132 795 1161 Ottirburn
815 1132 1058 1162 Archidiaconnm
1075 1131 1216 1162 Candidae

155 1171 254 1210 Cafie,
273 1170 442 1210 Magistrum
458 1170 609 1201 Gilbertum
625 1171 708 1200 Rerik
732 1170 972 1200 Ai‘chidiaconum
996 1170 1215 1208 Glasguensem,

182 1210 313 1240 ohannem
331 1209 497 1249 Colquhoune
512 1209 543 1238 de
557 1209 630 1247 Lusi*
643 1208 768 1238 Militem
785 1208 817 1238 δί
833 1207 994 1246 Johannem
1006 1209 1071 1249 Ross
1081 1209 1113 1238 de
1125 1208 1217 1238 Halk-

173 1249 217 1278 ede
236 1248 380 1285 Militem,
398 1249 431 1279 &
449 1257 548 1277 eorum
566 1247 738 1284 quemlibet,
754 1247 781 1275 in
797 1246 932 1286 Regnum
949 1247 1077 1276 nostrum
1094 1246 1215 1290 Angliae,

154 1297 222 1333 curn
239 1290 390 1325 Ducentis,
407 1287 637 1328 Qtaterviginti‚
656 1285 689 1316 ὃς
704 1285 798 1314 Tribus
812 1286 934 1324 Personis
949 1286 977 1315 iri
995 1284 1146 1316 Comitlva
1159 1285 1217 1324 sua,

155 1336 217 1361 cave.

152 1400 281 1470 l''Teste
303 1401 385 1440 Rege
406 1401 479 1439 apud
503 1398 774 1439 Wbstmonasterium,
792 1400 927 1431 vicesimo
950 1401 1045 1439 primo
1066 1400 1111 1431 die
1132 1400 1219 1439 Apri-

165 1449 195 1469 rs,

418 1566 466 1597 De
489 1566 568 1610 Ltga
594 1567 698 1598 Daciae
724 1563 934 1608 Refilia'andae.

153 1646 272 1705 REX
286 1649 438 1686 omnibus,
454 1648 488 1679 ad
503 1659 592 1688 quos,
609 1649 671 1680 &c.
685 1647 809 1680 Salutem
822 1659 892 1680 cum
915 1648 1119 1688 Prosperorum
1144 1649 1217 1681 Suc-

129 1685 136 1692 ’
231 1687 357 1718 cessuum
371 1687 565 1718 Incrementis.

189 1725 275 1763 Ejus,
294 1727 342 1764 qui
366 1727 394 1755 in
421 1725 519 1756 Terris
543 1726 642 1757 Nobis
658 1725 765 1763 Ceptra
778 1726 936 1764 commifit,
955 1726 1105 1757 Salvatoris
1127 1725 1217 1757 nostri

150 1762 234 1799 Jhesu
258 1763 382 1803 Christi,
400 1765 447 1810 qui
470 1764 574 1795 Pacem
595 1765 672 1795 suam
689 1764 806 1795 donavit
821 1764 936 1803 Nobis,
954 1764 1118 1803 Pacemque
1140 1766 1216 1796 suam

83 1837 90 1844 ι
132 1836 137 1842 1
154 1803 262 1842 reliquit
282 1803 398 1840 Nobis,
416 1804 587 1841 insequendo
610 1803 807 1841 Defininarn,
826 1813 856 1834 ea
881 1813 945 1842 quae
967 1805 1001 1834 ad
1027 1804 1134 1836 Pacem
1155 1804 1217 1835 sunt

155 1841 338 1882 summopere
356 1842 486 1873 duximus
502 1842 707 1879 ampleehnda.

191 1880 376 1919 Quamquam
394 1882 431 1911 ita
453 1890 505 1918 ue,
522 1881 603 1918 alias,
621 1890 670 1919 per
686 1879 830 1918 Nostros,
848 1889 933 1918 atque
948 1880 1118 1911 Sereniffimi
1133 1880 1218 1911 Prin-

152 1919 224 1956 cipis
239 1919 363 1950 Domini
375 1891 513 1987 efferni
526 1923 640 1957 Daciae,
658 1922 769 1956 Sueciae,
788 1922 960 1957 Norwegiae,
978 1919 1037 1955 &e
1053 1923 1130 1957 Regis
1143 1918 1217 1950 Am-

152 1957 313 1989 baffiatores
339 1959 373 1989 &
434 1959 549 1996 uncios,
567 1966 636 1988 tunc
658 1958 686 1987 in
711 1957 811 1995 Opido
826 1957 1036 1998 Hamburgenli
1047 1981 1057 1996 ,
1074 1957 1216 1989 Bremenfi

150 1996 307 2035 Dioecese,
325 1998 358 2027 ad
373 1997 431 2027 hoc
447 1995 665 2036 Congregatos,
683 1997 754 2026 inter
778 1998 854 2034 Nos,
873 1997 1078 2035 praefatumque
1100 2000 1217 2034 Daciae,

150 2034 210 2069 &12
228 2038 342 2073 Regem,
360 2034 590 2075 Regnorumque
605 2035 770 2065 nostrorum
785 2035 855 2066 hinc
870 2036 936 2065 inde
952 2035 1062 2066 incolas
1084 2036 1117 2067 &
1142 2035 1219 2066 Sub-

149 2073 242 2111 ditos,
263 2073 415 2111 Concepta
425 2096 435 2111 ,
452 2074 486 2104 &
501 2072 571 2104 Inita
581 2096 592 2112 ,
609 2075 642 2104 &
659 2072 825 2110 celebrata,
843 2082 926 2111 atque
939 2073 1038 2112 expost
1053 2074 1220 2112 Approbata

147 2112 183 2143 &
199 2111 390 2149 Confirmata,
410 2111 509 2150 Pacis,
527 2111 724 2150 Concordiae,
742 2114 776 2143 &
792 2112 936 2143 Amicitiae
959 2113 1031 2152 Liga
1063 2113 1109 2143 seu
1134 2111 1218 2143 Con·

147 2150 314 2189 foederatio,
332 2160 389 2181 tem
411 2152 467 2181 oris
481 2150 622 2189 succeffu,
642 2150 842 2181 Perversorum
865 2152 1003 2189 (quorum
1017 2160 1093 2181 totus
1117 2150 1217 2181 Cona-

150 2197 195 2220 tus
207 2189 241 2219 ad
259 2190 377 2257 Tusrban
400 2199 449 2220 um
463 2188 570 2220 Pacem
586 2189 707 2226 anhelat)
723 2189 832 2220 sinistris
851 2189 975 2221 Affibus
995 2189 1108 2222 violata
1126 2189 1216 2220 Inter-

132 2236 182 2258 ‘ru
205 2235 229 2258 ta
252 2238 287 2258 ue
313 2236 334 2258 it

184 2236 250 2295 {xio}
262 2250 356 2297 tamen
369 2274 452 2304 atque
467 2266 596 2304 praefatus
610 2269 670 2296 Rex
685 2269 781 2296 Daciae
796 2267 841 2305 (ad
859 2277 946 2306 quos,
964 2266 1091 2307 pervigili
1112 2266 1217 2297 Solici-

147 2304 252 2335 tudinis
273 2305 360 2336 oculo
375 2327 386 2343 ,
411 2305 583 2345 Regnorum
607 2315 692 2343 atque
713 2305 901 2337 Subditorum
925 2305 1089 2337 nostrorum
1114 2305 1216 2336 Profe-

147 2343 230 2372 ftum
246 2352 329 2380 atque
344 2343 467 2374 Salutem
483 2346 610 2375 contueri
631 2344 761 2380 pertinet)
786 2343 1002 2375 Considerantes
1026 2343 1108 2382 quod
1130 2344 1217 2374 veluti

148 2380 301 2413 Discordia
320 2381 382 2412 Res
404 2381 522 2421 Magnae
547 2381 674 2421 Periere,
690 2381 858 2413 Concordia
884 2382 943 2413 Res
964 2383 1065 2415 Parvae
1081 2382 1216 2414 Crescere

150 2420 378 2458 consueverunt,
395 2420 433 2451 fic
448 2430 482 2451 ex
495 2420 577 2451 Pacis
600 2420 796 2458 Interuptione
813 2421 948 2462 praedicsta
969 2421 1141 2461 Regnorum
1161 2431 1216 2452 no-

149 2458 274 2489 strorum
301 2458 436 2490 hincinde
457 2460 563 2490 Incolis
582 2459 615 2491 &
639 2459 765 2490 Subditis
788 2460 879 2490 nullus
901 2460 1021 2491 Fructus
1044 2460 1161 2497 Salutis,
1177 2460 1216 2491 set

148 2497 349 2537 undicumque
363 2497 536 2535 Dampnum
549 2499 582 2529 &
605 2497 822 2529 Detrimentum
847 2498 993 2529 subortum
1021 2498 1078 2537 est,
1096 2498 1218 2529 Perver-

148 2534 245 2566 sorum
261 2537 354 2574 itaque
370 2536 528 2567 Conatibus
543 2536 702 2574 hujusmodi
724 2538 856 2576 obviare,
874 2537 1012 2576 Pacisque
1032 2537 1218 2575 Reparationi

147 2572 266 2605 summo
278 2574 379 2606 Studio
395 2574 541 2606 intendere
556 2575 753 2614 decrevimus,

188 2611 226 2642 Et
237 2613 302 2650 post
313 2636 324 2651 ‚
341 2623 377 2644 eo
394 2622 530 2652 praetextu
540 2636 551 2651 ‚
567 2613 604 2643 de
620 2623 700 2644 novo
713 2615 784 2644 inter
799 2613 870 2644 Nos
882 2613 976 2644 habita
999 2613 1126 2652 Scripta,
1144 2614 1218 2645 Am-

149 2648 290 2688 baffiatas,
306 2659 390 2690 atque
413 2652 579 2690 Tradiatus,
595 2651 711 2683 tandem
736 2652 916 2691 (Septiformi
942 2651 1066 2683 Munere
1086 2654 1122 2683 ab
1148 2653 1219 2684 Alto

150 2691 271 2727 granose
284 2689 466 2727 superinfuso)
483 2693 542 2721 Nos
557 2700 640 2729 atque
678 2690 788 2721 raefatus
801 2695 862 2721 Rex
876 2694 972 2721 Daciae
992 2692 1026 2721 ad
1051 2692 1100 2722 has
1124 2691 1218 2721 Reso-

155 2727 248 2796 lsidatae
261 2728 427 2759 devenimus
442 2728 616 2760 Concordiae
669 2738 726 2761 etas
745 2731 779 2762 ὃς
803 2729 915 2761 Puni-Tra
937 2730 1106 2761 articulatim
1124 2730 1220 2761 subin-

169 2775 235 2797 erra.

151 2842 154 2882 j
189 2841 309 2874 PRrMo
331 2844 424 2882 itaque
446 2842 645 2882 Confitemur,
660 2844 740 2882 quod
764 2845 836 2876 inter
857 2847 918 2875 Nos
931 2846 966 2877 &
988 2844 1100 2876 dierum
1124 2848 1220 2875 Daciae

154 2883 250 2918 Regem
265 2881 453 2913 Conventum
465 2891 550 2921 atque
568 2882 747 2913 Conclusam
763 2883 822 2921 est,
840 2884 921 2921 quod
935 2907 944 2921 ,
963 2894 1021 2914 non
1044 2883 1221 2915 obstantibus

151 2920 378 2960 quibuscumque
397 2919 510 2951 finistris
531 2921 668 2958 Afflbus,
688 2921 789 2957 quibus
809 2931 908 2952 contra
929 2922 1220 2953 Confcederarionem

152 2958 320 2995 praedie‘cam
333 2959 554 2998 quomodolibet
567 2959 664 2989 aecum
680 2959 781 2996 illaque
804 2959 917 2990 Violata
939 2960 996 2990 esse
1019 2962 1142 2998 poterit,
1158 2960 1221 2991 Vo-

157 2997 249 3028 lumus
265 3007 360 3028 tamen
378 2999 438 3027 Nos
453 3007 538 3035 atque
553 3001 613 3027 Rex
626 3000 721 3027 Daciae
736 2997 885 3036 praefatus‚
903 3007 937 3028 ex
952 3008 1030 3029 nunc
1044 2998 1222 3037 incipiendo,

158 3035 194 3065 ὅ(
207 3035 242 3065 ad
256 3035 405 3068 Biennium
421 3038 556 3074 proximo
570 3036 698 3067 futurum
712 3036 848 3067 inclusive
869 3036 1075 3068 Continuando
1084 3060 1094 3075 ,
1119 3037 1221 3075 Ligam

158 3073 193 3103 &
207 3072 494 3106 Confoederationem
508 3075 673 3113 praediCtam
683 3099 694 3112 ,
712 3084 796 3112 prout
810 3075 854 3104 illa
867 3075 931 3106 alias
946 3077 1018 3106 inter
1045 3075 1114 3106 Nos
1137 3075 1221 3106 Con-

157 3120 253 3151 cepta‚
271 3112 437 3153 Celebrata,
453 3123 536 3151 atque
549 3113 670 3153 Sigillata
689 3113 745 3152 est,
765 3114 794 3143 in
815 3114 951 3144 omnibus
974 3113 1026 3145 suis
1048 3114 1166 3144 Punffls
1187 3115 1221 3145 &

157 3149 292 3182 Articulis
303 3151 421 3183 firmiter
439 3154 472 3184 δε
488 3151 673 3190 inconcusse,
691 3161 723 3182 ac
738 3152 757 3182 si
769 3162 915 3190 nunquam
930 3154 1083 3190 interrupta
1109 3153 1203 3183 fuiffet
1213 3175 1222 3189 ,

157 3187 336 3227 Observare,
370 3201 462 3229 neque
482 3190 587 3222 Eidem
607 3191 798 3228 aliquatenus,
823 3200 1005 3229 quacumque
1027 3191 1154 3222 Ratione
1176 3192 1223 3222 vel

159 3224 268 3265 Causa,
285 3230 314 3258 in
328 3229 410 3259 Toto
426 3229 470 3260 vel
488 3230 517 3259 in
532 3228 633 3268 Parte,
652 3228 869 3263 Contravenire.

197 3264 367 3306 Secunno,
383 3267 612 3298 Detcrminatum
628 3276 712 3305 atque
732 3267 921 3298 Conventum
944 3267 1003 3305 est,
1022 3266 1103 3305 quod
1121 3277 1224 3298 omnes

162 3301 197 3345 ὃς
209 3303 322 3343 fingulae
335 3306 491 3344 Affiones,
508 3316 557 3344 per
576 3316 685 3344 tempus
699 3307 859 3343 interruptae
874 3305 1135 3336 Confoederationis
1151 3316 1224 3343 prae·

162 3338 266 3381 diciae,
282 3344 352 3374 inter
365 3347 424 3374 Nos
439 3347 473 3377 ὃ(
487 3345 634 3382 praefatum
649 3347 744 3374 Daciae
759 3347 855 3382 Regem
868 3346 901 3375 δε
916 3344 1080 3374 nostrorum
1095 3346 1128 3376 &
1152 3345 1223 3376 iliius

196 3387 332 3422 egnorum
347 3382 457 3413 Incolas
473 3392 596 3420 exortae,
616 3392 699 3421 atque
711 3383 835 3414 Subditis
848 3383 950 3413 nostris
972 3383 1078 3420 suisque
1098 3393 1223 3421 quomo-

163 3416 270 3462 dolibet
283 3420 401 3451 viciffim
420 3422 507 3460 (alteri
521 3422 669 3458 videlicet,
684 3430 783 3452 contra
801 3421 931 3459 alterurn)
950 3422 1175 3459 Competentes,
1192 3423 1221 3452 in

163 3454 299 3486 Amicitia
316 3458 421 3498 integra
439 3461 595 3491 manebunt
616 3458 747 3498 suspensae
766 3459 852 3498 usque
875 3461 909 3490 ad
932 3463 1046 3490 Dietam
1067 3460 1223 3498 infrascrip-

163 3501 241 3531 tam,
265 3494 314 3538 sub
335 3496 454 3529 Biennio
470 3499 611 3536 praedidio
629 3498 841 3536 celebrandam,
867 3510 921 3529 nec
944 3509 1007 3530 ante
1030 3499 1131 3529 Finem
1153 3502 1225 3537 ejus-

163 3531 231 3576 dem
246 3532 352 3575 ,ahquis
372 3534 556 3578 Subditorum
581 3537 745 3568 nostrorum
765 3538 810 3568 vel
824 3538 896 3568 dieii
914 3537 1016 3568 Daciae
1031 3537 1136 3577 Regis,
1153 3548 1225 3567 con-

158 3570 283 3610 junctim
305 3580 352 3614 aut
372 3572 498 3613 divisim,
520 3584 569 3614 per
589 3575 628 3607 Se
647 3575 693 3606 vel
714 3586 762 3615 pei·
788 3576 887 3614 Alios,
904 3576 952 3607 via
968 3576 1042 3614 Juris
1060 3576 1106 3606 vel
1127 3576 1226 3614 Fieri,

163 3618 264 3680 {cntra
283 3608 310 3639 se
334 3611 460 3642 invicem
483 3613 704 3650 quomodolibet
729 3622 764 3644 ex
787 3613 885 3645 Caufis
909 3615 1051 3653 praedietis
1077 3623 1226 3653 attempta-

187 3657 245 3678 unt.

203 3686 234 3717 T
236 3694 362 3724 ERTlo,
381 3684 557 3718 conclusum
577 3688 618 3718 est
639 3689 736 3728 quod,
755 3688 874 3719 Biennio
898 3689 1058 3727 hujusmodi
1079 3699 1227 3728 currente,

163 3725 376 3764 quamprimum
389 3723 575 3761 oportunitas
590 3728 760 3764 permiserit,
777 3727 867 3765 aliqua
882 3730 1074 3765 competentia
1089 3729 1170 3760 Loca
1191 3731 1226 3761 &

165 3763 314 3801 Tempora
328 3773 379 3801 pro
395 3766 480 3792 Dicta
495 3763 568 3794 inter
582 3765 641 3793 Not
655 3765 688 3795 &
704 3763 851 3802 praefatum
861 3767 957 3795 Daciae
972 3769 1067 3804 Regem
1082 3768 1227 3798 celebran-

167 3801 203 3832 da
217 3802 402 3840 deputentur,
420 3801 470 3831 ubi
485 3809 553 3832 tunc
572 3800 689 3833 Inclitus
709 3805 769 3832 Rex
786 3805 896 3842 Scotiae,
913 3813 996 3841 atque
1018 3804 1134 3836 illustris
1156 3809 1225 3836 Dux

168 3841 350 3879 Burgundiae,
367 3849 414 3871 aut
436 3840 480 3869 alii
503 3838 646 3876 Principes
667 3839 775 3870 Fratres
797 3843 880 3878 (quos
898 3843 959 3871 Nos
975 3844 1009 3873 &
1034 3843 1053 3861 '¹‘
1076 3844 1152 3874 idem
1167 3846 1227 3873 Rex

168 3880 263 3909 Daciae
282 3880 441 3910 duxerimus
457 3877 619 3917 Eligendos)
637 3887 685 3915 per
703 3878 740 3908 Se
755 3887 802 3908 aut
818 3879 881 3909 suos
900 3879 1137 3920 Ambasliatores,
1155 3891 1227 3913 tam-

169 3925 255 3953 quam
270 3918 419 3948 Arbitri&
434 3917 593 3947 amicabiles
605 3915 835 3959 Compositores,
852 3919 949 3948 omnia
963 3918 996 3949 &
1019 3918 1143 3959 fingula,
1162 3919 1227 3958 post

168 3955 202 3986 &
219 3965 318 3986 contra
331 3955 617 3986 Confoederationem
639 3954 804 3992 praed1&am
827 3956 1044 3992 quomodolibet
1065 3957 1140 3989 Aera
1167 3959 1229 3989 Au-

167 3992 263 4030 diant,
286 3993 473 4032 Examinent,
495 3993 648 4033 Judicent,
674 3991 866 4030 Reforment,
881 4003 966 4033 atque
987 3994 1171 4028 Differentias
1194 3997 1227 4027 &

170 4030 272 4062 Causas
286 4033 431 4069 praedietas
447 4034 476 4063 in
491 4033 621 4063 Amicitia
635 4039 680 4061 aut
693 4030 762 4068 jure
776 4031 947 4063 Tei-minent
983 4043 1015 4064 ac
1031 4043 1169 4072 perpetuo
1186 4035 1230 4065 Si·

165 4070 254 4101 lentio
267 4070 393 4110 Finiant,
411 4070 754 4108 Confoederationemque
767 4069 932 4108 praedi&am
945 4057 1101 4104 Renovent
1109 4096 1120 4112 ,
1137 4073 1230 4103 Reso-

1298 174 1776 223 PUBLICA.
2258 187 2333 240 ·29

1261 258 1367 302 lident,
1383 260 1415 290 &
1430 260 1458 303 in
1473 261 1602 298 pristinos
1615 263 1740 308 Punffms
1755 266 1905 299 Reducant
1918 277 2001 308 atque
2017 271 2212 312 Continuent,
2232 284 2316 312 prout
2333 272 2407 304 Ann.
2421 272 2464 305 D.

1262 297 1324 335 ipsis
1342 297 1457 328 Rationi
1473 301 1631 331 consonum
1647 304 1734 333 Visum
1750 304 1831 336 fuerit
1843 307 1980 343 expedire.
2352 320 2439 350 1473.

1300 335 1363 373 Qu
1375 345 1392 365 Α
1404 345 1425 365 R
1437 345 1460 365 Τ
1470 347 1508 374 o,
1526 337 1693 371 Diffiiiitum
1709 341 1750 370 est
1765 344 1860 381 quod,
1878 345 1949 376 infra
1964 346 2109 378 Biennium
2123 349 2297 381 antedic'tum
2331 351 2397 377 Edv-
2413 360 2443 385 4·

1263 372 1440 417 Mercatores
1461 374 1622 414 Incolaeque
1643 379 1788 421 nestrorum
1807 382 1839 411 &
1863 382 1930 412 dieii
1944 386 2038 413 Dacia
2055 389 2130 424 Regis
2144 375 2316 419 Remorarri

1260 420 1536 458 praenpininatorum
1546 437 1555 450 ,
1572 416 1605 445 &
1620 419 1736 453 quilibet
1750 419 1873 455 ipsorum
1883 444 1892 457 ,
1908 431 1961 458 pro
1977 422 2057 452 libito
2073 425 2126 454 fate
2145 420 2313 465 Voluntatis,

1259 449 1356 493 secure
1373 452 1404 480 &
1420 450 1526 494 libere,
1545 455 1673 489 quotiens
1687 455 1834 494 placuerit,
1854 457 1956 495 Regna
1978 461 2084 496 praefam
2108 463 2240 495 hincinde
2264 465 2313 503 (de

1261 487 1393 532 Anglia„
1411 488 1559 533 videlicet,
1575 490 1608 520 ad
1630 491 1769 531 Daciam,
1787 495 1934 533 Sueciam,
1951 497 1983 526 δε
2008 498 2195 537 Norwegiam
2230 512 2314 542 atque

1258 526 1294 556 de
1320 526 1428 564 Dacia,
1453 527 1569 571 Suecia,
1592 530 1624 558 &
1645 529 1821 568 Norwcgia,
1846 534 1878 562 ad
1903 535 2045 572 Angliam)
2069 527 2222 575 potuerint',
2243 551 2312 571 curn

1259 563 1359 595 Rebus
1374 566 1407 596 &
1423 565 1570 596 Mercibus
1585 566 1651 604 suis,
1667 569 1725 597 tam
1740 579 1788 605 per
1802 570 1902 608 Mare,
1919 574 2004 609 quam
2017 583 2065 611 per
2082 575 2202 607 Terram
2241 579 2315 610 Vili-

1257 611 1330 640 tare,
1350 605 1378 633 in
1396 605 1529 633 omnibus
1545 606 1577 635 Sc
1595 615 1644 642 per
1658 608 1774 644 omnia,
1789 609 1864 645 juxta
1881 611 2020 645 praeditstae
2042 611 2112 641 olim
2134 602 2293 654 Conc⁷eptae

1257 641 1429 680 Celebratae,
1448 643 1481 674 ὃ(
1496 642 1625 682 sigillat-x
1640 642 1900 676 Confoederationis
1922 647 1991 678 Vim
2003 672 2012 686 ,
2031 649 2164 681 Formam
2176 675 2184 689 ,
2200 655 2233 684 &
2252 642 2314 686 Te:

1259 690 1378 718 norem,
1396 681 1446 710 sub
1460 681 1550 711 libero
1565 690 1649 719 atque
1668 682 1764 712 securo
1779 683 1862 714 Salvo
1878 684 2052 724 ConduCtu,
2072 698 2156 725 quem
2175 691 2241 720 Nos
2254 695 2314 722 Ed-

1257 719 1369 748 wardus
1392 722 1452 748 Rex
1471 719 1602 759 praefatus
1623 720 1693 750 dieti
1714 723 1791 759 Regis
1806 725 1918 761 Daciae,
1937 725 1969 754 &
1984 725 2059 754 idem
2075 729 2170 756 Das:ae
2187 731 2244 758 Rex
2260 742 2314 761 no-

1259 756 1320 787 stris
1345 757 1449 788 Incolis
1473 759 1507 789 &
1526 758 1650 788 Subditis
1669 782 1678 797 ,
1704 762 1806 790 totiens
1824 763 1953 798 quotiens
1973 764 2091 800 requisiti
2109 764 2155 794 seu
2174 768 2314 801 requisitus

1257 795 1393 826 fuerimus
1410 795 1456 826 seu
1475 797 1556 827 fuerit
1572 820 1582 835 ‚
1607 796 1747 827 Dabimus
1766 799 1799 829 ὃ(
1818 798 1925 836 Dabit,
1952 810 2034 837 prout
2053 801 2085 831 δε
2105 802 2174 832 Nos
2191 805 2314 835 Edwar-

1255 835 1304 864 dur
1322 837 1382 864 Rex
1402 835 1557 871 praelibatus
1578 835 1737 873 hujusmodi
1752 836 1878 867 securum
1895 838 1927 869 ὃς
1943 839 2048 868 salvum
2066 838 2253 872 Conduetum
2269 853 2315 874 ex-

1256 882 1334 904 nunc
1362 873 1449 909 Regis
1476 873 1577 904 Daciae
1596 873 1719 904 Subditis
1733 898 1742 913 ,
1769 875 1932 906 melioribus
1948 876 2039 907 modo
2058 877 2091 908 &
2107 878 2201 909 forma
2217 881 2316 918 quibus

1257 911 1319 949 Ipsis
1338 911 1455 942 validius
1474 912 1509 943 ὃς
1527 912 1671 943 efficacius
1690 912 1766 944 Dare
1785 916 1939 951 poterimus
1952 937 1962 953 ‚
1991 925 2038 953 per
2058 924 2150 946 totum
2168 917 2316 950 Biennium

1256 950 1425 993 praedkstum
1443 973 1453 989 ,
1479 951 1572 981 valide
1588 961 1672 989 arque
1692 952 1831 990 plenarie,
1859 953 1965 992 Vigore
1981 953 2140 992 hujusmodi
2159 956 2316 988 nostrarum

1260 988 1415 1019 Literarum
1426 1011 1435 1026 ,
1453 988 1650 1020 Concedimus
1669 990 1703 1021 &
1722 990 1920 1030 impartimur,
1946 991 2017 1022 Hoc
2035 993 2185 1030 specialiter
2203 994 2317 1034 Excep-

1257 1034 1287 1056 to
1313 1027 1391 1067 quod
1419 1027 1526 1058 lncolae
1545 1027 1643 1066 Regni
1662 1028 1749 1058 nostri
1768 1030 1879 1068 Angliae
1895 1053 1905 1068 ,
1930 1031 1987 1060 sine
2002 1031 2110 1069 speciali
2129 1032 2258 1064 Licentia
2276 1044 2317 1065 at-

1257 1074 1312 1102 que
1336 1066 1422 1095 Salvo
1447 1066 1605 1097 Conduciu
1630 1077 1644 1097 a
1668 1067 1809 1106 Grillierno
1834 1071 1902 1106 Rege
1926 1069 2056 1108 saepefato
2074 1070 2225 1106 specialiter
2242 1073 2317 1102 obti-

1257 1103 1366 1147 nenda,
1392 1114 1440 1141 per
1458 1104 1613 1141 hujusmodi
1633 1105 1799 1144 Biennium,
1821 1107 1942 1137 Terram
1961 1108 2036 1137 suam
2055 1108 2146 1140 Issand
2163 1110 2318 1142 nullatenus

1256 1141 1423 1180 vrfitabunt,
1440 1152 1486 1174 aut
1499 1144 1568 1174 inibi
1582 1143 1637 1174 suas
1657 1144 1827 1175 Mercantias
1842 1146 2041 1177 excercebunt.

1297 1218 1381 1257 Quos
1397 1218 1512 1256 quidem
1527 1219 1671 1251 Articulos
1686 1222 1717 1251 ὃ(
1733 1220 1859 1260 Ρυῑιᾶει,
1876 1222 1958 1253 causa
1974 1221 2234 1256 Confoederationis
2248 1228 2318 1257 inter

1259 1256 1329 1287 Nos
1343 1258 1375 1288 &
1389 1257 1536 1295 praefatum
1552 1262 1647 1288 Dnciae
1662 1262 1776 1297 Regem,
1787 1270 1839 1297 pro
1855 1260 2033 1291 Nostrorum
2046 1273 2130 1300 atque
2144 1263 2219 1293 Illius
2237 1265 2318 1304 Reg-

1261 1305 1365 1325 norum
1383 1296 1608 1334 eorumdemque
1628 1296 1790 1328 Incolarum
1816 1298 1910 1329 Salute
1926 1322 1935 1337 ,
1961 1300 2149 1332 Renovandae
2163 1325 2172 1339 ‚
2196 1301 2318 1334 Reinte-

1259 1334 1371 1371 grandae
1385 1356 1395 1371 ,
1426 1333 1622 1365 Resolidandae
1636 1358 1646 1373 ,
1671 1345 1753 1373 atque
1773 1335 2018 1369 Recontinuandae
2038 1349 2195 1380 conceptos
2210 1363 2220 1378 ,
2248 1341 2317 1372 Nos

1259 1372 1421 1402 Edwardus
1435 1396 1444 1409 ,
1472 1374 1498 1402 in
1519 1372 1591 1403 Vim
1606 1373 1765 1410 hujusmodi
1784 1375 1941 1406 nostrarum
1962 1378 2119 1408 Literarurn
2136 1403 2146 1416 ‚
2176 1379 2317 1416 Accepta-

1259 1420 1338 1448 mus,
1358 1410 1607 1449 Comprobamus,
1625 1411 1842 1451 Gratificamus,
1860 1413 1965 1445 Graios
1980 1417 2014 1446 &
2033 1415 2122 1447 Raros
2138 1417 2241 1448 habere
2256 1418 2318 1449 Vo-

1259 1449 1370 1486 lumus,
1391 1449 1606 1488 promittentes,
1621 1450 1670 1481 sub
1688 1450 1758 1481 Fide
1771 1451 1885 1490 Regalis
1903 1453 2008 1484 nostrae
2033 1455 2201 1493 Maiestatis,
2219 1459 2318 1488 omnia

1259 1488 1292 1518 δε
1308 1487 1427 1527 lingula,
1444 1489 1471 1517 in
1487 1488 1644 1526 hujusmodi
1661 1489 1763 1519 nostris
1781 1489 2033 1522 Reconciliationis
2051 1493 2151 1524 Literis
2165 1503 2320 1536 contenta,

1260 1526 1353 1556 Firma
1367 1527 1399 1557 &
1417 1526 1601 1565 lnconcussa,
1615 1537 1752 1565 quantum
1766 1527 1800 1558 ad
1817 1528 1885 1558 Nos
1899 1530 2000 1566 specht
2020 1532 2052 1561 &
2071 1534 2204 1570 pertinet,
2224 1535 2318 1565 invio-

1257 1564 1374 1596 labiliter
1388 1564 1554 1602 Observari,
1574 1575 1626 1596 nec
1642 1565 1847 1596 Contravenire
1861 1567 1963 1597 eisdem
1978 1578 2026 1606 per
2050 1570 2134 1608 Nos,
2153 1581 2245 1609 neque
2268 1583 2318 1611 per

1258 1604 1358 1641 alium,
1377 1604 1422 1634 seu
1445 1614 1495 1642 per
1515 1603 1602 1642 alios,
1618 1605 1718 1643 quovis
1740 1606 1856 1643 quaefito
1877 1605 1987 1637 Colore
2008 1608 2053 1638 vel
2063 1607 2186 1646 Ingenio
2200 1610 2236 1641 de
2248 1610 2318 1650 Jure

1259 1642 1304 1673 vel
1315 1641 1352 1673 de
1366 1642 1390 1673 F
1390 1642 1466 1674 aeto.
1482 1671 1487 1679 ,

1293 1718 1327 1749 In
1340 1729 1464 1757 quorum
1478 1720 1612 1751 omnium
1626 1720 1660 1751 &
1676 1719 1848 1759 singulorum
1866 1721 2082 1753 Praemifforum
2097 1723 2184 1761 majus
2196 1723 2320 1764 Robur,

1257 1757 1415 1788 firmiorem
1438 1758 1539 1789 Fidem
1563 1769 1597 1789 ac
1620 1759 1774 1789 evidentius
1793 1759 2028 1798 Testimonium,
2043 1761 2143 1792 harum
2159 1762 2319 1794 Literarum

1259 1796 1352 1834 Duae,
1369 1797 1450 1827 unius
1469 1797 1582 1834 quidem
1599 1796 1745 1836 Effeclffis,
1765 1798 1803 1828 set
1820 1798 1890 1828 Una
1903 1799 1952 1829 sub
1969 1799 2100 1838 Nostris,
2117 1801 2168 1831 alia
2183 1804 2255 1832 vero
2270 1802 2320 1833 sub

1258 1835 1326 1865 dieti
1352 1838 1445 1865 Daciae
1469 1837 1546 1873 Regis
1574 1835 1756 1866 Nominibus
1779 1836 1880 1874 Sigillis
1897 1846 1981 1875 atque
1999 1837 2143 1869 Mannum
2161 1839 2267 1870 nostrae
2284 1842 2319 1873 δε

1258 1874 1314 1903 suae
1331 1875 1505 1912 propriarum
1523 1874 1797 1912 subscriptionibus,
1823 1874 1992 1913 Confestae,
2012 1876 2192 1915 Conscriptae
2207 1901 2218 1916 ,
2235 1889 2320 1915 atque

1259 1911 1391 1950 Sigillatae
1412 1912 1491 1950 sunt,
1509 1922 1627 1950 quarum
1655 1912 1742 1950 Una,
1758 1913 1909 1952 videlicet,
1928 1915 2044 1952 praesens
2066 1916 2115 1946 sub
2127 1916 2226 1947 nostro
2249 1917 2319 1948 No-

1260 1953 1355 1989 mine,
1373 1950 1491 1988 Sigillo,
1505 1952 1538 1981 &
1557 1951 1785 1989 Subscriptione,
1803 1952 1876 1989 apud
1888 1953 2035 1990 praefatum
2050 1957 2145 1992 Regem
2158 1957 2270 1993 Daciae,
2285 1958 2320 1988 ὃς

1261 1989 1342 2026 Alia,
1362 1988 1513 2027 videlicet,
1537 1989 1586 2019 sub
1607 1990 1728 2027 iaepefati
1750 1993 1827 2027 Regis
1850 1994 1945 2021 Daciae
1970 1992 2121 2031 Nomine,
2146 1993 2262 2032 Sigillo,
2286 1995 2320 2025 &

1260 2028 1470 2065 Subscriptione
1485 2029 1638 2065 expeditae,
1653 2028 1726 2065 apud
1742 2028 1810 2058 Nos
1824 2038 1903 2059 erunt
1916 2032 1949 2062 ὃς
1963 2031 2157 2062 remanebunt.

1297 2066 1365 2097 Dat.
1384 2066 1457 2104 apud
1474 2066 1749 2107 Wstmonasterium,
1767 2068 1863 2105 primo
1878 2067 1924 2098 die
1943 2067 2025 2098 Maii.

1949 2146 2004 2174 Per
2015 2144 2097 2184 ipsimi
2111 2147 2216 2184 Regem.

1305 2288 1356 2320 De
1381 2286 1599 2330 Attemptatis‚
1624 2295 1727 2317 contra
1749 2288 1882 2333 Treugas
1904 2289 2025 2331 Senia,
2049 2288 2271 2334 Reformandis.

1261 2377 1380 2437 REX
1397 2379 1565 2425 Omnibus,
1583 2378 1617 2409 ad
1632 2389 1721 2417 quos,
1739 2380 1800 2411 &c.
1819 2378 1954 2411 Salutem.
2335 2380 2411 2411 Ann.
2428 2381 2474 2415 D:

1357 2417 1452 2448 Sciatis
1468 2417 1549 2455 quod
1562 2417 1631 2447 Nos
1641 2441 1652 2456 ,
2358 2429 2444 2460 1473.

1296 2455 1345 2486 De
1362 2456 1569 2494 Fideliratibus,
1587 2456 1915 2495 circumspectionibus,
1931 2457 1964 2487 &
1986 2455 2149 2497 Industriis,
2167 2457 2322 2490 venerabi·
2339 2462 2390 2486 An.
2408 2469 2451 2497 ¹3-

1258 2495 1329 2526 lium
1347 2494 1479 2532 Parrum,
2338 2501 2367 2524 Ε.
2390 2508 2419 2533 4.

1296 2535 1337 2563 W
1338 2533 1441 2563 illielmi
1454 2532 1570 2573 Elienfis
1586 2531 1721 2571 Epzfiopi,
2336 2541 2402 2563 scot.
2427 2545 2456 2574 13
2469 2539 2471 2542 ⁴

1294 2575 1442 2602 Laurentii
1455 2571 1607 2601 Dunolmen
1619 2582 1641 2600 ις
1655 2571 1777 2610 Epifiopi
1783 2595 1794 2611 ‚
2338 2578 2367 2601 E.
2388 2583 2416 2608 4.

1298 2611 1438 2640 Edwardi
1457 2608 1592 2640 Carliolen
1604 2611 1626 2639 is
1641 2610 1762 2649 Eptstopi
1771 2634 1780 2648 ,
2336 2622 2371 2640 m,
2392 2612 2422 2639 16

1297 2649 1408 2679 Ricardi
1422 2648 1583 2717 Affizvegis
1603 2649 1722 2687 Episcopi
1732 2659 1741 2677 :

1295 2687 1514 2718 Carii'simorum
1559 2688 1817 2723 onsanguineorum
1834 2686 2016 2726 nostrorum,

1298 2728 1411 2756 Henrici
1423 2730 1531 2755 Comitjs
1546 2725 1753 2755 Northumbriae
1761 2749 1771 2764 2

1296 2764 1334 2834 {t
1348 2763 1490 2803 Johannis
1505 2768 1614 2794 Comitis
1626 2763 1737 2802 Salapiae
1747 2776 1756 2794 .-

1329 2814 1346 2833 c

1298 2827 1484 2872 Diieemrum
1499 2841 1598 2871 Nobis
1609 2841 1637 2871 in
1655 2839 1789 2878 Christo,

1297 2880 1404 2911 Thomae
1424 2880 1546 2910 Abbatis
1565 2879 1727 2919 Monasterz'i
1747 2879 1835 2910 beatae
1857 2882 1960 2909 Mariae
1982 2886 2064 2909 extra
2081 2881 2176 2909 Muros
2190 2881 2324 2909 civitatis

1260 2919 1356 2961 nostrae
1371 2919 1508 2954 Eburum,

1298 2958 1337 2988 Et
1353 2958 1465 2987 Ricardi
1479 2959 1581 2987 Prioris
1594 2955 1780 2996 Dunolme7fis
1791 2968 1800 2986 .-

1298 2997 1432 3027 Necnon
1442 3019 1452 3034 ,

1297 3034 1483 3065 Dilestorum
1501 3035 1534 3065 ὃς
1550 3032 1689 3062 Fidelium
1701 3031 1884 3070 nostrorum,

1299 3071 1440 3111 Humfridi
1454 3076 1546 3102 Dacre
1560 3070 1682 3101 Domini
1697 3071 1733 3100 de
1745 3069 1841 3100 Dacre
1860 3069 1977 3106 Militis,

1300 3111 1431 3150 Magistri
1449 3113 1491 3139 W
1491 3108 1596 3139 illielmi
1610 3111 1745 3146 Potman,
1764 3109 1876 3146 Le‘gum
1892 3108 2053 3148 DoCtoris,

1303 3149 1449 3180 Willielmi
1463 3151 1550 3177 Parre
1565 3147 1724 3179 consiliarii
1740 3147 1850 3186 nostri,

1300 3188 1401 3226 Jacobi
1419 3191 1614 3224 Strangways,
2341 3186 2356 3205 '¹
2373 3188 2426 3216 XI.

1256 3230 1258 3233 ’
1305 3228 1324 3244 *
1341 3226 1482 3264 Johannis
1500 3228 1626 3264 Conyers,
2342 3236 2406 3262 777·

1302 3263 1454 3302 Militum,

1300 3302 1337 3333 Et
1352 3303 1458 3333 Thomae
1478 3303 1521 3331 W
1519 3300 1623 3338 itham,

1303 3341 1559 3380 Quamplurimum
1578 3338 1772 3377 confidentes,
1963 3376 1968 3380 ·

1300 3380 1376 3418 Ipsos
1389 3380 1502 3410 nostros
1517 3388 1600 3409 veros
1612 3379 1645 3409 ὅ(
1658 3378 1825 3408 indubitatos
1848 3375 2080 3413 Commisiarios,
2097 3374 2273 3415 Deputatos,
2291 3377 2324 3408 &

1265 3418 1467 3449 Procuratores
1482 3417 1610 3457 speciales
1623 3416 1769 3454 Facimus,
1791 3415 2017 3452 Censtituimus,
2032 3415 2065 3445 διε
2083 3412 2256 3445 Ordinamus
2277 3425 2327 3454 per

1266 3457 1436 3495 Praesentes,
1721 3494 1726 3498 .
1940 3491 1944 3495 ,
2002 3490 2018 3496 ..
2215 3493 2220 3496 ῃ

1301 3496 1409 3526 Dantes
1431 3496 1464 3526 &
1483 3493 1684 3524 Concedentes
1701 3492 1805 3523 eisdem
1825 3489 2054 3528 Commissariis,
2086 3489 2235 3527 Deputatis
2252 3515 2261 3529 ,
2291 3492 2324 3521 &

1264 3534 1498 3566 Procuratoribus
1522 3532 1638 3570 nostris,
1661 3531 1843 3567 Tresdecim,
1869 3528 2055 3572 Duodecim,
2074 3528 2242 3567 Undecim,
2260 3529 2323 3559 De-

1265 3583 1351 3610 cem,
1369 3572 1513 3608 Novem,
1530 3570 1629 3608 Oc‘to,
1647 3569 1779 3606 Septem,
1795 3568 1866 3604 Sex,
1885 3566 2043 3604 Quinque,
2062 3568 2096 3598 &
2118 3568 2251 3605 Quatuor
2273 3578 2324 3597 eo-

1264 3621 1328 3642 rum
1352 3612 1487 3649 (quorum
1509 3610 1633 3647 aliquem
1657 3607 1854 3644 praedictorum
1877 3604 2080 3644 Epifioporum‚
2100 3610 2210 3636 Comjm
2234 3607 2324 3635 Nort-

1264 3649 1411 3686 humbriae,
1437 3647 1544 3676 Thomae
1567 3645 1706 3682 Abbatis,
1731 3646 1848 3680 Priorix,
1872 3643 1905 3674 &
1928 3642 2071 3673 Willielmi
2094 3647 2209 3674 Potman
2233 3653 2324 3674 unum

1267 3689 1324 3719 effe
1346 3685 1490 3721 volumus)
1518 3684 1629 3721 plenam
1651 3681 1820 3712 Potestatem
1845 3681 1878 3712 &
1903 3681 2130 3719 Auctoritatem,
2149 3683 2327 3712 Sextodecimo

1267 3730 1321 3757 Die
1341 3726 1426 3765 Junii
1448 3723 1581 3761 proximo
1603 3721 1714 3756 futuro,
1740 3720 1813 3757 apud
1829 3720 1942 3750 Novum
1969 3721 2092 3760 Castrum
2106 3719 2186 3759 fitper
2206 3722 2327 3760 Τχηαηι,

1267 3764 1341 3803 apud
1356 3761 1531 3797 Annewike,
1549 3758 1594 3789 vel
1610 3760 1638 3788 in
1654 3768 1837 3796 quocumque
1849 3758 1903 3789 alio
1922 3759 2006 3790 Loco
2027 3768 2159 3796 congruo
2184 3758 2217 3789 &
2240 3769 2329 3796 opor-

1268 3813 1357 3840 tuno,
1376 3797 1575 3831 Conveniendi
1589 3806 1657 3828 cum
1672 3795 1877 3828 Commiffariis
1887 3820 1896 3834 ,
1913 3797 2076 3835 Deputatis,
2092 3797 2124 3827 &
2140 3795 2329 3828 Procuratori-

1271 3843 1322 3872 bus
1335 3837 1524 3880 praecariffimi
1540 3834 1752 3872 Consanguinei
1766 3835 1855 3865 nostri
1873 3835 1974 3875 Jacobi
1985 3839 2062 3873 Regis
2081 3838 2233 3873 Scotorum,
2251 3835 2328 3866 suffi-

1272 3881 1393 3911 cientem
1409 3875 1581 3907 Potestatem
1596 3874 1624 3903 in
1641 3873 1694 3904 hac
1710 3882 1785 3911 parte
1796 3874 1979 3911 habentibus,

1308 3918 1353 3948 Ac
1379 3913 1533 3945 Tractandi
1554 3912 1587 3943 &
1612 3910 1858 3943 Communicandi
1879 3913 1915 3943 de
1938 3914 1972 3944 &
1999 3911 2076 3949 super
2103 3911 2328 3950 quibuscumque

1271 3954 1420 3994 Qrerelis,
1444 3954 1477 3984 ὃ(
1501 3949 1738 3989 Gravaminibus‚
1763 3960 1797 3981 ac
1818 3950 1963 3988 Offeniis‚
1983 3950 2016 3979 &
2038 3949 2241 3989 Attemptatis,
2268 3953 2328 3982 tam

1272 4004 1321 4031 per
1347 3993 1450 4030 Ligeos
1473 3990 1506 4020 &
1528 3988 1663 4020 Subditos
1684 3989 1795 4020 nostros
1816 3989 1902 4026 quarn
1929 3988 2032 4026 Ligeos
2045 3989 2079 4019 &
2093 3988 2228 4021 Subditoe
2249 3990 2330 4028 ipsius

1274 4029 1483 4068 Consanguinei
1498 4026 1588 4058 nostri
1602 4031 1678 4066 Regis
1690 4031 1846 4064 Scotorum,
1864 4027 1892 4055 in
1905 4026 2122 4065 Westmarchiis
2144 4028 2178 4059 ὃ(
2201 4027 2330 4060 Estmar-

1274 4071 1343 4102 chiis
1364 4067 1456 4100 versus
1480 4064 1624 4104 Scotiam,
1641 4065 1687 4096 seu
1708 4066 1801 4133 aubis)
1816 4072 1916 4095 contra
1935 4063 2073 4095 Formam
2096 4065 2337 4137 TreugarumAssc-
