2555 4266
761 221 863 264 ET
948 219 1215 263 ACTA

1 323 26 359 Α
87 322 117 354 D
144 316 214 348 mini
233 316 294 345 Rex
311 311 350 348 (ξ’
369 313 473 349 Regina
493 307 635 348 castellae,
654 311 798 347 Legionis,
816 312 994 347 Aragonum,
1012 308 1126 345 Siciliae,
1145 304 1206 340 &aa

22 336 106 404 3¹9⁸}
121 348 127 354 ’
143 363 282 386 eorumve
297 350 433 382 Haeredes
453 350 486 380 &
498 349 679 379 Success'ores
690 350 798 380 solvant
814 349 860 378 seu
873 349 943 379 solvi
957 348 1060 377 faciant
1074 345 1205 376 modo&

0 410 53 434 Hm
84 412 100 438 7
146 392 240 425 formai
252 390 446 428 sequentibus,
464 388 613 423 videlicet,
928 426 932 431 ⁸
1190 422 1195 426 ι

58 426 65 432 ”
103 424 110 430 ’
182 430 261 461 1)ίὲὶί
277 429 401 458 Domini
417 430 476 456 Rex
492 426 529 461 όν
545 429 648 463 Regina
662 425 802 464 Castellae,
818 427 961 460 Legionis,
980 423 1209 463 Arqgonum,St-

145 468 227 506 ciliae,
245 466 305 502 &a
321 476 458 497 eorumve
479 465 618 495 Haeredes
640 466 672 495 ὅ(
696 462 876 494 Succeffores
899 461 1009 491 solvent
1023 464 1067 489 seu
1083 460 1152 504 solvi
1168 458 1210 487 fa-

145 509 240 544 cient,
259 508 286 535 in
305 504 430 536 Pecunia
447 511 609 541 numerata,
627 503 763 540 praedidio
779 500 912 543 Domino
933 501 998 537 Regi
1012 497 1145 541 Angltae,
1164 495 1210 525 vel

146 547 205 582 eius
218 544 251 574 ad
267 545 325 574 hoc
339 543 509 574 sufficienter
524 542 671 579 Deputato
687 539 732 570 seu
749 538 917 581 Deputatis,
934 546 981 567 aut
1004 540 1119 573 praesato
1144 534 1210 564 Do—v

147 585 231 615 mino
254 585 372 621 Principi
390 581 536 619 Arthuro,
554 580 647 618 ejusve
668 579 702 607 ad
723 577 781 607 hoc
800 575 971 620 sufficienter
995 575 1143 619 Deputato
1165 573 1210 616 vel

148 622 299 660 Deputatis
337 623 367 652 in
388 622 514 651 Civitare
539 617 716 653 Londoniae,
735 624 783 644 aut
803 614 877 644 Villa
896 612 1059 652 Bristolliae,
1078 614 1123 644 seu
1143 612 1211 642 alibi

149 662 220 693 infra
233 644 370 699 Regsium
385 660 499 696 Angliae
509 680 517 693 ,
535 657 605 687 infra
620 655 754 693 Quatuor
771 652 844 683 Dies
858 654 996 691 proximo
1012 662 1077 683 ante
1092 652 1136 682 vel
1147 650 1210 696 post

149 700 414 732 Solennizationem
439 696 566 735 praedicti
588 692 766 723 Matrimonii
790 693 862 722 inter
884 692 1049 729 saepedistos
1064 691 1214 721 Dominos

150 738 312 771 Arthurum
326 737 364 773 &
379 738 560 771 Katerinam,
569 736 682 762 Centum
698 730 784 760 Milia
798 734 935 761 Scutorum
949 734 1026 760 Auri
1041 729 1214 768 AEstimatio-

150 782 195 811 nis
208 777 353 808 antediei‘ae
362 797 372 813 ,
568 809 573 814 ,
846 809 851 814 ,
1062 808 1067 813 ,
1119 808 1123 812 ,

190 815 227 846 Et
247 816 320 846 infra
342 813 449 844 Unum
472 811 506 841 &
525 809 656 840 Primum
682 807 800 838 Annum
824 807 930 838 didiam
952 808 1215 837 Solennizationem

153 855 290 892 proximo
307 853 487 890 sequentem,
505 849 533 877 in
550 847 675 877 Pecunia
689 847 867 884 Numerata,
885 848 960 877 &in
976 846 1062 877 Loco
1079 855 1109 877 ut
1126 846 1216 883 supra,

154 892 212 923 alia
227 892 438 934 ¹§Quinquaginta
453 886 539 916 Milia
553 885 700 924 hujusmodi
712 889 850 915 Scutorum
866 889 958 923 Auri,

193 931 232 962 Et
253 928 431 968 postremum
449 926 520 956 infra
542 924 706 955 Secundum
730 925 850 955 Annum
863 924 1033 955 antedictam
1053 923 1221 954 Solenniza-

155 971 263 1002 tionem
277 967 413 1005 proximo
426 966 605 1003 sequentem,
623 963 651 992 in
667 963 752 993 Loco
771 964 891 1000 utsupra
901 987 910 1000 ,
925 962 998 993 Alia
1009 962 1220 1003 Qinquaginta

158 1008 244 1040 Milia
263 1004 410 1044 hu'usmodi
432 1007 571 1033 Scotorum
593 1005 670 1031 Auri
694 1003 722 1032 in
741 1002 865 1033 Pecunia
885 1001 1063 1039 Numerata,
1081 1011 1127 1032 aut
1142 1001 1219 1031 Vasis

157 1048 204 1079 seu
215 1045 287 1084 Joca
300 1044 360 1073 ibus
375 1042 475 1073 Aureis
490 1042 523 1072 &
539 1042 706 1077 Argenteis‚
723 1040 818 1079 sicque
834 1041 914 1079 quod
930 1050 984 1070 una
1000 1041 1107 1078 quaevis
1121 1039 1220 1071 Uncia

157 1093 261 1116 eorum
274 1083 423 1119 recipiatur
438 1079 593 1112 secundum
610 1079 668 1117 ejus
683 1079 819 1109 Valorern
833 1087 916 1116 prout
931 1080 960 1108 in
975 1079 1075 1118 Anglia
1089 1088 1220 1116 tempore

158 1121 318 1155 Solutionis
336 1119 495 1159 hujusmodi
515 1119 570 1158 ipsa
589 1117 690 1149 Uncia
711 1118 816 1149 valebit
832 1120 865 1149 &
881 1116 1101 1149 aestimationem
1115 1118 1221 1149 habue-

174 1170 196 1193 it

159 1171 173 1194 r
197 1184 245 1231 Ᾰά
265 1208 350 1238 quam
368 1197 485 1236 quidem
497 1196 678 1228 Solutionem
689 1195 820 1225 difforum
833 1197 1016 1224 Ducentorum
1032 1194 1144 1224 Milium
1157 1198 1220 1224 Scu-

157 1247 262 1275 torum,
282 1238 400 1268 nomine
416 1235 504 1266 Dotis
519 1236 563 1266 seu
580 1233 750 1265 Donationis
769 1242 886 1270 propter
908 1233 1049 1271 Nuptias,
1068 1236 1134 1271 Regi
1155 1237 1223 1264 Au-

155 1278 220 1317 gliae
246 1278 340 1316 ejusve
362 1275 510 1313 Deputato
530 1275 577 1306 vel
599 1273 764 1311 Deputatis,
782 1280 830 1302 aut
848 1271 929 1302 dicto
944 1275 1060 1302 Domino
1076 1272 1224 1309 Arthuro,

159 1317 206 1348 seu
231 1317 287 1354 ejus
307 1314 455 1352 Deputato
476 1312 521 1344 vel
541 1312 691 1349 Deputatis
710 1313 740 1341 in
765 1309 888 1341 Civitate
908 1310 1073 1341 Londoniae
1086 1320 1133 1342 aut
1153 1311 1224 1342 Villa

159 1354 325 1391 Bristolliae,
342 1353 388 1383 seu
411 1353 477 1382 alibi
496 1351 566 1381 insi-a
594 1350 727 1388 Regnum
745 1349 857 1388 Angliae
875 1357 906 1379 ut
919 1350 1065 1386 praefertur
1082 1349 1224 1389 fiendam,

161 1396 196 1425 ὃς
209 1393 243 1424 ad
258 1391 449 1423 inviolabilem
461 1390 543 1428 ipsius
557 1389 712 1420 Solutionis
731 1388 948 1419 Observantiam
958 1410 967 1426 ,
986 1388 1092 1426 praefati
1115 1388 1224 1418 Domi-

161 1434 192 1463 ni
213 1435 273 1461 Rex
294 1429 332 1465 όν
354 1432 457 1466 Regina
482 1427 604 1470 Castellae
617 1451 626 1465 ,
644 1430 769 1465 Legionis
785 1451 795 1464 ,
811 1430 972 1463 Aragonum
987 1449 996 1464 ,
1015 1426 1110 1456 Sicilie
1126 1451 1136 1464 ,
1162 1426 1222 1462 &c.

162 1470 302 1509 Obligant
324 1470 358 1500 &
380 1468 551 1505 Astringunt
571 1466 636 1497 Sese
650 1466 767 1504 suosque
780 1465 917 1495 Haeredes
935 1466 967 1496 &
980 1465 1177 1503 Successores,
1192 1475 1225 1496 ac

162 1509 243 1540 Bona
257 1508 302 1538 sua
320 1506 529 1537 Patrimonialia
543 1506 577 1536 &
591 1505 701 1535 Fiscalia
710 1525 719 1541 ,
735 1513 851 1535 necnon
865 1502 944 1533 Bona
962 1503 1148 1534 Subditorum
1162 1504 1226 1534 suo-

162 1557 228 1579 rum
245 1548 273 1576 in
288 1546 383 1576 forma
399 1543 578 1576 Contractus
591 1542 749 1573 Garenticii
764 1551 883 1580 paratam
895 1541 1104 1572 Execurionem
1121 1543 1228 1573 haben-

163 1588 198 1616 tis
211 1608 220 1622 ‚
235 1585 470 1622 promittuntque
487 1582 537 1612 sub
558 1580 614 1612 fide
631 1582 664 1612 &
689 1580 790 1611 Verbo
813 1579 909 1619 Regio
928 1581 1091 1617 praedictam
1114 1580 1227 1612 Dotem

162 1624 270 1656 realiter
286 1623 319 1654 &
335 1632 404 1653 cum
417 1620 523 1653 effetstu
537 1621 644 1652 solvere
659 1621 686 1649 in
703 1619 851 1649 Terminis
870 1620 901 1650 ὃς
919 1619 1006 1649 Locis
1026 1619 1141 1657 desuper
1157 1630 1229 1650 con-

165 1663 267 1699 tentis,
285 1661 375 1692 taliter
400 1660 498 1699 quod,
515 1660 558 1689 ob
580 1657 740 1688 Defectum
763 1656 919 1688 Solutionis
942 1657 1119 1696 hujusmodi,
1138 1658 1230 1690 dietus

165 1701 316 1732 Dominus
339 1702 400 1729 Rex
419 1697 533 1736 Angliae
553 1699 587 1728 ὃς
606 1699 739 1726 Dominus
754 1696 900 1725 Arthurur‘
923 1695 1006 1727 Filius
1021 1698 1095 1735 ejus,
1114 1697 1230 1735 ipsiusve

164 1739 305 1772 Haeredes
327 1738 361 1769 δε
380 1736 560 1768 Succeffores
583 1734 712 1774 possint,
730 1734 927 1773 Requifitione
953 1736 987 1766 &
1009 1736 1232 1767 Ammonitione

189 1777 332 1815 raemissa,
349 1783 380 1807 ut
401 1776 474 1806 inter
495 1784 588 1805 tantos
607 1775 641 1805 &
663 1774 728 1804 tales
750 1773 895 1811 Principes
917 1772 976 1803 fieri
997 1774 1079 1804 decet
1096 1798 1105 1812 ,
1122 1775 1231 1806 nedum

165 1786 250 1849 ¹133ona
263 1814 391 1854 ipsorum
404 1817 482 1852 Regis
494 1813 532 1848 ό·
547 1816 655 1850 Reginae
664 1811 880 1850 Haeredumque
897 1813 930 1843 &
947 1812 1151 1843 Succefforum
1168 1816 1234 1845 suo-

167 1865 252 1891 rum,
268 1854 372 1885 veri‘im
389 1855 474 1884 etiam
487 1852 566 1882 Bona
579 1851 768 1882 Subditorum
782 1851 898 1882 suorum
913 1861 1014 1891 capere
1025 1874 1035 1890 ,
1051 1852 1084 1883 &
1102 1862 1154 1890 pro
1177 1862 1234 1884 rara

168 1894 258 1926 debiti
269 1892 421 1922 distrahere
438 1892 472 1922 &
487 1892 619 1921 vendere.
1124 1923 1126 1925 ‚

206 1932 317 1968 ITEM,
335 1929 553 1960 Concordatum
571 1952 582 1968 ,
600 1928 789 1960 Conventum
806 1952 815 1965 ,
834 1928 867 1959 ὃς
890 1927 1070 1959 Conclusum
1093 1928 1134 1959 est
1156 1930 1235 1968 quod

169 1970 285 2009 praefata
300 1972 422 1999 Domina
436 1970 574 1998 Katerina
590 1967 733 1998 dotabitur
745 1977 796 2004 per
812 1966 963 2005 praedictos
980 1966 1127 1998 Dominos
1141 1971 1236 2006 Regem

171 2011 207 2040 &
220 2007 382 2038 Arthurum
397 2007 560 2044 Principem
576 2007 605 2037 in
617 2006 716 2036 Tertia
731 2005 814 2035 Parte
829 2005 1007 2043 Principatsis
1022 2006 1154 2044 Walliae,
1173 2008 1237 2038 Du·-

172 2046 253 2078 catfis
277 2045 451 2083 Cornubiae,
469 2046 502 2076 &
523 2043 686 2076 Comitatus
711 2043 832 2074 Cestriae
846 2067 855 2082 ,
881 2045 913 2075 &
938 2044 1019 2082 quod
1041 2045 1115 2076 dieta
1138 2045 1237 2077 Tertia

172 2095 235 2126 pars
247 2085 298 2115 sibi
310 2085 488 2124 assignabitur
504 2085 533 2114 in
548 2083 634 2115 Bonis
638 2106 652 2131 2
672 2082 766 2121 Villis,
784 2082 898 2121 Terris,
915 2084 949 2115 &
965 2082 1111 2114 Dominiis
1136 2086 1238 2122 praedj-

174 2126 291 2155 diorum
315 2123 494 2162 Principatsis
507 2145 517 2162 ,
535 2122 668 2154 Ducatus
685 2146 695 2159 ,
713 2124 747 2154 δε
768 2120 932 2152 Comitatus
946 2145 955 2160 ,
973 2132 1041 2153 cum
1066 2122 1239 2156 Redditibus

175 2164 210 2194 &
226 2163 417 2193 Proventibus
429 2162 661 2200 aequivalentibus
677 2160 706 2191 V
706 2161 774 2191 alori
785 2160 895 2191 Tertiae
910 2160 997 2191 Partis
1014 2161 1191 2194 Reddituum
1204 2164 1238 2195 δεῖ

176 2201 376 2234 Proventuum
395 2201 541 2231 dictorum
559 2197 754 2238 principatus,
773 2197 922 2237 Ducarfis,
940 2200 973 2230 &
989 2198 1174 2239 Comitatus,
1191 2212 1241 2232 an-

178 2240 369 2276 redietorum,
388 2239 501 2277 praefata
525 2242 644 2270 Domina
664 2239 803 2268 Katerina
828 2236 1005 2274 assignabitur
1030 2249 1115 2278 atque
1135 2240 1241 2271 realiter

178 2279 213 2309 δε
230 2288 298 2308 cum
320 2278 428 2309 effectu
454 2278 609 2309 Dotabitur
631 2278 702 2308 infra
715 2277 848 2315 Qiatuor
866 2276 937 2307 Dies
951 2279 1098 2314 proximos
1111 2288 1176 2309 ante
1197 2280 1243 2310 vel

179 2316 246 2356 post
260 2317 521 2348 Solennizationem
534 2315 604 2348 dieti
620 2316 818 2352 Matrimonii,
836 2316 870 2347 δε
883 2316 962 2353 quod
979 2326 1132 2348 memorata
1148 2321 1245 2348 Domi-

180 2368 220 2387 na
240 2358 380 2386 Katerina
398 2355 553 2386 Dotabitur
573 2365 622 2394 per
642 2355 772 2393 praefatos
795 2354 941 2384 Dominos
958 2357 1053 2392 Regem
1069 2356 1182 2394 Angliae
1206 2356 1244 2392 ὠ

180 2397 329 2433 Principem
352 2393 513 2424 Arthurum
534 2396 593 2431 eius
613 2393 715 2424 Filium
740 2393 968 2430 Primogenitum
988 2395 1017 2423 in
1039 2394 1137 2426 Tertia
1161 2394 1244 2426 Parte

180 2432 328 2463 dictorum
352 2432 550 2471 PrincipatsiS,
567 2431 717 2469 Ducatfis,
735 2433 768 2463 δε
788 2430 968 2468 Comitatus,
986 2433 1019 2461 &
1043 2434 1124 2471 quod
1145 2433 1244 2465 Tertia

183 2471 251 2502 Pars
270 2472 319 2501 sibi
338 2470 514 2510 assignabitur
534 2473 563 2501 in
576 2470 680 2509 Bonis,
701 2470 796 2507 Villis,
810 2470 922 2508 Terris,
942 2471 975 2501 ὃς
990 2471 1138 2502 Dominiis
1151 2472 1245 2503 dicito-

185 2519 250 2540 rum
275 2508 453 2549 Principatfis
470 2533 480 2548 ,
504 2508 635 2540 Ducatsis
653 2534 662 2547 ,
689 2510 724 2540 &
748 2506 913 2539 Comitatfis
932 2519 999 2539 cum
1021 2510 1190 2541 Redditibus
1212 2512 1246 2542 δε

35 2567 56 2587 .
71 2564 142 2596 ΧῙΓ
184 2548 376 2580 Proventibus
389 2548 620 2586 aequivalentibus
638 2549 656 2568 ἵε
678 2547 777 2578 Valori
790 2547 898 2578 Tertiae
913 2547 1000 2577 Partis
1020 2548 1196 2581 Reddituum
1212 2551 1247 2582 &

134 2584 143 2598 ³
185 2587 384 2619 Proventuum
408 2586 577 2617 eorumdem
601 2583 779 2625 principatus
791 2610 801 2624 ,
820 2585 955 2617 Ducatfis
976 2587 1010 2617 δε
1030 2587 1196 2620 Comitatfis
1216 2597 1248 2620 ut

36 2615 104 2644 5²3⁶
185 2625 373 2664 supradictum
388 2626 448 2663 est,

222 2664 278 2702 Et,
294 2665 314 2695 fi
329 2666 477 2704 contingat
490 2663 608 2696 eandem
624 2666 771 2693 Dominam
783 2666 948 2694 Katerinam
969 2664 1032 2695 fore
1053 2664 1167 2704 Angliae
1186 2665 1248 2696 Re-

183 2704 299 2742 ginam,
316 2702 466 2733 constante
480 2703 560 2738 dieto
575 2702 780 2740 Matrimonio,
797 2702 877 2740 quod
892 2704 974 2734 etiam
989 2712 1059 2734 tunc
1074 2705 1147 2735 adeo
1156 2705 1250 2744 ample

185 2743 221 2774 &
236 2743 274 2773 ita
286 2742 463 2780 honorifice,
474 2742 553 2781 juxta
570 2741 823 2784 Consuetudinem·
837 2741 952 2772 aliarum
974 2741 1154 2780 Reginamm
1179 2744 1249 2783 ejus-

185 2780 253 2810 dem
274 2779 391 2818 Regni,
409 2780 565 2811 Dotabitur
588 2781 663 2811 sicuti
686 2780 776 2818 aliqua
791 2778 840 2809 alia
854 2780 965 2818 Angliae
983 2780 1095 2819 Regina
1112 2782 1166 2812 hiis
1181 2783 1249 2813 aistis

185 2821 362 2855 temporibus
376 2819 485 2851 Dorata
497 2820 634 2856 extiterit,
654 2818 748 2849 didius
762 2821 822 2848 Rex
836 2818 949 2857 Angliae
962 2819 1085 2857 Obligat
1103 2820 1156 2857 Se,
1175 2820 1249 2850 Hae-

187 2857 266 2887 redes
287 2858 320 2888 δε
342 2857 520 2888 Succeffores
542 2858 604 2888 snos
626 2857 771 2896 praefatos,
788 2858 821 2888 &
837 2857 916 2887 Bona
929 2858 973 2889 sua
990 2857 1200 2890 patrimonialia
1215 2859 1249 2889 &

186 2895 318 2933 Fiscalia,
336 2905 452 2925 necnon
476 2896 555 2926 Bona
575 2896 759 2926 Subditorum
780 2895 895 2925 suorum
918 2897 948 2926 in
963 2897 1054 2927 forma
1073 2896 1250 2929 contradus

186 2933 348 2965 Garenticii
372 2943 494 2971 paratam
512 2934 720 2964 Execurionem
739 2933 885 2972 habentis,
903 2936 1100 2974 promittitque
1113 2935 1164 2966 sub
1180 2936 1251 2967 Fide

185 2973 221 3003 &
239 2971 338 3004 Verbo
352 2971 446 3011 Regio
463 2973 628 3011 praedit‘tam
644 2973 833 3003 Dotationem
854 2973 961 3004 realiter
980 2974 1014 3005 δί
1030 2984 1101 3005 cum
1123 2974 1250 3013 effectu,

186 3010 280 3043 modo
302 3012 335 3042 &
354 3020 483 3049 tempore
505 3011 621 3049 desuper
638 3010 801 3050 specificans
815 3034 826 3050 ,
845 3011 981 3048 perficere
1002 3013 1036 3043 ὃς
1059 3013 1226 3051 perimplere
1241 3038 1251 3052 ,

185 3050 278 3080 taliter
299 3050 399 3088 quod,
413 3051 455 3080 ob
475 3049 632 3080 Defestum
656 3048 821 3080 Dotationis
842 3050 1022 3089 hujusmodi,
1035 3052 1105 3082 dieti
1126 3051 1252 3083 Domini

189 3091 250 3118 Rex
270 3087 309 3124 ὠ·
330 3092 434 3127 Regina
459 3088 582 3128 Castellae
596 3112 606 3128 ,
624 3090 748 3126 Legionis
759 3113 768 3124 ,
786 3091 967 3126 Aragonum,
984 3090 1079 3121 Siciliae
1093 3113 1102 3128 ,
1122 3089 1182 3125 &a
1201 3101 1251 3122 eo-

190 3136 292 3158 rumve
307 3126 446 3158 Haeredes
458 3128 490 3158 &
505 3127 686 3159 Succeffores
700 3126 1026 3166 poffint,Requisitione
1037 3131 1071 3160 &
1086 3130 1252 3161 Amonitio-

189 3175 228 3196 ne
244 3165 403 3204 praemissa,
413 3174 452 3205 ,ut
465 3167 538 3197 inter
553 3175 643 3197 tantos
657 3167 690 3197 ὃς
705 3165 769 3196 tales
783 3165 929 3204 Principes
947 3165 1007 3197 fieri
1023 3167 1124 3205 decer,
1143 3168 1252 3199 nedum

188 3202 269 3235 Bona
291 3204 374 3242 ipsius
395 3208 507 3235 Domini
528 3208 605 3242 Regis
621 3204 780 3235 Haeredum
804 3214 838 3234 ue
851 3206 884 3236 δε
900 3205 1101 3237 Successorum
1116 3207 1231 3238 suorum
1242 3230 1252 3246 ,

187 3243 292 3274 verum
315 3244 400 3275 etiam
423 3244 458 3274 &
479 3243 560 3274 Bona
580 3243 766 3274 Subditorum
796 3252 900 3275 uorum
919 3251 1041 3284 capere,
1065 3246 1099 3276 &
1119 3254 1173 3284 pro
1195 3255 1252 3277 rata

188 3280 292 3312 Debiti
305 3281 459 3313 distrahere
471 3282 504 3313 δε
517 3282 646 3313 vendere.

226 3319 338 3355 ITEM,
358 3319 547 3351 Conventum
564 3322 597 3352 &
619 3320 798 3351 Conclusum
816 3319 858 3351 est
873 3320 953 3358 quod
964 3345 973 3360 ,
991 3322 1010 3352 fi
1027 3324 1172 3362 contingat
1187 3334 1251 3361 per-

189 3358 279 3389 tinere
292 3358 377 3389 dielae
392 3362 517 3389 Dominae
532 3361 675 3390 Katerinae
688 3357 834 3390 Succeffio
846 3359 993 3390 dierorum
1007 3360 1181 3398 Regnorum
1194 3362 1251 3394 Ca-

188 3395 294 3434 stellae,
311 3396 462 3437 Legionis,
481 3397 649 3437 Aragonum
666 3421 676 3436 ,
691 3398 795 3428 Siciliae
809 3421 819 3437 ,
836 3399 897 3430 &o
918 3409 967 3436 per
989 3398 1113 3431 Obitum
1136 3400 1251 3431 suorum

188 3435 321 3466 Fratrum
342 3437 375 3467 &
396 3436 535 3467 Sororum
557 3436 600 3467 Ea
627 3437 772 3472 Maiorum
796 3437 896 3474 (quod
921 3437 1002 3467 Deus
1024 3440 1150 3476 avertat)
1172 3439 1252 3478 quod

188 3479 260 3504 tunc
283 3475 395 3511 praefata
418 3474 547 3505 Domina
572 3477 712 3508 Katerina
735 3475 865 3507 succedat
897 3477 925 3505 in
952 3477 1055 3507 eisdem
1084 3477 1193 3517 Regnis
1217 3479 1251 3510 δε

186 3510 359 3590 gpnfigpiisiest,
374 3523 407 3544 ac
426 3514 446 3544 fi
464 3513 570 3544 ibidem
589 3514 686 3546 Vitam
702 3523 794 3554 ageret
811 3515 844 3546 δε
859 3515 976 3554 praesens
990 3516 1168 3553 personaliter
1183 3516 1256 3548 sem-

231 3586 266 3617 In
284 3596 407 3626 quorum
415 3613 424 3628 ,
442 3590 505 3621 &c-

190 3625 308 3696 negeb.
322 3627 430 3668 Westm.
448 3629 555 3660 octavo
573 3628 620 3660 die
640 3626 759 3669 Martii,
777 3629 867 3661 Anno
885 3638 979 3669 1492,
995 3631 1030 3663 δε
1045 3631 1145 3671 Regni
1156 3632 1255 3670 fnostri

355 3806 405 3838 De
421 3800 595 3837 ‘Traffando
612 3815 682 3838 cum
706 3803 794 3839 dinis
810 3808 888 3853 Rege
904 3809 942 3845 (ἓν
966 3808 1094 3855 Regina.

43 3881 121 3915 Arm·
132 3878 176 3915 D·
254 3886 315 3922 EX
335 3889 500 3927 Omnibus,
517 3888 552 3919 ad
571 3899 660 3934 quos,
678 3890 739 3921 &c.
757 3890 894 3935 Salutem.
973 3931 977 3937 Ι

72 3930 162 3961 1493.
211 3965 213 3967 Ι
294 3928 376 3972 Cum
394 3938 466 3973 vero
483 3928 563 3973 lateat
582 3938 728 3973 neminem
748 3928 901 3967 Civitates,
919 3929 1034 3975 Opida,
1051 3941 1144 3977 atque⁴
1154 3929 1257 3977 Regna

41 3964 95 3990 An.
112 3963 139 3989 8.
193 3965 337 4000 Bellorum
354 3967 566 3998 calamitatibus
584 3965 831 4006 Diffidiorumque
855 3967 1032 4000 Turbimbus
1057 3971 1092 4001 ad
1117 3972 1256 4003 nichilum

42 4004 126 4065 {Jr-alc·
148 4037 165 4066 8
194 4005 278 4075 faiis-{e
296 4006 597 4077 redaga'ffdssmque
613 4004 688 4036 Pace
705 4006 858 4046 coaluisse,

128 4060 134 4066 -
170 4060 177 4067 ·
267 4053 315 4075 inc
334 4055 350 4075 e
390 4055 450 4082 quo
523 4055 555 4075 os
566 4069 575 4082 ,

44 4080 81 4104 H.
98 4085 126 4112 7-
140 4087 178 4108 m·
233 4082 357 4121 Propter
371 4082 485 4114 felicem
499 4082 614 4114 Rerum
633 4081 802 4114 Christianae
817 4082 884 4114 Reli
905 4080 976 4114 ionis
989 4079 1178 4125 Succeffum,
1196 4086 1259 4116 uni-

49 4120 92 4143 ¹¹·
193 4121 326 4156 versalem
342 4119 461 4160 Regum
472 4131 507 4155 ae
526 4122 701 4163 Regnorum
721 4123 858 4155 omnium
893 4123 1083 4158 -oncordiam
1102 4124 1261 4158 desideran-

1299 218 1777 267 PUBLICA.
2259 239 2309 272 61

1247 312 1306 341 teS,
1322 305 1355 335 δε
1380 309 1500 352 maxime
1519 318 1619 338 eorum
1644 311 1747 353 quibus
1771 311 1917 352 Sanguinis
1930 314 2086 346 Vicinitate
2101 317 2246 355 conjunffi
2263 318 2304 348 su-
2323 315 2396 345 Ann.
2410 315 2454 347 Di

1250 352 1330 385 mus,
1348 347 1471 383 quosque
1489 357 1543 381 iam
1563 347 1597 376 ad
1619 348 1686 378 Dies
1701 350 1734 380 δε
1754 350 1855 381 Annos
1868 362 1974 383 mutuae
1991 354 2167 385 Concordiae
2184 355 2303 386 Benivo-
2340 363 2427 393 1493.

1249 381 1334 410 lenna
1350 384 1493 419 complexi
1510 386 1617 421 sumus,

1289 418 1547 467 De,Fi‘³,53¹i[²ltibU³
1563 445 1573 457 ,
1591 421 1732 468 indust-riis
1746 447 1755 462 ,
1775 427 1807 457 δε
1824 426 2136 466 circumspectionibus
2148 454 2158 469 ,
2174 430 2306 462 Dileeto-

1252 466 1317 487 rum
1337 459 1369 487 oc
1390 458 1527 490 bdelium
1546 460 1777 493 Consiliariorum
1793 466 1971 505 nostrorum,

1255 536 1499 575 quamplurimum
1513 538 1685 570 confidentes
1695 563 1706 579 ,

1288 575 1363 614 Ipsos
1387 576 1496 606 nostros
1519 586 1602 607 veros
1626 578 1659 607 ὃ(
1683 578 1850 611 indubitatos
1874 582 2088 615 Commissa-ios
2104 611 2112 623 ,
2146 587 2304 626 Oratores,

1253 613 1471 659 Procuratores,
1490 614 1627 659 Legatos,
1650 616 1818 655 DepuratOS,
1839 622 1870 650 &
1889 621 2022 653 Nuncios
2038 625 2164 663 speciilcs
2179 627 2306 665 Alligna-

1256 663 1335 690 muS,
1354 653 1499 690 Facimus,
1520 654 1710 692 Ordinamus,
1728 656 1760 685 ὃς
1775 655 1981 691 Constituimus
1999 671 2047 698 pei·
2066 664 2228 701 Prvesentes,

1295 691 1401 723 Dantes
1416 693 1448 723 Sc
1464 692 1664 724 Concedentes
1680 694 1781 722 eisdem
1798 696 1946 731 plen-atiani
1967 699 2136 731 potestatem
2152 704 2183 731 ἃ
2199 704 2309 734 Audon

1255 730 1380 768 ritatem,
1399 740 1431 761 ac
1447 729 1615 762 Mandatum
1630 733 1757 770 generale
1768 734 1800 762 Sc
1816 733 1948 773 speciale,
1967 747 2018 773 pro
2032 738 2130 769 Nobis
2152 742 2183 771 ὃς
2200 741 2311 772 Nomi-

1257 779 1293 798 ne
1315 769 1428 808 nol’tro,
1447 781 1514 800 cum
1531 770 1711 800 Serenissimo
1736 772 1768 801 ἃ
1788 770 1973 803 illustrissimo
1993 776 2123 814 Principe
2144 778 2312 810 Reonorum

1258 806 1398 847 Castellae,
1417 812 1558 847 Legionis,
1576 812 1738 846 Aragonum
1751 834 1760 846 ,
1779 809 1922 851 Siciliaeque
1943 815 2010 849 Rege
2026 814 2127 854 fieaqu:
2156 806 2313 848 Co‘Zrhoi-ali

1258 846 1403 877 diciorum
1425 847 1595 885 Regnorum
1618 851 1721 885 Regina
1735 871 1744 885 ,
1770 846 1991 888 Consanguineis
2015 852 2113 883 nostris
2136 855 2288 887 Caridiinis
2305 881 2314 895 ,

1259 885 1304 915 seu
1320 895 1421 915 eorum
1442 885 1668 924 Commissatiis,
1688 886 1937 925 Procuratoribus,
1954 888 2116 927 Deputatis,
2133 893 2164 921 &
2192 895 2242 923 Nu
2255 897 2314 926 iciis

1259 923 1445 954 sufficientem
1460 924 1632 955 Potestatem
1647 926 1680 956 ὃς
1697 925 1904 957 Auctoritatem
1919 928 1955 957 ab
1972 928 2075 958 eisdem
2090 930 2123 958 ad
2139 930 2195 960 huc
2211 933 2316 962 haben-

1261 963 1334 992 tibus
1348 986 1358 1001 ,
1383 964 1443 994 tam
1463 963 1499 994 de
1519 965 1551 995 ὅ(
1568 964 1646 1001 super
1663 963 1730 994 vera
1744 988 1753 1002 ,
1779 963 1862 995 firma
1875 990 1885 1003 ,
1904 967 2036 1004 perpetus
2051 989 2061 1004 ,
2086 969 2119 998 ὃς
2139 970 2200 998 reali
2220 970 2292 1001 Pace
2307 993 2317 1009 ,

1262 1000 1455 1040 Concordiii,
1481 1005 1569 1041 quam
1594 1002 1629 1032 de
1656 1004 1690 1032 ὃς
1715 1004 1794 1040 super
1822 1003 1942 1044 Treugis
1966 1006 1999 1035 ὅσ
2024 1004 2201 1037 Gueriarum
2224 1008 2319 1038 Absti-

1262 1041 1363 1070 nentiis
1379 1063 1388 1077 ,
1406 1040 1483 1079 Ligis
1498 1064 1508 1078 ‚
1527 1041 1666 1071 Amicitiis
1683 1064 1692 1078 ,
1716 1040 1906 1073 Affinitatibus
1921 1066 1931 1082 ,
1958 1054 1990 1074 ac
2011 1053 2111 1074 mutuo
2130 1046 2162 1076 ὃς
2181 1047 2320 1078 amicabili

1262 1076 1421 1108 Intercursu
1440 1079 1588 1109 Mercium
1605 1081 1638 1111 ὃς
1659 1079 1916 1120 Mercandisarum,
1933 1082 2091 1120 mutuisque
2107 1083 2242 1115 hincinde
2261 1087 2322 1115 Au-

1263 1117 1333 1146 xiliis
1351 1118 1383 1148 &
1404 1117 1568 1148 Affistentiis
1584 1119 1712 1156 quotiens
1730 1128 1801 1156 opus
1820 1120 1902 1150 fuerit
1919 1120 2088 1159 praestandis,
2105 1132 2220 1153 necnon
2242 1123 2324 1155 [utel-

1262 1155 1383 1192 ligentiis
1397 1178 1407 1193 ,
1429 1156 1584 1194 Alligantiis
1601 1181 1610 1194 ,
1634 1158 1667 1188 &
1687 1156 1990 1188 Confoederationibus
2010 1161 2234 1199 quibuscumque
2253 1185 2263 1200 ,
2281 1166 2323 1192 in-

1264 1201 1307 1223 ter
1327 1195 1386 1223 Nos
1404 1195 1437 1224 &
1454 1194 1546 1226 dictos
1562 1194 1756 1225 Serenissimos
1774 1196 1917 1234 Principes
1935 1200 2029 1235 Regem
2046 1197 2083 1232 &
2108 1201 2236 1235 Reginam
2250 1200 2324 1231 Hae-

1264 1232 1398 1270 redesque
1417 1233 1449 1264 δε
1466 1232 1646 1264 successores
1662 1256 1672 1270 ,
1690 1243 1723 1263 ac
1742 1233 1842 1270 Regna
1856 1259 1865 1271 ,
1884 1235 2005 1273 Terras,
2026 1235 2181 1275 Dominia,
2201 1238 2324 1279 Patrius,

1266 1270 1416 1308 Subditos,
1434 1271 1588 1309 Vassallos,
1607 1272 1741 1302 Faventes
1756 1295 1765 1309 ,
1784 1272 2007 1304 Confoederatos
2021 1297 2030 1312 ,
2052 1276 2168 1306 Amicos
2185 1299 2194 1314 ,
2212 1278 2244 1308 ὃ(
2265 1279 2326 1308 Ad-

1266 1310 1404 1340 haerentes
1423 1311 1534 1340 nostros
1555 1312 1586 1341 &
1612 1311 1671 1340 suos
1697 1311 1891 1350 quoscumque
1908 1336 1918 1349 ,
1943 1313 2075 1343 hincinde
2099 1315 2226 1345 ineundis
2241 1339 2250 1354 ,
2279 1327 2326 1347 ca-

1265 1348 1391 1386 piendis,
1408 1348 1635 1386 componendis,
1653 1349 1841 1388 celebrandis,
1856 1351 1890 1381 &
1906 1352 2054 1389 habendis,
2071 1351 2328 1393 Communicandi,

1268 1385 1488 1425 Conveniendi,
1507 1387 1677 1424 Tractandi,
1692 1388 1929 1427 Apponituandi,
1949 1388 2174 1429 Concordandi,
2193 1391 2328 1431 Compo-

1267 1425 1370 1461 nendi,
1389 1423 1548 1455 Paciscendi
1585 1436 1618 1456 ac
1634 1425 1749 1456 finaliter
1764 1427 1796 1457 &
1814 1428 1922 1465 integre
1937 1427 2169 1467 Determinandi,

1306 1462 1535 1501 Hujusinodique
1550 1448 1655 1493 Pacem
1671 1465 1703 1494 &
1718 1463 1934 1503 Concordiam,
1951 1477 1983 1496 ac
2002 1466 2127 1506 Treugas
2151 1470 2183 1499 ὃ(
2204 1468 2330 1500 Guerra-

1270 1511 1334 1533 rum
1359 1501 1562 1539 Abstinentias,
1580 1501 1683 1539 Ligas,
1702 1503 1864 1541 Amicitias,
1878 1505 1910 1534 ὃς
1934 1504 2070 1543 Foedera,
2091 1506 2264 1545 Affinitates,
2284 1508 2330 1538 ln—

1270 1540 1452 1579 telligentias,
1468 1540 1642 1578 Allioantias‚
1659 1541 1691 1570 &
1706 1540 1973 1572 Confoederationes
1983 1567 1992 1580 ,
2008 1543 2123 1581 aliasque
2138 1544 2329 1578 pactiones&

1271 1579 1488 1610 Conventiones
1504 1564 1728 1617 Obmponendi,
1744 1579 1921 1618 Paciscendi,
1941 1581 2102 1621 Firmandi,
2121 1583 2280 1624 statuendi,
2296 1588 2330 1617 &

1273 1628 1326 1657 pro
1345 1626 1482 1656 perpetuo
1497 1615 1686 1654 Roborandi,

1311 1655 1376 1694 Er,
1403 1666 1433 1686 ut
1458 1655 1618 1694 hujusmodi
1645 1656 1702 1686 Pax
1729 1656 1763 1687 &
1791 1655 1958 1688 Concordia
1976 1679 1986 1695 ,
2010 1667 2123 1688 necnon
2147 1659 2274 1700 Treugae
2298 1662 2332 1692 ὃς

1274 1694 1454 1726 Guerrarum
1470 1694 1674 1733 Abstinentiae,
1687 1695 1847 1734 Amicitiae,
1863 1695 2004 1735 Foedera,
2022 1696 2232 1736 Intelligentiae,
2251 1699 2334 1730 Con-

1274 1734 1473 1765 foederationes
1489 1756 1498 1772 ,
1516 1733 1665 1764 pactiones
1681 1757 1690 1772 ,
1717 1734 1750 1764 &
1767 1733 1985 1765 Conventiones
2003 1737 2145 1774 praedicta:
2163 1737 2282 1768 securius
2301 1741 2335 1769 &

1275 1772 1385 1802 firmius
1402 1772 1585 1803 observentur
1608 1774 1641 1804 &
1666 1781 1811 1803 teneantur
1826 1795 1836 1810 ,
1858 1773 1960 1803 eisdem
1986 1774 2088 1804 nostris
2114 1774 2320 1807 Commissariis

1277 1811 1448 1842 Oratoribus
1462 1834 1471 1848 ,
1490 1810 1722 1841 Procuratoribus
1734 1834 1744 1849 ,
1762 1812 1781 1831 ²¹⁵
1800 1811 1951 1849 Deputatis
1964 1836 1973 1850 ,
2002 1812 2112 1852 Legatis
2124 1836 2134 1852 ,
2157 1816 2190 1844 &
2211 1814 2243 1844 N
2249 1803 2337 1845 unciis
2354 1803 2367 1817 ⁸
2390 1802 2459 1830 XII·

1278 1850 1389 1888 plenam
1404 1875 1414 1888 ,
1432 1849 1551 1880 Tetiore
1570 1849 1751 1881 Praesentium
1767 1874 1778 1888 ,
1804 1849 1976 1881 Potestatem
1993 1853 2026 1882 ὅ(
2046 1853 2253 1884 Auctoritatem
2274 1854 2335 1884 Da·
2349 1850 2365 1877 5
2369 1850 2414 1877 ’θ’

1279 1898 1342 1919 mus
1368 1889 1401 1919 &
1427 1887 1646 1919 Committimus
1666 1898 1736 1919 cum
1758 1889 1840 1919 distis
1867 1889 2049 1921 Serenissimis
2073 1894 2142 1927 Rege
2163 1893 2196 1923 ὅ(
2220 1895 2337 1932 Regina,

1279 1927 1324 1958 seu
1340 1937 1442 1957 eorum
1461 1927 1685 1963 Commissarfis,
1704 1927 1885 1966 Oratoribus,
1901 1927 2135 1959 Procuratoribus
2147 1954 2154 1967 ,
2176 1930 2343 1971 Deputatis,

1278 1967 1312 1996 «Sc
1332 1965 1458 1996 Nunciis
1475 1967 1620 1996 antedictis
1635 1991 1644 2002 ,
1668 1966 1704 1996 de
1723 1968 1756 1997 &
1772 1967 1797 1997 su
1821 1976 1849 1996 er
1868 1967 2045 2004 Sponsalibus
2070 1970 2101 1999 &
2123 1967 2315 2001 Mati-imoniis
2334 1994 2344 2009 ,

1279 2005 1351 2035 inter
1371 2004 1608 2034 Praecarissimum
1626 2005 1728 2036 Filium
1747 2009 1799 2035 nol
1816 2015 1879 2035 rum
1896 2005 2054 2035 Arthurum
2076 2007 2184 2037 Walliae
2204 2009 2342 2039 Painci-

1280 2051 1350 2074 PEM
1368 2067 1378 2081 ,
1405 2042 1529 2074 DUCEM
1549 2043 1689 2073 Cornubiae
1706 2066 1715 2080 ,
1741 2044 1896 2083 Cestriaeque
1915 2043 2089 2076 COMITEM
2104 2069 2112 2083 ,
2137 2047 2170 2076 &
2199 2047 2342 2078 serenissi-

1282 2090 1361 2111 mam
1380 2081 1545 2120 Principem
1564 2084 1729 2112 Katerinam
1745 2093 1827 2112 unam
1845 2083 1877 2112 de
1899 2081 2017 2113 Filiabus
2036 2084 2181 2114 ditstorum
2199 2086 2344 2117 Serenissi-

1284 2130 1401 2151 morum
1420 2123 1497 2158 Regis
1517 2119 1556 2155 ὠ·
1580 2123 1687 2158 Reginae
1704 2144 1713 2159 ,
1731 2130 1872 2152 annuente
1891 2121 1958 2151 Deo
1975 2123 2190 2162 contrahendis,
2208 2134 2240 2155 ac
2257 2126 2291 2155 de
2310 2126 2344 2156 δε

1282 2159 1362 2198 super
1379 2158 1461 2191 Dote
1476 2182 1485 2197 ,
1512 2159 1655 2190 Doralitiis
1669 2183 1679 2198 ,
1703 2160 1737 2190 &
1763 2159 1976 2190 Donationibus
2004 2171 2116 2200 propter
2134 2161 2257 2200 Nuptias
2275 2187 2284 2202 ,
2311 2173 2346 2194 ex

1284 2197 1360 2229 causa
1380 2198 1538 2237 hujusmodi
1558 2197 1738 2229 Matrimonii
1754 2221 1763 2236 ,
1780 2198 1944 2237 assignandis
1957 2221 1965 2236 ,
1983 2201 2181 2236 promittendis
2198 2223 2207 2238 ,
2223 2202 2320 2232 dandis

1284 2237 1318 2267 &
1336 2237 1475 2267 solvendis
1492 2260 1501 2275 ,
1520 2246 1636 2279 necnon
1655 2237 1691 2267 de
1710 2238 1742 2268 &
1759 2236 1839 2274 super
1857 2236 2008 2275 Tempore
2052 2238 2148 2270 Modo
2162 2262 2171 2277 ,
2189 2241 2222 2270 &
2242 2225 2348 2272 Fotm}

1283 2275 1486 2306 Traduetionis
1501 2276 1581 2313 ipsius
1601 2275 1678 2306 Filiae
1694 2277 1723 2305 in
1744 2276 1800 2305 hoc
1820 2274 1957 2319 Regnum
1970 2260 2097 2306 nosirum
2114 2278 2243 2317 Angliae,
2263 2278 2348 2309 Con-

1285 2314 1436 2352 veniendi,
1454 2313 1697 2344 Communicandi
1708 2337 1716 2352 ,
1726 2313 1884 2344 Tradiandi
1892 2337 1902 2352 ,
1911 2313 2118 2345 Concordandi
2126 2340 2135 2354 ,
2145 2316 2349 2354 Appuncman-

1286 2353 1331 2390 di,
1351 2352 1510 2383 Paciscendi
1527 2375 1536 2390 ,
1551 2363 1584 2382 ac
1603 2352 1717 2383 finaliter
1738 2351 1965 2391 concludendi,
1983 2353 2126 2392 talemque
2146 2355 2348 2387 Donationem

1287 2400 1402 2429 propter
1424 2390 1548 2428 Nuptias
1565 2392 1670 2421 eisdem
1689 2390 1868 2428 Principibus
1892 2401 1993 2421 eorum
2024 2391 2100 2422 Filiae
2127 2395 2245 2424 nomine
2260 2418 2270 2433 ,
2293 2406 2348 2433 pro

1288 2430 1387 2460 Nobis
1399 2429 1433 2460 ec
1447 2428 1582 2459 Nomine
1603 2429 1719 2468 nostro,
1740 2429 1891 2468 assignandi
1910 2431 1945 2461 &
1970 2431 2174 2471 promittendi,
2193 2442 2276 2471 arque
2297 2434 2351 2465 hu-

1283 2468 1408 2508 jusmodi
1426 2467 1538 2498 Dotem
1553 2469 1586 2498 ὃ(
1604 2467 1740 2498 Dotalitia
1754 2469 1790 2498 ab
1802 2468 1906 2498 eisdem
1921 2477 1974 2506 pro
1990 2468 2070 2499 dieto
2088 2470 2161 2500 Filio
2176 2472 2276 2502 nostro
2293 2473 2351 2503 Sti-

1288 2506 1400 2545 pulandi
1411 2529 1420 2543 ,
1440 2507 1574 2543 Petendi,
1594 2507 1627 2537 &
1642 2506 1799 2544 Exigendi,
1819 2516 1976 2545 caeteraque
1993 2507 2074 2537 Loca
2087 2509 2120 2539 &
2136 2509 2286 2548 Tempora
2296 2521 2350 2549 pro

1288 2547 1369 2584 ipsius
1392 2545 1469 2575 Filiae
1489 2545 1687 2575 Traduffione
1707 2546 1842 2582 hujusque
1861 2545 1948 2576 Dotis
1968 2544 2014 2575 seu
2046 2545 2215 2578 Donationis
2240 2559 2354 2587 propter

1288 2584 1415 2622 Nuptias
1435 2583 1583 2614 Solutione
1610 2583 1772 2621 Statuendi,
1793 2582 1982 2622 Praefigendi,
2002 2584 2035 2614 ὅ(
2058 2585 2230 2625 Limitandi,
2248 2598 2281 2618 ac
2303 2588 2353 2619 Se-

1290 2625 1435 2661 curitates,
1454 2620 1627 2658 Cautiones,
1644 2621 1801 2660 Promissa,
1820 2622 2034 2661 obligationes,
2054 2623 2161 2655 Literas
2172 2648 2180 2663 ,
2197 2626 2229 2657 &
2244 2626 2354 2665 Scripta

1290 2662 1418 2699 sigillata,
1437 2670 1490 2699 pro
1504 2660 1718 2691 Praemifforum
1736 2660 1980 2699 Complemento,
1997 2660 2133 2693 Nomine
2148 2664 2264 2703 nostro,
2282 2664 2355 2696 Pro-2

1290 2701 1439 2738 mittendi,
1456 2699 1622 2737 Tradendi,
1640 2700 1673 2730 &
1688 2699 1891 2736 Deliberandi,
1909 2709 1942 2729 ac
1954 2699 2152 2738 Juramentum
2168 2703 2196 2733 in
2216 2704 2352 2735 Animam

1290 2738 1417 2770 nostram
1439 2737 1593 2768 Praestandi
1607 2761 1618 2777 ‚
1634 2737 1847 2776 consimiliaque'
1869 2737 2037 2768 securitates
2050 2762 2059 2776 ,
2084 2740 2239 2772 Cautiones
2252 2766 2262 2781 ‚
2281 2742 2355 2773 Pro-

1291 2777 1389 2815 missa,
1407 2776 1604 2816 Obligationes
1614 2799 1623 2814 ,
1644 2776 1750 2807 Literas
1760 2799 1770 2814 ,
1785 2787 1819 2807 ac
1829 2776 2027 2814 juramentum
2041 2787 2056 2806 a
2071 2779 2189 2816 praefatis
2209 2780 2354 2813 Serenissi-

1291 2818 1345 2846 mis
1363 2819 1430 2852 Rege
1442 2814 1480 2850 &
1497 2818 1598 2852 Regina
1611 2815 1734 2845 similiter
1746 2814 1919 2853 Stipulandi‚
1936 2814 2090 2854 Exigendi,
2110 2818 2143 2848 &
2166 2818 2333 2857 Recipiendi
2344 2845 2354 2859 ,

1329 2854 1461 2885 Necnon
1481 2853 1516 2883 de
1530 2855 1562 2885 &
1577 2853 1655 2891 super
1668 2854 1802 2884 omnibus
1817 2854 1850 2884 ὅ(
1864 2853 1975 2890 singulis
1984 2853 2242 2895 Contentionibus,
2261 2858 2355 2896 Qiae-

1292 2893 1431 2923 stionibus
1447 2915 1457 2930 ,
1475 2892 1591 2924 Guerris
1605 2916 1616 2930 ,
1637 2891 1732 2922 Causis
1748 2910 1758 2929 ,-
1775 2891 1905 2930 Qerelis
1920 2912 1931 2930 ,
1950 2892 2058 2922 Litibus
2075 2915 2085 2931 ‚
2104 2894 2300 2933 AttemptatiS,
2319 2898 2354 2929 ὃς

1292 2931 1450 2962 Demandis
1467 2955 1476 2967 ,
1502 2931 1557 2961 una
1578 2940 1646 2961 cum
1668 2929 1719 2960 suis
1740 2929 1964 2961 Circumstantiis
1978 2952 1988 2968 ‚
2007 2930 2250 2972 Emergentibus5
2277 2933 2354 2966 Inci-

1292 2971 1440 3008 dentibus,
1460 2969 1708 3007 Dependentibus‚
1725 2978 1758 2999 ac
1773 2968 1918 2999 Connexis
1929 2991 1938 3006 ,
1955 2978 2020 3006 quae
2038 2973 2109 3000 inter
2127 2972 2186 3000 Nos
2199 2974 2231 3003 &
2252 2975 2353 3010 praefa-

1292 3018 1336 3040 tos
1350 3008 1544 3039 Serenissimos
1557 3011 1652 3046 Regem
1667 3006 1706 3042 &
1718 3010 1863 3045 Reginam,
1883 3016 1915 3038 ac
1928 3006 2046 3046 Regna,
2065 3008 2183 3047 Terras,
2203 3009 2356 3051 Dominia,

1292 3047 1410 3085 Patrias,
1429 3048 1461 3078 &
1487 3047 1586 3084 Loca,
1603 3045 1753 3083 Subditos,
1776 3044 1895 3076 vasallos
1909 3070 1919 3083 ,
1935 3045 2071 3085 Alligatos
2089 3070 2098 3085 ,
2114 3047 2353 3090 Confoederatos,

1292 3088 1326 3119 ὃ(
1341 3087 1524 3116 Adhaerentes
1536 3084 1706 3123 praedictos,
1723 3084 1856 3115 hincinde
1870 3084 1992 3123 pendere
2008 3085 2355 3126 dinoscunturffratstan-

1292 3126 1340 3163 di,
1360 3124 1578 3161 Conveniendi,
1596 3124 1628 3154 ὅ(
1647 3122 1870 3163 Componendi,

1328 3166 1492 3204 Novamque
1502 3164 1615 3192 Dietam
1629 3161 1657 3191 in
1671 3162 1769 3192 talibus
1784 3162 1869 3192 Loco
1886 3162 1919 3193 &
1933 3161 2083 3200 Tempore
2099 3171 2182 3200 prout
2199 3166 2237 3195 eis
2252 3166 2353 3197 melitis

1293 3202 1383 3233 visum
1408 3202 1491 3232 fuerit
1526 3210 1661 3239 quatenus
1682 3211 1754 3238 opus
1777 3199 1878 3238 fuerit,
1895 3200 2089 3232 statuendi&
2113 3202 2352 3243 Appunetuandi‚

1293 3242 1326 3272 &
1347 3241 1414 3271 inibi
1433 3239 1467 3270 ad
1483 3223 1790 3277 Oommunicandum,
1809 3237 2066 3277 Conveniendum,
2087 3240 2299 3281 TracTtandum,
2318 3245 2351 3274 ὃς

1294 3278 1553 3316 Concludendum‚
1572 3278 1605 3309 δί
1620 3278 1879 3315 Appunetuandum
1890 3300 1899 3315 ,
1918 3287 1951 3307 ac
1964 3278 1999 3308 de
2016 3279 2049 3308 ὃς
2063 3278 2142 3314 super
2163 3282 2296 3311 omnibus
2318 3284 2351 3313 δε

1293 3318 1405 3355 singulis
1422 3317 1573 3349 Praemissis
1586 3317 1618 3347 &
1637 3318 1672 3346 ab
1686 3318 1726 3346 eis
1748 3316 1988 3355 qualitercumque
2010 3316 2246 3358 dependentibus,
2266 3330 2353 3358 prout

1294 3358 1332 3387 eis
1349 3356 1496 3393 expediens
1510 3356 1600 3386 visum
1615 3355 1698 3385 fuerit
1713 3356 1745 3386 &
1763 3363 1954 3392 oportunum,

1332 3394 1530 3431 Universaque
1548 3394 1581 3424 δε
1597 3392 1716 3432 singula,
1733 3403 1796 3430 quae
1813 3403 1861 3430 per
1875 3402 1922 3422 eos
1945 3391 2162 3435 Appunc‘tuata,
2180 3392 2354 3435 Conventa,

1296 3432 1457 3471 Conclusa,
1476 3434 1509 3463 ὃς
1522 3432 1704 3462 concordata
1718 3431 1835 3468 fuerint,
1857 3429 2001 3467 Vallandi,
2021 3429 2209 3471 Roborandi,
2228 3435 2261 3465 ὃς
2273 3435 2354 3465 Affi-

1296 3471 1412 3502 curandi
1430 3494 1439 3510 ‚
1454 3481 1503 3510 per
1527 3471 1607 3501 Fidei
1627 3470 1872 3508 Interpositionetn
1893 3470 1925 3500 δε
1942 3468 2139 3507 juramentum
2165 3472 2195 3501 in
2214 3471 2353 3504 Animam

1295 3510 1420 3541 nostram
1439 3509 1650 3546 Praestandum,
1869 3546 1873 3550 Ι

1333 3550 1379 3581 Ac
1394 3549 1430 3579 de
1443 3550 1475 3580 δε
1490 3549 1569 3585 snper
1583 3547 1718 3578 omnibus
1731 3546 1764 3576 δε
1777 3545 1906 3583 singulm,
1921 3554 1954 3574 ac
1972 3544 2175 3583 Dependentiis
2194 3548 2229 3577 ab
2247 3549 2351 3581 eisdem

1295 3598 1397 3618 omnes
1416 3588 1449 3618 &
1467 3585 1644 3617 omnimodas
1662 3584 1826 3615 Securitates
1842 3608 1851 3620 ,
1869 3583 2038 3621 Cautiones,
2057 3583 2212 3624 Promissa,
2228 3587 2350 3624 Obliga—

1295 3628 1403 3664 tiones,
1421 3625 1541 3662 Pcenas,
1560 3623 1761 3660 Astritstiones,
1777 3631 1810 3651 ac
1826 3622 1931 3651 Literas
1946 3622 2069 3660 sigillatas
2085 3625 2184 3654 validas
2200 3626 2232 3655 &
2254 3624 2352 3656 effica-

1295 3675 1360 3703 σεε,
1376 3674 1430 3702 pro
1452 3663 1533 3693 Parte
1549 3661 1640 3691 nostra
1674 3660 1882 3697 Promittendi,
1897 3658 2106 3699 Concedendi,
2123 3663 2272 3702 Faciendi,
2291 3663 2351 3694 Ex-

1294 3702 1426 3741 pediendi
1437 3724 1446 3739 ,
1460 3700 1621 3737 Tradendi,
1639 3683 1671 3730 ἐι
1687 3698 1861 3741 ;[,ἱῦεςεηάἰ,
1873 3697 2056 3736 juramenta,
2075 3700 2256 3738 Securitates,
2275 3702 2354 3733 Cau-

1295 3743 1400 3779 tiones,
1419 3739 1637 3775 Promissiones,
1655 3736 1850 3775 Obligationes
1889 3735 2011 3775 Poenas,
2029 3739 2146 3776 aliasque
2163 3739 2268 3769 Literas
2280 3750 2354 3771 con-⁷

1296 3780 1392 3810 similis
1406 3776 1525 3809 effectes
1538 3777 1571 3806 &
1585 3776 1692 3812 vigoris
1707 3785 1722 3804 a
1746 3775 1830 3805 dic'tis
1877 3775 2030 3813 rincipibus
2050 3776 2271 3816 consanguineis
2298 3790 2355 3811 no-

1297 3818 1359 3848 stris
1375 3816 1491 3847 Petendi
1507 3817 1540 3846 &
1556 3813 1741 3852 Recipiendi,

1333 3856 1372 3886 Et
1388 3854 1548 3895 generaliter
1564 3853 1661 3882 omnia
1674 3850 1815 3882 Praemiffa
1829 3851 1862 3882 &
1879 3851 2092 3882 Praemissorum
2108 3852 2215 3890 singula
2234 3852 2353 3887 Faciem

1295 3894 1342 3934 di,
1361 3893 1534 3929 Exercendi,
1553 3891 1586 3921 δε
1598 3889 1782 3928 Exequendi,
1801 3899 1883 3927 prout
1895 3892 1933 3919 eis
1955 3891 2055 3920 melius
2078 3891 2217 3922 videbitur
2239 3895 2353 3932 expedi-

1296 3944 1343 3970 re,
1361 3942 1425 3971 quae
1439 3932 1521 3962 talem
1538 3937 1700 3966 tantamque
1713 3927 1784 3958 Vim
1799 3931 1833 3960 &
1847 3927 1995 3958 Effeffiium
2011 3928 2143 3959 volumus
2157 3932 2265 3963 realiter
2277 3937 2353 3972 opti-

1297 3982 1364 4003 nere
1380 3994 1390 4009 ,
1405 3980 1437 4000 ac
1460 3970 1479 4000 si
1503 3978 1535 3998 ea
1557 3969 1586 3997 in
1609 3969 1721 4005 propria
1740 3967 1861 3997 Persona
1883 3966 2042 3996 fecissemus
2056 3990 2065 4005 ,
2083 3977 2239 4008 caeteraque
2256 3976 2354 4005 omnia

1297 4008 1443 4040 Praemissa
1456 4009 1488 4039 &
1501 4015 1600 4037 eorum
1617 4006 1723 4043 singula
1736 4015 1854 4043 quoquo
1871 4004 1961 4035 modo
1981 4009 2181 4038 concernentia
2206 4009 2357 4052 Faciendi,

1297 4046 1456 4084 Firmandi,
1473 4046 1505 4076 δε
1519 4054 1571 4083 pro
1585 4044 1667 4074 Parte
1681 4043 1776 4075 nostra
1789 4043 1981 4080 Perimplendi
2001 4053 2034 4074 ac
2054 4044 2151 4076 debite
2170 4041 2356 4088 Exequendi,

1299 4095 1364 4126 quae
1389 4085 1458 4116 Nos
1478 4085 1569 4115 facere
1591 4082 1735 4121 poliemus
1757 4083 1777 4112 si
1801 4082 1978 4119 personaliter
2000 4083 2216 4124 interessemuS,
2232 4089 2316 4117 etiam
2338 4089 2359 4119 si

1299 4125 1408 4164 majora
1422 4122 1475 4155 fint
1489 4124 1522 4156 ὃς
1537 4119 1711 4154 Mandatum
1725 4121 1761 4153 de
1775 4120 1814 4150 sui
1828 4129 1925 4152 natura
1939 4122 2028 4160 magis
2035 4124 2145 4163 &ignit
2158 4124 2285 4165 speciale:

1787 4157 1819 4190 H
1839 4167 1855 4198 3
2290 4158 2366 4201 Pro}

2322 397 2385 421 Hm.
2406 403 2433 429 7.
