2555 4266
152 145 204 187 30
609 116 1864 171 CONVENTIONES,LITERAE‚

2 216 83 248 Ann.
94 213 136 246 D.
156 215 275 253 Aresto,
293 212 524 248 Disturbatione,
544 209 600 242 five
612 209 799 249 Impetitione
821 210 860 240 eis
882 207 1018 240 faciendis
1032 207 1089 239 five
1104 206 1222 246 dandis,
1255 205 1290 236 lis
1306 203 1460 248 Praemiffis
1476 214 1510 235 ac
1527 203 1732 242 Dependentiis
1751 203 1788 235 ab
1817 203 1923 235 eisdem
1938 205 1948 243 ζ
1974 213 2075 235 omnes
2088 203 2123 237 8c
2140 201 2326 235 omnimodas
2345 202 2413 235 Ann
2435 202 2480 235 D.

28 255 116 294 ¹436-
159 264 207 287 aut
221 255 282 285 fieri
296 253 351 283 sive
364 252 422 282 dari
436 252 466 280 in
483 249 659 288 Corporibus
681 250 738 280 live
761 250 790 278 in
812 249 900 280 Bonis
915 248 945 277 in
960 248 1138 278 contrarium
1159 256 1223 284 per-
1259 244 1444 281 Securitates,
1459 241 1631 281 cautiones,
1647 241 1805 281 Promissa,
1825 242 2042 282 obligationes,
2060 245 2094 274 δε
2113 244 2232 281 Literas,
2251 243 2326 283 figil-
2366 244 2451 284 1436.

6 298 70 322 Heu.
87 294 114 321 6.

18 1563 146 1599 Ann.D.

40 1605 129 1644 1436·

19 1646 73 1672 An.
86 1653 129 1680 14.

18 1686 56 1711 H.
72 1683 100 1711 6.

19 1723 111 1748 Franc.

24 1759 152 1794 ¹4.H.6.

19 1806 60 1826 m,
87 1806 115 1833 7.

48 2850 69 2871 ⁸
86 2852 125 2879 X.

54 2891 123 2928 643.

161 292 301 324 mittendo

200 331 249 362 Set
262 314 403 361 Voiumus
419 326 497 366 quod
513 327 576 357 Vos
590 350 600 365 ‚
626 328 660 358 δε
685 326 802 364 quilibet
824 323 964 354 Vestrum
981 345 990 361 ‚
1012 332 1095 361 prout
1111 322 1146 352 ad
1161 322 1224 352 Vos

160 371 281 410 pertinet
296 390 305 405 ,
334 368 372 396 eis
393 365 590 397 administretis
613 364 732 402 Victus,
758 362 965 400 Conductum,
984 363 1017 393 &
1037 363 1090 392 alia
1104 361 1148 391 sua
1173 370 1224 390 ne-

162 407 274 439 cessaria
284 429 294 443 ,
312 405 332 435 si
346 406 396 443 ipfi
411 415 463 436 vos
477 406 544 435 inde
560 403 731 442 requilierint
741 424 751 440 ,
769 403 803 433 &
824 401 883 431 hoc
902 401 938 431 ad
950 400 1014 434 suas
1028 399 1168 438 Expenfiis
1182 409 1225 429 ra-

161 446 307 478 tionabiles

201 467 329 514 Sciente's
342 481 440 521 quod,
459 482 479 512 si
494 491 547 511 vos
559 490 606 511 aut
625 479 709 516 aliqui
732 477 921 508 Subditorum
937 477 1100 507 nostrorum
1115 476 1225 507 inventi

161 523 271 554 fueritis
284 521 329 552 vel
343 521 446 551 fuerint
459 521 600 551 contraria
616 518 767 554 facientes,
786 526 854 546 tunc
876 515 1037 554 hujusmodi
1057 515 1226 553 delinquen-

162 572 202 592 tes
217 561 305 591 taliter
319 561 466 598 puniemus
487 558 569 598 quod
592 557 726 588 omnibus
747 556 805 585 aliis
831 553 914 584 cedet
933 555 964 584 in
980 563 1114 585 terrorem
1136 553 1225 584 taliter

165 600 242 630 deliri
265 599 364 629 uendi·

202 610 321 668 Prgviso
334 622 444 676 se’mper
458 635 538 673 quod
555 634 664 665 Gentes
679 631 824 671 praedfflae
838 630 889 661 sub
905 630 1007 662 umbra
1021 629 1161 668 praesentis
1174 629 1225 660 sal-

165 678 195 708 vi
212 674 403 713 Conduc'tiis,
421 684 480 704 non
496 674 615 710 faciant,
631 672 746 709 dicant,
765 680 819 700 nec
833 678 983 710 procurent
1003 679 1052 707 per
1065 668 1154 707 ipsos,
1172 677 1226 699 nec

168 725 219 754 per
240 715 325 752 alios,
343 715 500 752 quicquam
522 712 599 751 quod
623 710 722 740 Nobis
736 732 745 746 ,
771 708 910 751 Subditis,
926 707 1055 748 Regnis,
1077 707 1228 738 Dominiis

166 754 284 792 nostris,
301 753 346 783 seu
363 761 463 781 eorum
479 751 561 780 alicui
575 749 658 779 fueri:
671 747 877 787 praejudiciale,

203 792 242 822 Et
256 792 335 830 quod
350 791 459 820 Gentes
473 790 527 818 iliae
541 790 631 826 aliqua
644 786 741 817 Castra
756 785 864 823 nostra,
886 785 1052 822 Forralicia,
1071 783 1125 815 five
1142 783 1228 815 Villas

166 830 288 861 firmatas
303 831 423 860 minime
439 827 646 864 ingiediantur,
664 825 766 863 absque
782 834 816 854 eo
839 824 919 862 qubd
939 825 990 862 ipsi
1008 823 1159 854 Praesentes
1178 824 1229 853 Li-

169 878 240 900 teras
255 869 361 899 nostras
376 868 412 897 de
428 867 501 897 salvo
514 865 672 896 Conductu
689 863 955 901 Gubernatoribus,
974 862 1152 901 Capitaneis,
1171 862 1228 893 sive

167 906 343 938 Custodibus
356 905 523 936 eorumdem
538 904 666 942 primitus
683 901 896 939 demonstrent,

204 946 241 977 E:
257 946 335 984 quod
352 945 430 974 Loca
447 953 494 982 per
510 952 560 972 nos
576 940 683 972 obi'effi
699 950 758 970 non
773 942 997 978 appropinquent
1018 939 1053 970 ad
1069 939 1135 969 duas
1152 939 1230 970 Leu-

168 996 231 1022 αε,
249 985 305 1015 sine
319 981 443 1021 expressa
458 982 591 1012 Licentia
605 980 840 1011 Gubernatorum
854 979 940 1009 dieiae
953 978 1137 1017 Oblidionis,

206 1023 353 1063 Quodque
376 1021 444 1060 ipsi,
470 1020 582 1058 quando
603 1019 638 1049 ad
659 1019 780 1056 aliquem
802 1016 919 1047 Portum
937 1016 1009 1047 dieti
1022 1016 1120 1055 Regni
1139 1017 1230 1049 nostri

167 1062 283 1100 Angliae
298 1060 501 1098 applicuerint,
518 1058 588 1087 Nos
603 1058 639 1088 de
653 1058 775 1087 adventu
789 1055 836 1086 suo
854 1054 1008 1086 certificent
1022 1078 1031 1093 ‚
1047 1058 1083 1086 ad
1099 1054 1188 1087 finem
1202 1064 1234 1087 ut

166 1101 238 1132 Nos
251 1101 292 1130 eis
306 1099 477 1136 ailignemus
493 1096 622 1134 Gentes,
641 1096 675 1126 ad
690 1096 762 1133 ipsos
775 1105 824 1133 per
841 1093 919 1124 idem
941 1093 1084 1132 Regnum
1103 1094 1232 1126 nostrum

169 1139 281 1178 Angliae
299 1135 532 1178 conducendum.
642 1173 647 1178 .

204 1177 239 1208 In
254 1177 334 1216 cujus
347 1199 357 1214 ,
383 1176 443 1206 &c.
463 1178 548 1213 uique
561 1173 596 1204 ad
619 1173 698 1203 diem
718 1171 831 1202 Paschae
848 1173 985 1210 proximo
997 1171 1128 1203 futurum
1151 1172 1233 1204 dura-

169 1224 251 1248 turas.

241 1253 330 1287 Teste
348 1253 434 1291 Rege
451 1251 523 1290 apud
543 1247 821 1289 Wstmonasterium,
838 1248 958 1280 decimo
974 1249 1070 1281 Nono
1077 1250 1124 1281 die
1132 1250 1214 1282 Maii.

738 1328 792 1356 Per
807 1328 901 1357 Breve
914 1326 946 1357 de
961 1329 1082 1358 Privato
1100 1326 1202 1367 sigillo.

1068 1415 1233 1424 ἳ-ιι--Ᾱ

346 1475 396 1508 De
417 1471 590 1506 Tranana'o
614 1483 683 1505 cum
704 1470 897 1518 Adverfizrio
919 1474 1062 1507 Franciae.

170 1558 298 1615 REX
317 1559 471 1597 omnibus,
488 1559 523 1590 ad
537 1569 625 1598 quos,
641 1559 702 1590 ὅτε.
720 1557 857 1589 Salutem.

268 1599 354 1630 Dum
369 1608 433 1628 ante
445 1597 552 1629 nostrae
565 1599 666 1628 mentis
679 1597 779 1628 oculos
796 1597 957 1629 reducimus
968 1597 1054 1637 illud,
1073 1601 1134 1631 tam
1160 1600 1236 1631 sum-

170 1648 271 1677 mum,
292 1639 409 1675 t'amque
426 1637 582 1674 singulare,
601 1637 634 1667 δε
651 1636 805 1674 excellem,
825 1636 957 1675 Bonum,
975 1639 1053 1676 quod
1073 1639 1157 1669 nobis
1176 1639 1237 1669 Re-

170 1678 306 1715 demptor
322 1675 434 1714 noster,
452 1685 487 1706 ex
503 1677 556 1706 hac
572 1677 628 1705 vita
643 1675 758 1705 mortali
774 1675 987 1714 tranfiturus‚in
1003 1675 1122 1707 Ultimo
1137 1677 1240 1708 Testa-

170 1725 269 1785 }nento
284 1715 414 1782 reliquit,
433 1714 559 1752 Dicens,
579 1716 676 1744 Pacem
692 1724 779 1742 meam
794 1713 827 1742 do
848 1713 925 1743 vohis
939 1737 950 1752 ,
974 1716 1073 1745 Pacem
1094 1727 1181 1746 meam
1198 1727 1241 1746 re-

183 1768 192 1786 l
232 1765 265 1784 uo
281 1765 317 1784 UO
337 1764 359 1783 15

193 1766 282 1832 ntqua
295 1793 348 1823 rite
366 1776 470 1822 servata
483 1791 621 1830 Dampna
641 1790 827 1829 irreparabilIa
840 1791 874 1822 &
895 1790 1114 1823 innumerabilia
1141 1792 1237 1832 Mala,

173 1842 241 1871 quae
254 1831 430 1899 Gugrrarum
446 1831 658 1861 continuatione
672 1829 781 1860 diutina
792 1828 1005 1870 succreverant,
1024 1831 1128 1862 debere
1137 1832 1242 1863 ceffare

175 1881 235 1902 non
253 1879 299 1900 am
322 1878 468 1907 igmarus,

213 1910 347 1940 Libenter
362 1916 456 1938 toturn
470 1906 570 1937 Animi
585 1906 733 1938 Conatum
741 1908 936 1939 convertimus
944 1906 1019 1939 hanc
1028 1905 1108 1938 Rem
1123 1908 1242 1940 Sacram

173 1947 314 1986 Prosequi
328 1955 396 1977 cum
412 1945 518 1977 effe<stu
526 1968 538 1985 ,

213 1986 256 2017 Ea
277 1994 412 2024 propter,

211 2023 395 2055 Confidentes
412 2022 584 2059 singulariter
606 2022 642 2052 de
662 2022 808 2054 Fidelitate
821 2046 830 2062 ‚
850 2021 1121 2061 Circumspefflone
1135 2034 1240 2064 appro-

175 2065 262 2102 bata,
278 2062 418 2099 Scientia‚
436 2061 684 2092 Conscientiarum
702 2063 837 2100 puritate,

212 2101 398 2134 mediorum
415 2100 529 2138 Nobis,

212 2140 326 2172 Ricardi
342 2143 425 2168 Ducis
440 2139 559 2168 Eborum
578 2138 722 2169 Generalis
739 2139 854 2169 Locum
871 2138 1000 2170 nostrum
1016 2142 1153 2179 tenentis,

210 2179 250 2249 {t
264 2177 439 2222 Venerabilis
452 2179 482 2207 in
498 2177 616 2208 Christo
640 2176 729 2208 Patris
743 2178 883 2208 Ledo-wiri
896 2177 1063 2209 cancellarii
1078 2179 1178 2219 nostri,

238 2227 345 2249 ranciae

212 2256 322 2287 Ricardi
333 2240 443 2285 Civnitis
459 2254 491 2284 de
505 2257 605 2284 Sarum
617 2277 628 2292 ,

214 2294 358 2326 Willielmi
378 2297 494 2323 Comitis
511 2292 643 2331 Suffolciae
653 2315 662 2330 ‚

214 2334 504 2373 Consanguineorum
524 2331 707 2371 nostrorum,

216 2372 358 2412 Johannis
376 2369 498 2409 Fastoff,

216 2412 265 2444 Ac
279 2409 417 2448 Radulphi
435 2412 521 2448 Sage,

217 2449 374 2487 Militum,

214 2488 447 2519 Consiliariorum
459 2485 624 2517 nostrorum
633 2508 644 2524 ,

211 2528 258 2558 Ad
275 2526 405 2557 Laudem
418 2527 452 2557 &
467 2525 624 2555 Honorem
646 2522 865 2561 Omnipotentis
879 2522 956 2561 Dei,
975 2525 1009 2555 &
1024 2533 1139 2564 propter
1155 2524 1246 2555 vitan-

179 2567 245 2598 dam
258 2565 389 2596 Humani
409 2564 557 2601 Sanguinis
577 2561 772 2598 Effusionem,
792 2571 826 2591 ac
851 2563 886 2593 ad
902 2563 1127 2594 Removendum
1147 2562 1242 2601 supra-

176 2605 255 2636 dieta
271 2603 368 2642 Mala,
385 2612 500 2633 necnon
513 2610 544 2632 ut
559 2601 658 2640 Qiieti
678 2600 864 2631 Subditorum
889 2601 1052 2632 nostrorum
1077 2602 1247 2641 utrobique,

178 2654 229 2683 per
246 2643 358 2674 Bonum
370 2641 472 2680 Pacis,
490 2640 637 2672 auxiliante
651 2638 804 2676 Domino,
822 2639 926 2670 utiliter
942 2640 973 2671 fit
988 2641 1151 2678 provisum,

215 2681 308 2720 Ipsos,
649 2679 691 2707 W
689 2676 829 2707 illielmum
837 2700 847 2716 ‚

215 2720 362 2751 Ricardum
367 2743 378 2758 ‚
642 2715 806 2786 {ohannem
813 2739 824 2754 ‚

215 2759 389 2790 Lodowicum
397 2781 408 2797 ,
669 2764 680 2786 t
697 2754 868 2793 Radulphum
874 2777 885 2793 ‚

217 2797 365 2828 Ricardum
375 2820 385 2835 ‚

218 2836 238 2856 ³*
260 2837 306 2867 Ac
321 2844 422 2866 eorum
436 2834 557 2873 fingulos
571 2831 680 2863 nostros
696 2831 914 2862 Ambaffiatores
929 2854 939 2870 ,
964 2831 1100 2861 Oratores
1135 2827 1245 2873 Procu-

180 2883 297 2945 gtqffis,
315 2872 550 2944 &mgiscsssioffi
568 2872 754 2939 Deputatorsi,
762 2870 945 2939 {effundes
958 2870 1089 2908 speciales
1118 2878 1244 2906 acrinus,

756 2920 773 2938 f.
893 2922 898 2926 .

214 2923 438 2989 bafflsussque
451 2922 512 2988 &¹3
532 2919 733 2980 ἀὲῌὲἓξιΐξξῑυ
756 2958 789 2991 ac
813 2919 1027 2978 Dffiisseratione
1048 2945 1175 2990 Concilii
1189 2954 1243 2974 no-

184 2989 252 3030 stri,
269 2991 390 3022 Tenore
412 2988 596 3019 Praesentium
611 3010 622 3026 ,
647 2985 845 3017 Concedimus
864 2986 970 3017 eisdem
991 2985 1046 3016 Sex
1060 3008 1070 3024 ,
1088 2986 1169 3024 Quin
1191 2994 1245 3022 ue,

181 3030 330 3069 Quatuor,
348 3037 383 3059 ac
397 3028 554 3069 Tribuslex
577 3027 616 3056 eis
629 3048 638 3064 ,
667 3023 939 3063 Ambaffiatoribus,
958 3023 1125 3055 Oratoribus
1139 3047 1149 3062 ,
1198 3032 1244 3053 ro·

181 3068 379 3105 curatoribus,
394 3064 621 3102 Commissariis,
638 3062 806 3101 Deputatis,
823 3063 857 3094 &
878 3064 1007 3094 Nunciis
1028 3062 1129 3093 nostris
1143 3062 1244 3100 praedi-

182 3108 252 3145 ostis,
268 3105 442 3137 Potestatem
458 3103 624 3148 plenariam,
644 3103 677 3134 &
697 3101 887 3140 Mandatum,
905 3103 965 3133 tarn
979 3102 1106 3141 generale
1119 3124 1129 3140 ,
1156 3101 1244 3140 quarn

181 3145 317 3184 speciale,
333 3154 388 3184 pro
402 3141 501 3173 Nobis
535 3142 569 3172 &
584 3141 716 3172 Nomine
732 3139 831 3170 nostro
844 3163 854 3179 ,
872 3150 906 3171 ac
922 3141 1061 3179 utriusque
1082 3139 1243 3170 nostrorum

185 3183 301 3227 Angliae
314 3184 349 3215 ὃ(
363 3182 492 3226 Franeiiz
507 3164 882 3223 Regnorum,nDominiis,
899 3180 933 3210 &
946 3179 1086 3223 Subditis,
1103 3188 1137 3209 ac
1159 3178 1244 3220 Ami-

187 3231 229 3252 cis
241 3221 358 3260 nostris,
375 3230 409 3252 ac
425 3219 484 3250 alus
497 3219 582 3249 nobis
595 3217 736 3256 Alligatis,
762 3216 993 3255 Confoederaus,
1014 3219 1048 3249 ὃς
1065 3217 1245 3248 Adhaerenti-

186 3260 240 3303 bus
256 3260 498 3303 quibuscumque,
515 3256 626 3302 Diebus
639 3256 673 3287 &
690 3255 797 3293 Locis,
814 3256 848 3300 ad
863 3258 920 3287 hoc
932 3257 1078 3300 'congruis
1101 3265 1184 3295 atque
1196 3264 1245 3291 ap-

187 3298 412 3378 mxxiii
427 3297 644 3372 2¹32&ss
655 3292 1246 3371 ffiss⁰fflssssss¹ffffizssi¹ssisss⁰5¹0ffissfiffiss

191 3372 356 3416 DeputatiS‚
373 3374 406 3416 &.
420 3373 548 3405 Nunciis
562 3395 573 3411 ‚
596 3382 630 3403 ac
647 3371 870 3415 quibuscumque
893 3371 1047 3415 Personisn,
1072 3371 1244 3414 Potestatem

192 3411 382 3442 sufficientem
397 3420 427 3440 in
445 3411 499 3442 hac
540 3420 596 3442 arte
615 3411 783 3441 habentibus
797 3432 807 3448 ,
832 3409 1050 3447 Conveniendi,
1068 3408 1248 3440 Communi-

192 3449 296 3486 candi‚
316 3447 489 3492 Tra&andi,
556 3448 728 3487 triponendi,
747 3447 910 3478 Paciscendi
926 3470 936 3486 ,
960 3448 1168 3487 Traniigendi,
1189 3449 1249 3486 Ap-

189 3486 382 3558 }iinfflrandi,
399 3496 432 3516 ac
447 3487 530 3524 plene
547 3490 580 3520 &
593 3487 708 3519 finaliter
725 3485 928 3517 Concluderidi
941 3486 975 3518 &
984 3485 1189 3519 Concordandi
1207 3490 1243 3519 de

222 3536 272 3557 ace
373 3533 436 3560 tua,

237 3534 385 3607 Acpetierapten
399 3562 521 3601 Treugis
533 3562 588 3594 five
615 3564 787 3596 Guerrarum
809 3562 995 3594 Abstinentiis
1028 3573 1144 3594 necnon
1166 3562 1201 3593 de
1220 3563 1253 3594 &

200 3603 279 3640 super
292 3602 427 3645 omnibus
442 3600 681 3644 Contentionibus
695 3626 705 3640 ,
731 3601 966 3640 Quaestionibus,
984 3586 1119 3640 duerns,
1137 3601 1253 3640 Caufis,

205 3641 240 3672 &
256 3640 405 3679 QiereliS‚
424 3638 551 3676 Liuiam,
568 3638 742 3678 Demandis,
760 3642 794 3673 &
809 3640 925 3671 Debatis

247 3679 318 3710 Una
333 3688 401 3709 cum
417 3677 552 3720 omnibus
572 3676 624 3706 suis
644 3677 873 3710 Circumstantiis
886 3702 897 3718 ,
921 3662 1161 3717 Emergennbus,
1179 3677 1256 3709 Inci-

204 3715 352 3755 dendbus,
368 3714 618 3754 Dependenubm,
635 3715 668 3746 ὃς
687 3716 850 3757 Connexis,

241 3758 321 3785 Inter
336 3757 413 3798 N⁰²<>
430 3756 463 3785 &
486 3754 518 3784 R
596 3775 606 3790 ‚
624 3752 816 3793 Dominiaque
838 3756 931 3787 nostra
945 3779 955 3795 ,
980 3755 1114 3786 Subditos
1127 3754 1237 3786 nostros
1248 3777 1258 3793 ‚

204 3802 322 3824 necnon
343 3793 485 3830 Alligatos
498 3815 508 3830 ‚

208 3868 270 3898 liter
360 3879 395 3898 ue
408 3878 492 3899 motis
506 3870 562 3900 five
577 3868 762 3906 pendentibus
771 3891 781 3905 ,
799 3878 832 3898 ex
846 3871 944 3910 altera,

231 3905 443 3949 ¹Universaque
462 3909 496 3939 δε
515 3907 639 3945 singula,
656 3915 723 3944 quae
737 3907 809 3936 inter
822 3917 869 3937 eos
881 3909 1077 3947 Appunecuari
1091 3934 1101 3950 ,
1125 3910 1260 3942 Conclu-

208 3942 256 3988 di,
274 3945 307 3974 δε
323 3943 500 3987 Concorin
514 3968 524 3983 ‚
547 3945 683 3983 Firmari,
700 3944 734 3975 ὅ(
755 3944 907 3976 &Rimari
930 3952 1097 3989 contigerit,
1114 3959 1164 3987 per
1178 3949 1259 3981 Fidei

207 3981 467 4025 interpositionem,
485 3982 727 4021 &Juramentum
740 4007 751 4022 ‚
774 3983 809 4013 ad
830 3982 931 4014 Sancta
954 3986 1011 4018 Dei
1030 3989 1180 4028 Evangelia
1226 3990 1257 4019 in

210 4020 348 4052 Animam
360 4020 486 4052 nostram
500 4021 708 4060 praestandum,
721 4031 755 4053 ac
769 4021 805 4052 de
818 4022 851 4054 &
869 4022 947 4060 super
960 4028 1094 4058 omnibus
1109 4031 1142 4059 ὅτ
1163 4013 1256 4068 strigu-

585 3790 755 3822 nfoederatos
770 3815 780 3830 ,
805 3795 838 3824 δε
860 3795 928 3825 alios
949 3795 1046 3826 Nobis
1075 3794 1260 3826 Adimentes

207 3831 416 3874 quoscumque,
431 3839 558 3874 exparte
576 3839 648 3866 una,
666 3830 700 3859 &
712 3830 813 3859 ditium
826 3833 1029 3872 Adversarium
1040 3833 1172 3874 nost-rum,
1189 3842 1260 3872 qua·

1261 282 1328 312 latas
1351 283 1384 313 δι
1407 281 1561 318 figillandas
1583 281 1720 312 Nomine
1739 280 1837 310 nostro
1852 304 1863 319 ,
1887 280 2078 313 Concedendi
2091 304 2101 320 ,
2124 282 2276 321 Faciendi,
2295 282 2329 313 &
2347 286 2411 310 Ηειι.
2427 284 2454 309 6.

1263 320 1440 358 Expediendi'
1454 321 1522 350 sicut
1537 321 1576 350 eis
1589 319 1689 350 melius
1705 319 1847 349 videbitur
1861 319 1992 357 expedire
2029 331 2094 360 quae
2112 321 2198 352 talem
2207 330 2330 352 tantam-

1263 369 1319 397 que
1336 358 1408 403 Virri
1418 381 1428 397 ,
1445 358 1656 389 Auctoritatem
1666 381 1677 396 ,
1697 358 1731 389 ὃς
1747 356 1897 401 Effecifflm
1914 342 2054 389 Voluniius
2068 359 2173 390 realiter
2186 361 2331 398 optinere,

1263 407 1297 428 ac
1314 396 1334 427 fi
1350 407 1382 427 ea
1398 407 1428 427 in
1441 396 1564 427 Persona
1579 398 1690 435 propria
1704 395 1901 434 Fecissemus,

1263 434 1470 504 αςέῑὲιζαςυε
1482 436 1582 504 οηὲῃίε
1596 436 1630 479 ὃς
1645 435 1758 504 fildgfflf'
1769 433 1970 505 ilrifiPraeAEnissgsc
1976 433 2136 503 Concssusa,
2153 435 2330 468 Concorda-

1265 473 1781 551 ifflplendlffiztffdegffedffieggengi
1791 532 1800 549 ,
1809 482 1937 542 ceigiaissfi
1958 483 2067 550 mgigra
2082 483 2138 542 {trie
2149 475 2333 551 {Zgrrgsgg‘

1265 552 1300 582 &
1323 550 1493 593 Mandatum
1507 550 1543 580 de
1556 551 1597 580 sui
1612 551 1710 581 natura
1726 551 1816 590 magis
1829 551 1940 589 exigant
1956 550 2075 588 speciale
2087 572 2098 588 ,
2116 551 2150 582 &
2172 561 2235 588 quae
2252 536 2333 583 Nos3

1266 596 1326 632 met
1340 588 1390 632 ipfi
1403 588 1497 619 facere
1514 589 1660 626 possemus
1676 589 1694 619 fi
1709 589 1886 625 personaliter
1905 588 2056 620 Praesentes
2078 588 2200 619 effemus
2220 591 2249 620 in
2273 590 2332 621 Ex-

1266 626 1418 665 plicatione
1432 627 1466 657 &
1483 626 1679 658 Conclufione
1696 627 1920 658 Praemissorum.

1303 664 1569 709 Promittirnusque,
1587 666 1664 696 bona
1679 665 1735 696 fide
1751 667 1784 697 &
1798 666 1828 696 in
1844 665 1944 697 Verbo
1957 666 2073 705 Regio,
2090 667 2120 697 in
2142 666 2196 697 hiis
2212 666 2331 705 Scriptis

1268 703 1349 741 quod
1364 713 1462 734 omnia
1475 705 1510 736 δε
1525 703 1649 741 singula,
1667 714 1733 742 quae
1747 706 1776 734 in
1786 704 1940 735 Praemiffis
1947 705 1993 735 vel
2007 706 2083 737 circa
2098 715 2130 736 ea
2146 715 2196 743 per
2211 705 2336 737 Ambas-

1268 742 1397 780 siatores,
1416 741 1571 780 Oratores,
1589 741 1786 773 Procuratores
1800 765 1810 781 ,
1834 742 2057 774 Commissarios
2071 766 2082 783 ,
2107 743 2283 782 Deputatos,
2303 746 2337 776 δε

1268 780 1408 810 Nuncios
1422 780 1532 810 nostros
1550 781 1702 820 praedictos
1723 781 1778 812 Sex
1795 803 1805 818 ‚
1829 782 1969 821 Quinque
2020 783 2152 821 Quatuor
2187 791 2234 814 aut
2259 783 2336 814 Tres

1268 818 1391 887 ifgsorum
1406 817 1864 887 {ommgficamspAppunfssuam
1874 843 1883 858 ‚
1904 805 2048 865 Conglusa
2064 844 2074 860 ,
2103 821 2137 852 &
2150 805 2336 866 concordata

1272 865 1772 965 msstsqfass‘ssg'rcnus‘iffv'roilssffiie}
1788 858 1956 928 ἓὶἓέἳίἒῗ
1978 869 2032 898 pm
2059 868 2198 899 ΝΜΟ
2218 861 2339 892 mm*

1325 944 1343 964 n
1363 943 1399 964 cu
1413 943 1458 972 us,
1513 943 1539 964 c.

1344 972 1403 1003 Tei
1416 982 1432 1003 e
1450 972 1534 1013 Rege
1552 971 1626 1011 apud
1645 971 1902 1013 Wstmonasterium
1917 997 1927 1013 ,
1943 976 2081 1006 vicesimo
2104 975 2150 1006 die
2166 975 2250 1008 Maii.

1754 1056 1808 1085 Per
1828 1056 1922 1086 Breve
1941 1055 1975 1085 de
1993 1058 2115 1087 Privato
2131 1057 2233 1097 sigillo.

1274 1189 1324 1222 De
1342 1187 1512 1223 Traaffando
1522 1190 1614 1237 fitper
1637 1186 1826 1236 Sponfizlibus
1850 1200 1919 1223 cum
1947 1192 2151 1237 primogenita
2170 1191 2253 1225 Filia
2273 1191 2341 1225 Ad-

1679 1239 1812 1284 verfizrii
1829 1237 1973 1284 predii-li.

1282 1329 1409 1385 REX
1428 1328 1575 1373 Omnibus
1587 1326 1695 1358 Christi
1711 1327 1909 1373 Fidelibus‚ad
1924 1329 2150 1373 quospraeientes
2166 1331 2271 1363 Literae
2279 1341 2344 1369 per·
2360 1337 2436 1370 Arm,
2452 1337 2496 1368 D,

1316 1366 1652 1451 rfflzffigfflffi
1663 1367 2346 1450 31513533,¹2<333ffi13352{3s{?‚3b31⁵2²323?AEss
2362 1380 2470 1444 21¹„†³.⁶·

1280 1453 1390 1488 ratione
1406 1446 1579 1489 prospiciens
1593 1467 1603 1483 ,
1629 1443 1728 1474 Primo
1748 1444 1975 1488 Dominantium
1991 1446 2106 1483 Legem
2126 1447 2220 1486 dedit,
2239 1448 2294 1487 qua
2312 1448 2346 1479 &
2365 1428 2478 1484 116st-

1280 1484 1488 1528 ejus-frueretur
1506 1483 1658 1529 Bqflssn&
1674 1482 1806 1520 Spemem
1828 1485 2007 1515 continuaret
2024 1485 2232 1525 imposterum,
2252 1487 2344 1524 Adju-
2362 1499 2452 1523 Franc.

1280 1531 1346 1553 torii
1362 1524 1412 1554 sibi
1424 1523 1482 1552 dati
1498 1522 1506 1551 l
1543 1523 1624 1552 itima
1637 1521 1761 1558 gaudens
1774 1521 2065 1562 Conjunetione‚fiib
2081 1524 2196 1555 sincerae
2211 1526 2343 1556 dilectio-
2365 1543 2398 1569 ¹4
2416 1533 2489 1560 36.

1283 1562 1326 1591 nis
1340 1571 1373 1592 ac
1388 1562 1509 1592 Animae
1574 1559 1713 1603 Corporis
1727 1561 1850 1599 unitate,
1870 1571 1903 1592 ex
1919 1563 1997 1599 cujus
2010 1561 2101 1602 legalis
2117 1563 2344 1603 Conjunffionis
2358 1556 2453 1601 msa,

1282 1599 1405 1630 Foedere
1418 1600 1583 1638 plerumque
1615 1607 1727 1629 rovenit
1741 1598 1810 1629 Deo
1825 1609 1904 1636 grata
1926 1600 2065 1639 Soboles,
2083 1600 2248 1633 Procreati'o
2262 1604 2344 1634 linia—

1281 1638 1333 1676 lis,
1350 1637 1499 1669 Succeffio
1513 1636 1581 1668 Con
1593 1638 1801 1680 anguineomm
1824 1638 1893 1668 hinc
1913 1639 1946 1670 &
1965 1639 2032 1670 inde
2050 1639 2194 1672 laudabilis
2215 1641 2346 1680 Alligan-

1283 1678 1340 1721 tia,
1357 1677 1474 1708 Amoris
1489 1676 1620 1707 Soliditas
1644 1685 1674 1706 in
1695 1675 1818 1707 Diieffls
1832 1698 1842 1714 ,
1866 1678 1900 1708 &
1914 1678 1945 1707 in
1971 1677 2209 1710 Discordantibus
2223 1682 2269 1711 via
2292 1680 2347 1712 Pa-

1286 1725 1344 1747 cis:

1319 1754 1397 1785 Haec
1413 1754 1487 1785 dum
1501 1754 1618 1783 intemae
1634 1751 1874 1784 Confiderationis
1888 1754 1978 1785 oculo
1990 1756 2162 1788 revolvimus
2178 1780 2188 1796 ,
2214 1766 2350 1796 appeten-

1286 1802 1326 1824 tes
1341 1793 1475 1836 praediQa
1487 1790 1623 1836 Proficua
1634 1792 1766 1836 nobis&
1775 1792 1882 1824 nostrae
1897 1792 2093 1834 Reipublicae,
2103 1805 2158 1834 pro
2171 1796 2268 1826 nostro
2276 1805 2353 1827 tern-

1285 1831 1760 1915 poffiifulssssltleslyauttriguzgeleqrrlir?
1768 1854 1809 1901 ³&
1831 1869 2024 1902 Credibiliurn
2046 1871 2235 1903 Personarum
2250 1873 2352 1904 crebra

1285 1909 1438 1941 Relatione
1452 1907 1555 1939 nostris
1569 1908 1682 1938 auribus
1695 1908 1872 1947 inculcante,
1890 1918 1991 1948 quanta
2006 1912 2035 1941 in
2051 1934 2061 1949 ,
2089 1911 2108 1930 ⁴⁸
2128 1911 2350 1943 Praeclariffimis

1284 1959 1319 1979 ac
1333 1948 1457 1979 Dilechs
1471 1946 1570 1977 Nobis
1604 1945 1725 1977 Filiabus
1745 1947 1845 1977 Karoli
1865 1948 1897 1978 de
1918 1947 2043 1989 Valqfio,
2062 1949 2207 1980 Avunculi
2235 1953 2268 1982 &
2286 1951 2350 1982 Ad-

1284 1986 1395 2018 versarii
1410 1985 1501 2016 nostri
1518 1985 1548 2014 in
1563 1969 1696 2024 ffrancia,
1723 1985 1851 2017 refloreat
1873 1987 1995 2018 Generis
2015 1988 2179 2026 Nobilitas,
2199 1990 2292 2027 vigoet
2315 1990 2349 2020 ὃς

1285 2025 1410 2057 Morum
1423 2023 1568 2062 honestas,
1586 2023 1621 2053 ad
1637 2023 1766 2054 Laudem
1782 2024 1840 2055 Dei
1863 2025 1897 2056 &
1918 2025 2121 2064 praedictorum
2136 2026 2284 2058 Bonorum
2303 2037 2351 2058 ex-

1285 2064 1446 2103 pletionem
1462 2086 1472 2102 ,
1495 2072 1609 2093 necnon
1625 2072 1680 2101 pro
1692 2061 1862 2094 Concordia
1880 2064 1913 2095 &
1934 2063 2010 2095 Pace
2029 2068 2103 2095 inter
2122 2068 2183 2097 Nos
2200 2068 2232 2098 ὅ(
2252 2067 2356 2096 diHum

1284 2101 1464 2135 Avunculum
1479 2100 1517 2136 όν
1534 2101 1742 2141 Adverfirim
1758 2102 1893 2142 nostrum,
1911 2102 1980 2133 Deo
1995 2105 2122 2142 praevio,
2142 2104 2244 2136 futuris
2257 2106 2352 2136 Tem-

1284 2143 1421 2186 poribus,
1436 2140 1603 2185 stabilienda
1617 2162 1626 2179 ,
1653 2139 1880 2179 primogenitam
1907 2151 2021 2181 earum,
2037 2143 2082 2174 vel
2107 2142 2202 2173 saltem
2225 2143 2300 2174 illam
2315 2143 2352 2175 de

1285 2181 1369 2212 dictis
1391 2179 1513 2210 Filiabus
1538 2189 1625 2217 quam
1639 2178 1675 2209 ad
1690 2179 1748 2210 hoc
1756 2189 1806 2217 per
1820 2179 1932 2210 nostros
1949 2179 2171 2212 Commiffarios
2186 2181 2351 2213 duxerimus

1288 2218 1458 2258 Eligendam
1467 2241 1478 2256 ,
1494 2226 1675 2261 peroptamus
1689 2218 1793 2262 babere
1806 2217 1973 2258 Conjugem
1987 2221 2021 2252 &
2035 2219 2224 2258 Consonem,

1319 2258 1402 2289 Hinc
1416 2257 1458 2288 est
1470 2256 1553 2296 quod
1565 2257 1601 2287 de
1614 2255 1637 2286 F
1638 2256 1778 2294 idelitate‚
1796 2255 1960 2296 Prudentia,
1977 2258 2011 2289 δε
2028 2257 2316 2299 circumspectione,

1325 2296 1541 2327 Cariffimorum
1560 2294 1781 2326 Avunculorum
1796 2294 1982 2335 nostrorum,

1325 2337 1440 2366 Henrici
1459 2333 1616 2364 Cardinalit
1631 2333 1764 2372 Angliae,

1327 2373 1366 2405 Et
1385 2372 1502 2411 Philippi
1521 2375 1605 2402 Ducis
1623 2373 1809 2411 Burgundiae,

1325 2412 1540 2443 Venerabilium
1553 2412 1583 2440 in
1603 2410 1724 2442 Christo
1740 2411 1858 2442 Parrum
1867 2433 1878 2449 ‚

1321 2450 1465 2491 Johannis
1480 2448 1679 2489 Archiepxfiopi
1697 2450 1818 2479 Eborum
1827 2472 1837 2487 ,

1323 2490 1467 2520 Ladmuici
1482 2487 1602 2528 Epifiopi
1615 2488 1797 2529 Morivenfis‚
1817 2487 1987 2519 Cancellarii
2001 2488 2090 2520 nostri
2105 2489 2253 2528 franciae,

1328 2527 1481 2598 gVillielmi
1495 2526 1617 2566 Episcopi
1633 2526 1818 2567 Norwicenfis
1827 2550 1837 2565 ,

1357 2577 1375 2598 c

1322 2591 1510 2636 Dile’&0rum
1529 2602 1819 2642 Conlanguineorum
1838 2601 2021 2641 nostrorum,

1325 2643 1470 2683 Johannis
1485 2646 1595 2673 Comitis
1616 2643 1831 2679 Huntingdoniae
1839 2664 1850 2680 ‚

1325 2685 1368 2713 W
1368 2681 1470 2713 illielmi
1489 2685 1600 2711 Comitie
1618 2679 1766 2720 Sfflffle,

1281 2757 1310 2798 f
1322 2721 1473 2790 ljecnon,
1492 2720 1592 2751 dilecti
1607 2720 1640 2751 &
1659 2719 1746 2750 fidelis
1765 2718 1875 2757 nostri,
1901 2717 2020 2750 Walteri
2042 2722 2155 2752 Domini
2177 2720 2211 2751 de
2226 2723 2357 2762 Hunger-

1305 2770 1334 2789 or
1362 2784 1370 2799 ³

1323 2799 1440 2830 Plenius
1458 2796 1652 2836 confidentes,

1323 2838 1372 2868 Ad
1392 2837 1628 2868 Contrahendum
1647 2833 1809 2878 Sponlalia,
1830 2842 1881 2871 per
1895 2833 1983 2864 verba
2003 2833 2039 2864 de
2061 2833 2174 2871 fisturo,
2190 2831 2235 2865 seu
2251 2833 2357 2865 Matri-

1287 2878 1417 2907 monium
1431 2886 1481 2914 per
1496 2876 1583 2905 verba
1606 2876 1642 2905 de
1667 2873 1812 2911 praesenti,
1830 2872 2056 2915 cum-praedi&
2076 2872 2291 2910 Primogenita,
2309 2872 2357 2902 vel

1286 2916 1336 2945 alia
1351 2915 1386 2945 de
1401 2914 1546 2952 praedictis
1565 2913 1686 2943 Filiabus
1708 2922 1794 2950 quarn
1818 2921 1865 2948 per
1884 2909 1979 2942 dictos
2001 2910 2219 2941 Commiffarios
2243 2910 2359 2941 nostros

1289 2953 1451 2985 duxerimus
1464 2952 1654 2990 Eligendam,
1672 2959 1857 2989 quocumque
1878 2949 1970 2979 modo
1991 2949 2211 2980 convenientius
2225 2950 2259 2981 &
2274 2949 2354 2980 ordi-

1288 2993 1402 3023 nantius
1420 2992 1456 3022 de
1468 2991 1535 3030 Jure
1552 2990 1612 3021 fieri
1629 2990 1732 3031 poterit
1746 3012 1756 3026 ,
1789 3027 1794 3030 Ι

1322 3030 1362 3061 Et
1379 3033 1409 3061 in
1427 3031 1566 3068 eandem,
1581 3030 1649 3068 Jure
1669 3026 1879 3070 Sponsaliorum
1894 3033 1925 3056 ut
1941 3026 1972 3055 in
1986 3025 2006 3056 S
2046 3025 2124 3056 usam
2140 3048 2150 3064 ,
2174 3024 2222 3055 seu
2245 3022 2350 3056 Mani-

1287 3070 1380 3100 monii
1396 3077 1426 3099 ut
1439 3070 1470 3098 in
1484 3068 1620 3099 Uxorem
1629 3090 1640 3106 ,
1658 3066 1791 3097 Nomine
1805 3063 1905 3094 nostro
1921 3062 1970 3094 Co
2002 3064 2147 3103 entiendi,

1323 3108 1370 3138 Ac
1388 3108 1474 3137 verba
1493 3106 1708 3144 Sponsaliorurn
1723 3104 1768 3134 seu
1790 3102 1972 3145 Matrimonii
1992 3103 2029 3133 de
2050 3103 2178 3140 pi-aesenti
2192 3112 2239 3141 per
2260 3102 2347 3141 ipsam

1284 3145 1536 3182 primogenitam,
1553 3145 1598 3175 vel
1614 3154 1663 3181 per
1677 3153 1743 3173 eam
1763 3150 1849 3179 quam
1867 3144 1905 3171 iic
1919 3163 1930 3178 ,
1954 3149 1984 3171 ut
2008 3142 2208 3179 praemittitur,
2235 3141 2348 3172 duxeri-

1285 3194 1349 3215 mus
1368 3182 1558 3221 Eligendam,
1576 3183 1641 3212 vice
1660 3180 1758 3212 mutua
1774 3179 1955 3217 Proferendi,

1325 3222 1361 3253 Et
1381 3221 1559 3252 Consensum
1578 3222 1608 3250 in
1627 3220 1696 3250 Nos
1712 3242 1722 3257 ,
1747 3228 1798 3256 per
1823 3218 1931 3248 dietam
1955 3216 2205 3257 Primogenitam,
2222 3218 2275 3249 ’vel
2297 3230 2348 3257 per

1286 3263 1296 3292 i
1318 3261 1374 3291 sain
1414 3270 1478 3303 uam
1494 3260 1549 3303 sic,
1563 3268 1600 3303 *ut
1612 3258 1810 3300 praemittitur,
1825 3256 1984 3287 duxerimus
2001 3256 2191 3295 Eligendam,
2211 3257 2348 3290 Praeben-

1307 3294 1812 3381 uffigwggiffieffqiagtcmfficuffipffigi
1818 3316 2054 3378 'procuratoribus
2068 3355 2078 3371 ‚
2091 3332 2268 3377 ¹Parentibus
2276 3360 2286 3374 ,
2311 3338 2344 3368 &

1287 3376 1398 3406 Amicis
1411 3374 1532 3413 ejusdem
1550 3374 1779 3415 Primogenitae,
1794 3371 1839 3401 vel
1852 3381 1911 3408 ejus
1922 3370 1958 3401 de
1972 3372 2055 3402 dicCtis
2066 3371 2187 3403 Filiabus
2195 3383 2280 3412 quam
2290 3375 2328 3406 fic
2336 3398 2348 3414 ‚

1286 3424 1317 3444 ut
1335 3414 1533 3451 praemittitur,
1550 3412 1709 3442 duxerimus
1721 3409 1906 3448 agendam,
1925 3409 1962 3440 de
1985 3410 2083 3448 Dote,
2101 3410 2262 3451 Dotalitio,
2279 3413 2347 3444 Do·

1286 3453 1403 3482 natione
1418 3459 1532 3489 propter
1545 3449 1687 3487 Nuptias,
1704 3458 1737 3479 ac
1751 3449 1829 3478 Arris
1849 3448 1880 3477 in
1899 3449 1952 3478 bac
1974 3457 2050 3486 parte
2066 3448 2296 3491 Constituendis,
2311 3453 2345 3484 &

1288 3499 1390 3521 eorum
1408 3489 1585 3527 fingulorurn
1604 3488 1732 3526 qualitate
1749 3487 1782 3517 &
1798 3487 1966 3524 quantitate,

1326 3528 1371 3559 Ac
1388 3530 1475 3558 etiarn
1495 3527 1532 3557 de
1549 3527 1715 3564 Terminis,
1733 3524 1852 3562 Modis,
1869 3524 1904 3555 &
1922 3524 2011 3556 Locis
2024 3524 2202 3558 Solutionum
2220 3528 2348 3561 &Satis-

1291 3566 1442 3598 fa&onum
1459 3566 1497 3597 de
1516 3565 1636 3603 eisdem,

1329 3605 1462 3636 Necnon
1477 3603 1512 3635 ad
1529 3613 1616 3643 quern
1635 3602 1751 3633 Locum
1768 3600 1844 3632 dieta
1863 3601 2074 3641 Primogenita,
2091 3604 2137 3636 vel
2149 3603 2200 3636 Illa
2214 3604 2250 3637 de
2263 3603 2349 3635 dictis

1292 3643 1415 3674 Filiabus
1429 3643 1483 3680 fic,
1500 3650 1533 3673 ut
1547 3642 1740 3686 praemittitur,
1758 3640 1911 3709 Εῑξεηάε,
1929 3641 1963 3671 &
1977 3642 2090 3679 quando
2106 3666 2116 3681 ,
2139 3653 2174 3674 ac
2194 3643 2273 3680 cujus
2289 3642 2348 3672 Ex-

1291 3682 1395 3726 pensis,
1412 3681 1446 3712 &
1460 3680 1510 3711 sub
1524 3681 1580 3724 qua
1593 3679 1718 3718 Forma,
1735 3689 1784 3716 per
1823 3687 1930 3709 arentes
1945 3680 1979 3710 &
2000 3680 2123 3712 Amicos
2133 3680 2235 3712 debeat
2259 3681 2348 3712 trans-

1378 3716 2009 3801 segirieeaens‘iaiinr&
2025 3755 2205 3788 emma„
2226 3756 2352 3796 fam,

1294 3805 1430 3835 quatenus
1448 3796 1483 3826 ad
1497 3795 1566 3826 Nos
1579 3803 1694 3837 attinet,
1712 3794 1882 3825 omnimoda
1896 3795 2048 3827 Securitate
2068 3794 2187 3826 honesti
2206 3795 2240 3827 &
2254 3796 2351 3834 legiti-

1297 3835 1364 3873 ma,
1382 3835 1515 3865 Nomine
1530 3833 1643 3870 nostro,
1663 3832 1864 3871 Firmandum,

1334 3873 1519 3912 Similemque
1536 3872 1723 3902 Securitatem
1741 3871 1874 3903 Nomine
1888 3871 1987 3903 nostro
2005 3870 2188 3910 petendum,
2208 3871 2353 3911 Stipulan-

1294 3911 1385 3949 dum,
1401 3912 1434 3942 &
1450 3910 1680 3948 Recipiendum,

1328 3949 1541 3990 Jurandurnque
1556 3950 1587 3979 in
1602 3949 1737 3979 Animam
1751 3948 1879 3980 nostram
1892 3946 1973 3988 quod
1987 3946 2178 3979 Contra&um
2191 3947 2351 3988 hujusmodi

1294 3988 1405 4020 Rarum
1420 3988 1603 4025 habebimus,
1619 3997 1673 4018 nec
1690 3987 1861 4019 Potestatem
1875 3985 2042 4025 piaesentem
2054 3987 2095 4016 eis
2109 3986 2350 4019 dammRevoca-

1294 4028 1407 4066 bimis,
1422 4026 1563 4066 aliquidve
1577 4025 1714 4058 faciemus
1734 4034 1781 4058 aut
1803 4025 2019 4064 procurabimus
2031 4047 2044 4064 ‚
2066 4034 2116 4064 pe
2130 4026 2209 4064 quod
2224 4026 2350 4058 Contra-

2294 4065 2357 4098 &us

2392 1933 2410 1950 ὕ
2433 1928 2477 1955 Χ,

2405 1966 2475 2000 644.
