2555 4266
90 391 176 429 1508.

61 431 126 457 Hm.
149 440 175 466 7.

53 1117 72 1138 ‘⁸
89 1124 176 1153 xm.

49 1171 115 1197 ²07.

761 266 864 314 ET
930 266 1202 314 ACTA
1268 265 1749 318 Pontica.

61 351 140 382 Ann.
154 350 195 383 D.
208 363 265 394 que
281 356 375 395 aliquo
392 356 422 386 in
434 355 620 388 Contrarium
634 356 712 389 facto
731 358 776 389 vel
797 367 964 397 attemptato
979 361 1068 397 pure,
1086 358 1267 397 simpliciter,
1305 357 1352 388 tus
1369 361 1549 392 &omnium
1568 362 1602 392 δε
1618 361 1790 400 finguiorurn
1808 361 2011 402 capitulorum
2028 366 2057 396 in
2073 365 2178 397 eodem
2196 363 2361 399 Com-ento-
2379 368 2454 398 Ann.
2467 358 2507 398 131

1301 407 1367 427 rum
1381 419 1390 434 ,
1404 397 1608 442 Ratificatorias
1625 423 1634 438 ,
1653 400 1887 432 confirmatorias
1899 427 1909 439 ‚
1924 405 1958 435 &
1978 404 2206 444 Acceptatonas,
2223 406 2360 438 Nomine
2400 408 2483 445 150'8.

1300 434 1352 464 suo
1370 445 1503 473 proprio,
1513 447 1544 472 ut
1561 442 1630 476 Rege
1648 443 1844 478 Romanorum,
1860 440 1954 472 Manu
1971 442 2018 472 sua
2032 443 2146 480 signatas
2159 446 2190 473 ὃς
2205 444 2255 474 suo
2271 444 2357 481 Mag·
2374 450 2437 473 Hen.
2452 456 2479 481 7„

207 395 332 426 absolute
370 394 403 426 ὃ(
418 395 520 433 absque
533 395 624 434 aliqua
637 397 805 428 conditione
826 398 873 428 vel
890 398 1115 428 contradictione
1127 407 1264 434 quacum-

205 443 277 472 que,
296 418 385 477 tradet
400 435 433 465 &
448 435 630 473 deliberabit,
649 435 758 466 tradent
771 436 806 466 &
821 436 1034 473 deliberabunt,
1052 433 1160 465 tradive
1172 434 1264 466 &de-

203 472 313 502 liberari
326 472 411 503 faciet
423 473 456 503 &
472 474 575 504 facient
591 483 597 502 :
617 473 785 511 Sumptibus
798 483 890 504 tamen
907 475 941 505 ὃς
954 473 1088 510 Expenfis
1103 483 1156 510 pro
1169 474 1264 509 hujus-

202 509 284 540 'modi
305 510 489 541 solummodo
509 510 667 542 Conduetu
682 512 836 542 neceffiiriis
849 513 882 542 &
900 511 1124 548 rationabilibus,
1142 521 1190 548 per
1203 511 1265 540 Re-

201 548 363 586 qu'irentem
377 572 388 588 ,
415 549 462 579 vel
485 550 540 587 ejus
564 548 805 579 Commiffarium
824 550 870 579 vel
884 548 1117 586 Commiffarios,
1131 558 1263 586 tempore

201 585 364 625 hujusmodi
387 587 563 619 Traditionis
577 589 610 618 ὃς
624 587 859 625 Deliberationis,
879 587 1009 618 Personis
1026 597 1090 626 quae
1103 588 1262 626 hujusmodi

202 624 394 657 Conductum
407 625 527 657 fecerint
541 626 655 656 indilate
668 625 816 656 solvendis.

201 701 204 704 ι
240 662 313 693 Ira
324 672 369 703 M,
388 662 596 701 Conventum,
614 662 852 702 Concordarum,
871 665 903 696 &
919 663 1100 694 Conclusum
1115 663 1173 702 est,
1191 665 1262 694 inter

201 701 339 733 Oratores
351 702 503 740 piaedietos
515 726 525 739 ,
543 702 576 732 &
594 701 731 731 Oratores
744 702 925 739 praefatorum
938 706 1015 739 Regis
1030 705 1207 732 Romanorum
1222 702 1261 738 &-

201 742 334 779 Primipn·
351 740 549 780 Hffpaniarum
561 762 571 778 ,
598 739 781 771 Nominibus
796 765 806 778 ‚
833 741 1026 777 Auditoritate,
1045 740 1210 779 Consensu,
1227 742 1262 772 &

199 778 319 809 Assensu
336 781 438 817 quibus
451 780 549 817 supra,
565 778 752 817 promiserunt
767 802 777 817 ,
800 779 833 809 ἃ
847 789 895 817 per
910 778 1061 809 Praesentes
1075 780 1264 817 promittunt,

199 817 282 856 quod
300 817 321 847 fi
338 817 430 849 dictus
443 821 504 847 Rex
519 813 649 854 Angliae,
660 816 796 847 Haeredes
813 827 860 848 aut
871 817 1053 848 Successores
1066 817 1181 854 sui,per
1198 817 1261 847 Lit-

200 857 270 886 teras
291 856 348 886 suas
364 878 376 894 ,
401 854 496 885 Manu
518 854 565 885 sua
585 855 702 893 propria
724 856 839 894 signatas
858 857 892 887 &
913 855 1091 894 subscriptas,
1110 856 1262 892 praefatum

200 894 351 932 Principem
372 892 566 936 Hispaniarum
576 915 587 931 ,
603 893 741 924 Haeredes
755 903 802 924 aut
815 893 995 924 Succeffores
1006 894 1068 924 suos
1084 893 1264 932 advisaverit,

201 933 346 963 monuerit
360 956 370 971 ‚
394 935 453 962 live
470 933 624 963 certiorem
646 931 743 962 fecerit
755 955 765 970 ,
786 931 990 969 advisaverint,
1007 933 1185 970 monuerint,
1205 932 1263 963 five

199 971 352 1001 certiorem
372 970 489 1001 fecerint
503 994 513 1009 ,
538 970 618 1001 suurn
641 970 686 1000 vel
702 970 765 1000 suos
780 970 932 1000 Rebellem
949 970 1006 1000 five
1021 970 1171 1009 Rebelles,
1191 971 1263 1001 Pro-

196 1008 322 1039 ditorem
342 1009 388 1039 vel
409 1008 591 1046 Proditores,
616 1008 779 1046 Profugum
802 1009 848 1039 vel
863 1009 1024 1045 Profugos,
1040 1009 1166 1039 infrasua
1180 1009 1262 1046 Reg-

198 1056 251 1085 na,
268 1047 411 1078 Dominia
426 1069 436 1085 ‚
461 1047 581 1085 Terras,
598 1047 717 1085 Patrias,
737 1047 853 1084 Portus,
868 1046 1096 1085 Jurisdiffiones,
1115 1047 1262 1078 Obedien-

197 1086 265 1124 tias,
279 1095 326 1117 aut
338 1085 493 1116 Distri6tus
516 1095 636 1124 quoquo
653 1085 763 1122 modo,
789 1087 875 1115 etiam
890 1085 944 1123 Vi,
964 1085 1040 1116 Casu
1058 1085 1196 1124 fortuito,
1213 1095 1259 1117 aut

197 1124 252 1155 alio
267 1124 357 1156 modo
372 1134 557 1163 quocumque
572 1124 686 1161 venire,
703 1124 838 1162 existere,
859 1126 874 1141 r
888 1133 1020 1163 manere,
1037 1125 1196 1163 applicare,
1214 1134 1262 1155 aut

195 1162 298 1194 latitare
313 1187 323 1202 ,
350 1164 426 1195 idem
453 1166 578 1202 Princeps
596 1162 809 1201 Hispaniarum,
827 1161 964 1192 l-laeredes
979 1163 1012 1193 ὃς
1029 1161 1209 1194 Succeffores
1223 1163 1261 1194 sui

196 1201 234 1232 fic
248 1203 366 1241 moniti,
383 1201 510 1240 advisati,
527 1202 572 1232 seu
589 1202 752 1238 certiorati,
776 1200 870 1230 statim
886 1201 1093 1238 incontinenti,
1111 1201 1144 1232 &
1159 1201 1261 1238 absque

194 1242 279 1271 omni
293 1241 429 1272 dilatione
441 1265 452 1279 ,
480 1240 659 1271 excusatione
673 1264 683 1276 ,
698 1239 754 1269 five
772 1238 880 1269 sinistra
893 1240 1138 1277 interpretatione,
1156 1241 1190 1271 &
1203 1240 1261 1270 dis·-

183 1279 374 1311 'fimulatione
399 1285 568 1317 quacunque
583 1301 593 1317 ,
616 1278 704 1316 dolo,
722 1277 838 1316 fraude,
857 1279 890 1309 &
906 1277 982 1308 malo
997 1278 1128 1318 ingenio,
1147 1287 1194 1308 aut
1210 1279 1260 1308 ali-

193 1328 255 1356 quo
269 1319 324 1350 alio
339 1319 441 1356 quovis
453 1318 571 1356 quaesito
588 1317 686 1347 colore
698 1340 709 1356 ,
726 1316 810 1347 Illum
826 1318 872 1348 seu
886 1316 966 1353 Illos,
975 1316 1128 1346 Rebellem
1143 1316 1188 1348 seu
1198 1313 1260 1347 Re-

195 1358 282 1387 belles
292 1380 302 1395 ,
317 1357 499 1388 Proditorem
519 1357 565 1387 seu
585 1355 747 1386 Proditores
763 1378 772 1393 ,
790 1354 949 1394 Profugum
964 1354 1008 1385 seu
1024 1353 1182 1393 Profugos,
1201 1365 1260 1385 rea-

193 1395 256 1426 liter
268 1397 302 1427 &
319 1405 389 1427 curn
403 1394 509 1426 effe&u
524 1396 616 1432 capiet
632 1394 679 1424 seu
692 1395 755 1432 capi
769 1393 986 1432 faciet,capient
1002 1393 1047 1424 seu
1061 1395 1124 1431 capi
1140 1393 1259 1424 facient:

194 1433 232 1465 Et
250 1434 326 1465 Eum
347 1435 404 1465 five
423 1433 481 1464 Eos
498 1456 508 1471 ,
532 1435 565 1465 &
588 1442 689 1463 eorum
710 1432 867 1471 quemlibet
884 1432 921 1463 sic
938 1440 1052 1471 captum
1068 1432 1126 1462 five
1141 1441 1257 1470 captos,

193 1472 323 1504 Vinculis
338 1474 372 1504 &
384 1472 551 1504 Carceribus
565 1470 751 1502 effeetualiter
768 1470 913 1502 mandabit
929 1472 963 1502 &
977 1471 1159 1508 committet,
1178 1480 1259 1500 man-

180 1512 303 1542 'dabunt
317 1513 351 1543 &
367 1512 554 1542 committent
568 1533 578 1549 ,
604 1518 690 1548 atque
704 1510 734 1539 in
747 1509 851 1540 eisdem
864 1510 926 1539 tute
943 1509 977 1539 &
991 1508 1087 1539 secure
1101 1509 1209 1540 tenebit
1223 1510 1257 1540 &

194 1550 337 1581 custodiet
353 1574 363 1588 ,
389 1550 527 1580 tenebunt
543 1550 578 1580 &
591 1548 769 1586 custodient,
786 1556 872 1585 atque
885 1546 970 1578 Illum
987 1547 1044 1578 five
1058 1546 1124 1577 Illos
1138 1546 1177 1577 fic
1190 1557 1259 1584 cap-

195 1591 259 1619 tum
271 1589 317 1619 vel
331 1596 444 1626 captos,
463 1587 640 1618 custoditum
655 1587 701 1617 vel
716 1586 890 1623 custoditm,
908 1585 1124 1623 quamprimum
1139 1595 1187 1622 per
1196 1585 1258 1616 Lit-

192 1633 264 1658 teras
284 1627 354 1658 dieti
376 1629 453 1665 Regis
466 1625 596 1664 Angue,
615 1625 776 1656 Haeredum
790 1633 838 1654 aut
854 1622 1058 1664 Successorum
1074 1623 1205 1660 suorum,
1220 1623 1255 1654 ad

193 1666 252 1697 hoc
264 1665 405 1705 requisitus
419 1666 502 1696 fuerit
511 1665 568 1695 five
581 1664 701 1700 fuerint,
719 1662 825 1700 absque
841 1663 923 1692 omni
937 1661 1084 1700 dilatione,
1102 1662 1257 1693 excusatio-

193 1706 249 1743 ne,
267 1703 373 1735 finistra
386 1703 630 1740 interpretatione,
645 1701 730 1741 dolo,
747 1701 857 1738 fraude,
873 1699 1102 1739 diffimulatione‚
1121 1700 1198 1732 malo
1209 1702 1256 1730 in-

213 1744 279 1773 enio
294 1765 304 1780 ‚
322 1751 369 1772 aut
380 1741 435 1771 alio
450 1741 552 1779 quovis
571 1739 688 1779 quaefito
710 1740 810 1770 colore
831 1741 865 1770 &
888 1738 969 1769 causa
984 1762 993 1776 ,
1017 1739 1104 1778 usque
1129 1738 1164 1769 ad
1179 1740 1212 1770 ὅτ
1227 1740 1258 1770 in

196 1816 199 1819 ἢ
226 1789 312 1820 egna,
329 1780 433 1810 Terras
447 1802 457 1816 ,
482 1779 605 1817 patrias,
620 1780 654 1809 ἂ
669 1777 810 1808 Dominia
823 1777 946 1815 ejusdem
961 1781 1040 1815 Regis
1055 1776 1188 1815 Angliae,
1204 1784 1253 1816 'per

192 1819 256 1851 suos
272 1818 408 1850 Subditos
431 1824 478 1848 aut
494 1815 660 1847 Officiarios
677 1816 756 1847 salvo
775 1810 808 1847 δε
821 1816 916 1847 secur'e
936 1817 1060 1847 conduci
1072 1816 1155 1847 faciet
1171 1818 1206 1848 &
1219 1816 1259 1847 fa-

192 1859 272 1890 cient
294 1856 400 1887 realiter
419 1856 453 1887 &
474 1864 542 1885 cum
561 1854 668 1886 effe-ectu
682 1878 693 1892 ,
710 1854 856 1893 ipsumque
872 1854 1023 1886 Rebellem
1038 1855 1094 1885 five
1108 1853 1260 1894 Rebelles,

192 1896 376 1928 Proditorem
397 1894 445 1926 vel
462 1893 628 1924 Proditores
644 1916 654 1931 ,
676 1893 837 1933 Profugum
860 1893 907 1924 vel
921 1893 1081 1932 profugos,
1099 1894 1170 1924 ficut
1205 1904 1258 1924 rae—

196 1936 336 1972 mittitur,
361 1934 391 1964 in
417 1932 540 1971 Regna,
557 1932 678 1971 Patrias,
697 1932 816 1970 Terras,
834 1932 868 1964 &
884 1932 1021 1966 Domiuia
1033 1931 1155 1971 ejusdem
1202 1934 1259 1972 egis

195 1973 376 2006 condu&um
397 1971 444 2003 vel
464 1971 626 2002 conductos
641 1994 651 2009 ‚
677 1970 884 2001 Cemmiffario
902 1972 950 2002 vel
962 1969 1173 2001 Commiflariis
1188 1972 1260 2009 ejus-

195 2013 264 2044 'dem
285 2014 364 2049 Regis
386 2009 500 2048 Angliae
510 2033 520 2048 ‚
545 2019 595 2047 per
608 2009 716 2041 Literas
732 2009 790 2040 suas
805 2009 898 2040 Manu
914 2008 962 2040 sua
973 2009 1137 2048 subscriptas
1149 2009 1184 2040 ad
1198 2010 1257 2041 hoc

192 2050 379 2088 auctoritatis,
394 2049 526 2081 videlicet
540 2049 570 2078 in
587 2048 684 2086 aliquo
702 2048 788 2079 Loco
803 2047 837 2078 ad
853 2049 911 2079 hoc
926 2057 989 2079 tuto
1004 2047 1169 2087 &securo³
1185 2048 1256 2079 infra

193 2089 329 2129 praedi&a
342 2088 466 2127 Regna,
484 2088 603 2125 Patrias,
621 2087 739 2126 Terras,
755 2086 789 2118 &
804 2086 945 2118 Dominia
960 2086 1029 2118 dieti
1038 2086 1117 2125 Regis
1129 2086 1254 2126 Angliae,

193 2129 288 2166 statim
311 2127 499 2159 incontinenti
521 2127 555 2158 &
577 2126 681 2164 absque
703 2127 786 2156 omni
810 2125 944 2157 dilatione
959 2149 969 2164 ,
985 2126 1259 2165 excusatione,fini-

194 2166 252 2199 stra
269 2166 496 2204 interpretatione
509 2189 519 2202 ,
544 2163 631 2203 dolo,
647 2163 762 2204 fraude,
779 2164 1015 2203 diffimulatione,
1030 2165 1107 2205 malo
1122 2164 1257 2204 ingenio,

192 2207 244 2237 ‘aut
266 2205 321 2236 alio
344 2206 444 2244 quovis
463 2203 582 2243 quaefito
601 2202 699 2235 colore
714 2227 725 2243 ,
748 2213 796 2235 aut
816 2203 916 2242 causa,
941 2205 974 2236 &
992 2203 1094 2242 absque
1113 2202 1208 2242 aliquo
1227 2204 1257 2233 in

192 2246 370 2277 contrarium
387 2243 462 2274 sacto
478 2242 526 2274 vel
537 2251 722 2283 attemptato,
741 2244 831 2281 pure,
850 2243 1012 2281 fimpliciter
1028 2266 1038 2280 ,
1063 2241 1188 2273 absolute
1199 2265 1209 2280 ,
1225 2242 1259 2273 &

195 2283 302 2321 absque
323 2282 417 2321 aliqua.
439 2281 606 2312 conditione
620 2304 630 2319 ,
655 2282 701 2312 vel
713 2282 940 2313 contradictione
954 2291 1152 2320 quacumque,
1170 2280 1259 2310 tradet

196 2323 232 2354 &
245 2322 428 2359 deliberabit,
445 2319 556 2352 tradent
572 2319 827 2359 &deliberat-sunt,
844 2319 953 2352 tradive
970 2320 1003 2351 δε
1019 2319 1162 2350 deliberari
1175 2318 1260 2349 faciet

197 2360 234 2392 &
257 2361 362 2392 facient
375 2369 382 2389 ε
411 2359 578 2397 Sumptibus
597 2367 694 2390 tamen
715 2360 748 2391 &
763 2358 898 2397 Expensis
912 2368 965 2397 pro
978 2358 1140 2396 hujusmodi
1155 2357 1262 2388 solum-

197 2399 290 2431 modo
311 2398 470 2434 Condustu
493 2396 652 2429 neeessariis
674 2399 708 2430 &
728 2398 955 2436 rationabilibus,
974 2406 1024 2435 per
1037 2396 1263 2440 Requirentem,

197 2438 244 2468 vel
265 2439 324 2476 eius
344 2435 586 2468 Commissariurn
611 2436 658 2468 Vel
687 2435 906 2473 Commissarios
920 2460 930 2474 ,
954 2445 1084 2473 tempore
1105 2434 1265 2472 hujusmodi

197 2476 373 2508 Traditionis
398 2477 433 2507 &
457 2474 679 2506 Deliberationis
694 2499 704 2513 ,
726 2474 854 2507 Personis
876 2484 942 2513 quae
960 2473 1120 2512 hujusmodi
1140 2472 1264 2505 Condu-

198 2516 283 2548 etum
297 2514 417 2546 fecerint
430 2513 544 2544 indilate
560 2514 709 2546 solvendis.

237 2553 347 2593 ITEM,
362 2551 574 2591 'Conventum‚
593 2553 814 2591 Concordatum
830 2560 840 2592 3
864 2552 899 2586 δί
915 2552 1096 2585 Conclusum
1113 2553 1174 2592 est,
1192 2554 1264 2584 inter

198 2592 337 2624 Oratores
360 2591 512 2629 praedietos
527 2615 538 2629 ,
558 2592 593 2623 δε
613 2591 722 2630 praefati
743 2591 881 2624 Oratores
899 2595 978 2630 Regis
994 2591 1105 2630 Angliae
1126 2592 1265 2630 promise-

201 2639 270 2662 runt
307 2632 341 2662 &
354 2630 404 2668 per
417 2629 572 2661 Praesentes
584 2631 768 2669 promittunt,
785 2631 883 2670 quod,
901 2630 922 2660 fi
936 2632 972 2669 de
987 2631 1170 2669 praefatorum
1185 2634 1264 2669 Regis

202 2653 319 2711 flngsiae
341 2669 376 2699 &
390 2671 525 2707 Principis
538 2669 736 2713 Hispaniarum
747 2669 878 2708 expreffis
894 2668 1060 2713 Consensu,
1079 2669 1213 2708 Assensu,
1231 2671 1265 2700 &

204 2706 375 2739 Concordia
398 2716 499 2738 contra
517 2707 641 2746 aliquem
662 2706 776 2748 Regem
790 2733 800 2746 ,
828 2708 991 2746 Principem
1009 2731 1019 2745 ‚
1042 2707 1090 2738 vel
1102 2708 1266 2747 Principes,

201 2755 250 2778 aut
264 2747 326 2778 alias
341 2745 590 2785 Communiizates,
606 2746 716 2777 Bellum
731 2756 779 2778 aut
792 2746 917 2777 Guerras
931 2747 1013 2777 simul
1033 2746 1128 2777 inferri
1141 2756 1188 2777 aut
1201 2757 1267 2777 mo·

202 2786 265 2816 'veri
282 2785 451 2824 contigerit,
469 2785 599 2825 praefatus
615 2788 676 2814 Rex
689 2785 802 2823 Angliae
816 2786 927 2816 nullum
941 2784 1109 2815 Tractatum
1119 2808 1129 2822 ,
1147 2785 1267 2824 Pacem,

203 2823 357 2859 Treugam
371 2845 382 2860 ,
405 2832 453 2854 aut
473 2823 587 2860 aliquod
602 2824 910 2861 Appunctuamentum
929 2833 1001 2854 cum
1014 2823 1063 2864 illo
1079 2824 1123 2863 vel
1138 2825 1206 2861 illis,
1221 2833 1269 2854 aut

205 2860 264 2893 aliis
280 2864 382 2891 'eorum
396 2859 593 2896 Hominibus,
614 2862 714 2890 contra
728 2868 816 2896 quem
834 2861 880 2888 vel
898 2868 969 2895 quos
982 2860 1142 2895 hujusmodi
1159 2862 1269 2891 Bellum

205 2900 264 2930 five
286 2898 398 2929 Guerra
414 2905 526 2937 geretur
543 2904 590 2927 aut
612 2896 747 2928 inferetur
763 2920 773 2936 ,
800 2896 856 2926 fine
871 2896 994 2934 expressa
1010 2896 1119 2933 praefati
1143 2899 1273 2936 Principis

206 2937 403 2978 Hispaniarum
422 2936 544 2967 Scientia
558 2957 569 2974 ,
596 2933 743 2966 Consensu
757 2958 767 2974 ,
793 2934 911 2965 Affensu
925 2957 936 2974 ,
960 2935 994 2966 ὃς
1009 2934 1165 2966 Voluntate
1186 2936 1271 2968 faciet

204 2978 255 3008 aut
269 2976 330 3007 fieri
342 2974 507 3007 consentiet.
739 3014 742 3015 ⁷
806 3012 810 3015 ι
1248 3012 1252 3014 ,

244 3015 316 3046 [τε
328 3022 355 3044 M
367 3037 378 3052 ‚
406 3012 598 3045 conventum
610 3036 620 3050 ‚
645 3011 883 3050 Concordatum,
901 3012 934 3044 &
950 3008 1129 3043 Conclusum
1145 3011 1185 3043 est
1202 3014 1274 3044 inter

209 3054 349 3085 Oratores
359 3052 527 3091 praedictos,
543 3053 577 3083 &
594 3052 729 3096 Oratores
743 3051 852 3090 praefati
861 3054 937 3089 Regis
945 3055 1124 3081 Romanorum
1138 3052 1171 3082 &
1188 3054 1272 3082 Prin-

208 3091 512 3169 fgfufffusfgfflggg
528 3088 1271 3168 firmata5⁰3⁰33¹⁶1222331ss20sss531133

212 3167 296 3209 'quod
312 3191 322 3206 ,
347 3168 368 3199 fi
386 3169 422 3199 de
442 3168 626 3206 praefatorum
644 3170 722 3205 Regis
743 3166 859 3204 Angliae
880 3168 914 3198 &
930 3169 1060 3205 Principis
1104 3166 1270 3206 ispaniarum

213 3206 346 3246 expreffis
367 3206 514 3238 Consensu
527 3229 538 3244 ‚
563 3205 681 3238 Assensu
696 3228 706 3243 ,
723 3205 757 3236 &
772 3205 940 3236 Concordia
953 3215 1054 3236 contra
1068 3205 1191 3243 aliquem
1209 3205 1270 3236 Re-

213 3256 280 3286 gem
291 3269 300 3282 ,
320 3245 503 3283 Principem,
518 3246 565 3276 vel
580 3245 742 3282 Principes,
757 3253 804 3275 aut
818 3244 881 3274 alias
894 3244 1142 3282 communitates,
1159 3243 1271 3274 Bellum

214 3293 262 3316 aut
276 3285 400 3316 Guerras
416 3284 500 3314 simul
511 3284 608 3315 inferri
622 3292 668 3314 aut
683 3284 795 3313 moveri
808 3284 960 3322 contigerit
975 3307 984 3321 ,
1003 3283 1133 3319 praefatus
1147 3284 1272 3321 Princeps

212 3323 408 3363 Hispaniarum
434 3322 544 3353 nullum
564 3322 753 3359 Tractatum,
771 3321 895 3360 Pacem,
913 3321 1079 3359 Treugam,
1096 3330 1143 3351 aut
1158 3321 1272 3361 aliquod

214 3362 522 3401 Appundltua'mentum
539 3370 608 3392 cum
621 3361 670 3390 illo
685 3359 732 3391 vel
745 3360 813 3397 illis,
831 3369 877 3390 aut
892 3370 961 3391 cum
976 3360 1032 3390 aliis
1046 3369 1146 3389 eorum
1162 3358 1273 3390 Homi-

215 3402 317 3438 nibus,
336 3409 437 3431 contra
454 3408 541 3438 quem
560 3399 609 3430 vel
628 3408 700 3438 quos
721 3398 881 3437 hujusmodi
904 3398 1012 3437 Bellum
1027 3397 1083 3428 five
1097 3398 1211 3428 Guerra
1223 3407 1273 3445 ge-

214 3448 291 3470 retur
311 3439 357 3469 vel
380 3438 516 3469 inferetur
531 3461 541 3475 ,
567 3437 623 3468 fine
637 3436 762 3476 expressa
779 3437 889 3475 praefati
905 3441 984 3475 Regis*
999 3436 1112 3474 Angliae
1125 3436 1250 3467 Scientia
1264 3460 1274 3475 ,

213 3476 380 3515 Consensu,
398 3476 533 3515 Assensu,
551 3477 585 3508 &
600 3474 755 3506 Voluntate
768 3476 851 3506 faciet
863 3485 910 3507 aut
921 3475 982 3505 fieri
996 3476 1158 3506 consentiet.

252 3516 334 3555 Qas
350 3515 468 3553 quidem
483 3516 587 3555 Ligas,
603 3513 874 3545 Confoederationes
884 3538 892 3552 ,
910 3515 942 3545 &
953 3513 1157 3544 promissiones
1171 3512 1275 3551 praedi-

214 3555 290 3592 &aS,
307 3554 341 3585 &
357 3563 456 3585 earum
467 3554 638 3592 quamlibet,
656 3563 690 3583 ac
703 3553 803 3584 omnia
820 3554 853 3584 &
868 3553 971 3592 singula
986 3555 1015 3583 in
1031 3552 1169 3591 Capitulis
1185 3553 1275 3589 supra-

225 3592 310 3623 dietis
330 3597 468 3631 contenta
484 3614 495 3630 ,
520 3592 629 3629 praefati
648 3590 786 3631 Oratores
799 3592 945 3622 dictorum
962 3594 1039 3628 Regis
1050 3594 1228 3621 Romanorum
1239 3591 1273 3620 ὃς

217 3633 308 3664 Princ·
329 3634 334 3638 '
369 3629 567 3669 l-Itsaniarur'n
588 3639 642 3666 pro
664 3629 781 3666 praefato
801 3633 870 3666 Rege
891 3632 1071 3658 Romanorum
1084 3654 1093 3667 ,
1119 3639 1172 3666 pro
1187 3628 1224 3658 Se
1240 3630 1274 3660 δε

215 3679 267 3708 per
272 3639 347 3708 βξ
347 3678 382 3699 ac
395 3638 532 3699 bfomine
546 3668 612 3704 suo,
630 3675 761 3704 tanquam
778 3670 846 3703 Rege
861 3670 1057 3711 Romanorum,
1071 3678 1104 3698 ac
1119 3669 1202 3698 etiam
1218 3676 1273 3703 pro

215 3717 304 3740 eoaem
316 3709 386 3744 Rege
397 3708 432 3738 &
444 3706 562 3744 praefato
578 3708 700 3742 Principe
714 3705 927 3743 Hispaniarum,
941 3705 978 3735 de
992 3706 1113 3743 ejusdem
1128 3708 1205 3742 Regis
1219 3707 1273 3734 Ro-

215 3750 354 3777 manorum
375 3744 495 3775 Tutoris
513 3745 546 3775 &
569 3744 627 3775 Avi
641 3743 681 3774 sui
695 3743 873 3774 Auctoritate
891 3743 1070 3782 *Consensu,
1087 3745 1121 3774 δε
1136 3743 1272 3781 Affensu,

213 3767 1274 3858 εὲἒῗοῖῗιὲνῖἷῖἐῗάὼὸἱέἒιἓὲῐῖιῖὣὲἐὺὲἱῖἒὲῗὲἓὲξυῖηΤ’ἒῗέἔῗᾞῗὲ

269 3835 286 3855 n
493 3845 503 3857 ‚
1235 3833 1239 3837 -
1262 3838 1274 3843 -

212 3863 301 3894 {entes
322 3861 423 3892 Ineunt
436 3883 447 3899 ,
469 3858 634 3896 Trafftant„
655 3843 861 3894 Concordant,
878 3843 1066 3890 Concluduni
1082 3882 1092 3897 ,
1108 3861 1141 3890 &
1160 3859 1275 3895 Accep-

215 3909 292 3939 tant:,
309 3900 515 3931 Promittentes
530 3907 579 3934 per
595 3895 765 3934 Praesentes,
781 3897 862 3935 quod
876 3907 909 3928 ea
922 3899 1018 3934 omnia
1033 3898 1067 3927 &
1084 3897 1188 3936 singula
1198 3895 1274 3926 idem

214 3938 418 3969 Sacratiffimus
432 3940 493 3967 Rex
512 3939 691 3966 Romanorum
716 3945 846 3973 tanquam
872 3939 932 3965 Rex
959 3939 1138 3965 Romanorum
1154 3938 1273 3972 integra-

214 3977 280 4008 liter
293 3977 450 4008 observabit
465 3977 499 4007 &
515 3973 682 4011 adimplebit
696 3996 706 4012 ,
728 3974 807 4012 juxm
825 3974 992 4004 eorumdem
1012 3974 1147 4004 Formam
1166 3975 1199 4005 ὃ(
1213 3973 1276 4002 Te-

215 4025 344 4051 norem3
368 4014 406 4045 Et
431 4013 511 4052 quod
535 4013 603 4043 citra
629 4011 744 4042 Festum
769 4011 882 4042 Paschae
906 4013 1036 4049 proxime
1060 4014 1094 4044 ὃ(
1113 4011 1276 4042 immediate

115 4069 198 4101 xiil.
217 4054 345 4085 futurum
363 4052 427 4091 post
446 4052 553 4083 Datam
572 4052 590 4070 ¹*
611 4050 793 4081 Praesentium
808 4074 819 4085 ,
836 4050 869 4080 &
887 4059 952 4080 ante
971 4049 1162 4080 Contractum
1180 4050 1275 4086 Spon-

218 4092 315 4123 ialium
330 4112 341 4128 ‚
368 4091 440 4120 inter
465 4090 611 4127 praefatum
637 4090 784 4126 Principem
808 4087 1003 4126 Hispaniarum
1019 4089 1052 4118 &
1068 4087 1273 4118 Sereniffimam

155 4131 165 4138 ‘
220 4129 383 4161 Dominam
407 4130 553 4158 Dominam
579 4131 704 4158 Mariam
727 4126 793 4156 dicii
813 4129 889 4164 Regis
908 4125 1018 4163 Angliae
1035 4126 1133 4156 Film
1151 4125 1275 4164 Chariffi-

216 4180 308 4208 mam,
325 4166 396 4200 Deo
414 4165 518 4206 Duce,
535 4165 812 4204 contrahendorum‚
828 4164 886 4197 suas
905 4165 1041 4203 Litteras,
1060 4166 1139 4203 hujus
1155 4165 1276 4197 TraCta-

2282 290 2367 337 353

1303 482 1343 515 no
1368 472 1465 512 Sigillo
1490 477 1611 513 ligillatas
1626 500 1636 515 ,
1659 478 1845 508 Praesentibus
1866 479 1963 509 limiles
1978 502 1988 517 ‚
2015 481 2131 517 praefato
2158 485 2222 519 Regi
2244 483 2356 519 Ari-glire

1303 510 1397 548 ejusve
1421 511 1566 556 Deputato
1589 521 1634 545 vel
1660 515 1830 554 Deputatis,
1849 517 1887 546 'ad
1912 518 1970 548 hoc
1994 518 2163 551 sufficienter
2188 521 2356 552 auStorisato

1303 549 1350 580 vel
1361 549 1536 593 ,auctorisatis-
1558 556 1587 580 in
1611 556 1734 584 Civirare
1755 554 1958 584 Londoniarum
1984 557 2095 594 tradet,
2123 558 2230 589 tradive
2248 560 2355 597 faciet3

1305 588 1368 626 Qui
1412 589 1506 618 uidem
1525 591 1586 617 Rex
1604 591 1714 627 Angiiae
1729 601 1798 623 tunc
1819 594 1852 623 ὃ(
1871 593 1975 633 ibidem
1995 596 2134 626 tenebitur
2149 598 2210 627 alias
2227 597 2282 627 suas
2304 598 2355 627 Li-

1302 635 1370 670 teras
1399 635 1522 670 'arentes
1543 627 1701 671 consimiles
1727 630 1842 667 praefato
1862 634 1927 669 Regi
1940 634 2135 672 Romanorum,
2152 635 2245 671 ejusve
2261 635 2356 666 Com-

1300 665 1425 695 missario
1450 664 1484 695 ad
1503 665 1560 695 hoc
1577 665 1746 699 sufficienter
1762 668 1927 699 auc'lorisato
1940 692 1950 707 ,
1974 670 2099 702 similiter
2116 675 2220 703 tradere
2239 675 2272 705 δ’.
2288 674 2358 704 deli-

1301 704 1413 740 berare,
1430 703 1540 734 tradive
1559 704 1593 734 &
1612 704 1759 734 deliberari
1774 706 1882 744 facere,
1900 707 1938 737 Et
1957 707 1976 737 fi
1995 711 2157 749 contingat,
2176 713 2253 749 quod
2273 714 2357 742 mini*

1301 744 1350 786 me
1365 742 1503 779 creditur,
1521 741 1602 779 quod
1613 743 1748 786 'praefatus
1764 745 1825 772 Rex
1841 746 2020 775 Romanorum
2039 748 2096 778 hoc
2119 750 2210 780 facere
2229 751 2358 789 neglexe-

1301 789 1336 810 rit
1351 802 1362 818 ,
1387 781 1574 811 remanebunt
1591 781 1792 811 nichilominus
1810 783 1906 811 omnia
1928 785 1960 813 ὃς
1976 785 2078 823 lingula
2098 797 2161 825 quae
2178 788 2357 826 suprascripta

1301 819 1380 856 sunt,
1398 827 1535 855 quantum
1559 818 1594 849 ad
1611 819 1759 857 praefatum
1775 821 1922 857 Principem
1937 823 2149 863 Hispaniarum,
2167 825 2303 857 Haeredes
2321 829 2355 858 &-

1300 857 1560 892 Successoressuos
1573 859 1670 888 attinet
1701 857 1795 888 Firma
1812 858 1846 889 &
1865 857 1994 896 Stabilia,
2011 861 2044 891 &
2063 873 2109 899 per
2128 865 2237 894 eundern
2253 868 2360 895 Princi-

1295 904 1373 934 pem,
1390 894 1545 933 Haeredes,
1563 882 1758 935 Successores,
1777 896 1810 927 ὅτ
1829 895 1966 927 Subditos
1980 898 2060 935 sum,
2075 902 2200 937 juatasui
2218 904 2356 934 Formam

1300 936 1334 965 &
1352 934 1518 969 Tenorem,
1535 934 1730 964 inviolabiliter
1745 934 1967 965 observabuntur
1981 937 2015 967 &
2032 936 2265 976 adimplebuntur.

1338 971 1385 1002 Ιτ
1396 981 1414 1002 ε
1425 979 1451 1001 Μ
1465 994 1474 1009 ,
1503 970 1710 1014 Conventum,
1727 972 1946 1004 Concordatum
1964 975 1998 1005 &
2015 974 2192 1008 Conclusum
2210 980 2267 1016 est,
2284 981 2355 1010 inter

1302 1010 1438 1040 Oratores
1456 1010 1605 1047 praedietos
1619 1030 1629 1049 ,-
1647 1010 1826 1041 Nominibus
1844 1013 1878 1042 &
1899 1012 2122 1045 Auctoritatibus
2141 1018 2242 1054 quibus
2258 1019 2356 1055 supra,

1299 1048 1379 1086 quod
1405 1059 1499 1086 neque
1523 1049 1654 1086 praefatus
1676 1051 1735 1078 Rex
1759 1049 1871 1088 Angliae
1895 1061 1987 1093 neque
2005 1052 2132 1090 praefatus
2149 1057 2208 1085 Rex
2225 1058 2358 1085 Romarm

1285 1097 1358 1115 —rum
1372 1111 1387 1130 ζ
1406 1097 1455 1124 per
1481 1088 1563 1126 hujus
1585 1087 1738 1118 Tractatt’is
1760 1087 1989 1119 Ratificationem
2005 1112 2015 1127 ‚
2034 1091 2291 1132 Acceptationem,
2308 1103 2357 1124 aut

1300 1124 1560 1156 Confirmationem
1576 1147 1586 1162 ,
1608 1135 1655 1156 aut
1680 1136 1730 1165 per
1753 1126 1857 1164 aliquid
1882 1128 1911 1156 in
1931 1128 2034 1158 eodem
2053 1140 2221 1162 contentum
2235 1155 2246 1172 ,
2272 1132 2356 1171 possit

1299 1171 1345 1193 aut
1365 1163 1479 1193 debebit
1504 1165 1636 1194 recedere
1653 1174 1668 1194 a
1685 1165 1865 1195 Trastatibus
1883 1165 1963 1195 Pacis
1977 1189 1986 1205 ‚
2008 1166 2207 1200 Amicitiarum
2223 1193 2232 1207 ‚
2258 1170 2356 1210 Ligae,

1299 1203 1332 1243 &
1351 1200 1642 1233 Consoederationum
1657 1227 1666 1239 ‚
1687 1204 1759 1233 inter
1781 1203 1896 1236 eosdem
1917 1204 2009 1244 Reges
2024 1216 2072 1243 per
2091 1217 2190 1238 eorum
2209 1209 2358 1239 Commis-

1299 1241 1381 1270 larios
1408 1240 1522 1271 antehac
1541 1241 1612 1270 initis
1627 1264 1636 1279 ,
1660 1241 1812 1271 contraetis
1826 1265 1836 1280 ,
1863 1242 1898 1272 &
1921 1243 2065 1275 ,conclusis
2091 1245 2127 1275 de
2148 1246 2221 1277 Data
2236 1247 2357 1288 Vicefimi

1298 1281 1363 1308 Diei
1379 1279 1482 1319 fllenfis
1499 1279 1585 1317 Junii
1600 1300 1610 1317 ‚
1634 1283 1720 1309 Anno
1738 1283 1850 1310 Domini
1866 1280 2010 1321 Millefimo
2033 1284 2252 1325 Quingentefimo
2259 1285 2356 1326 secun-

1297 1317 1331 1346 do
1342 1339 1350 1353 ‚
1368 1327 1401 1348 ac
1421 1327 1471 1355 per
1487 1319 1617 1355 separatas
1635 1318 1752 1348 Litteras
1768 1319 1897 1349 Parentes
1915 1319 2097 1357 praefatorum
2118 1322 2232 1360 Regum
2249 1344 2259 1361 ‚
2278 1324 2356 1355 vide-

1296 1355 1364 1385 lidet
1381 1378 1390 1393 ‚
1414 1356 1484 1386 dicti
1503 1359 1580 1392 Regis
1595 1356 1707 1393 Anglr'ae
1725 1356 1762 1386 de
1777 1356 1854 1388 Data.
1871 1358 2072 1397 Qartidecimr'
2086 1363 2153 1391 Diei
2171 1362 2273 1403 Mensis
2289 1366 2356 1392 Au-

1294 1393 1363 1432 gusti
1387 1397 1474 1423 Anno
1499 1397 1612 1424 Domini
1633 1395 1790 1434 ficpradic‘io
1805 1415 1816 1434 9
1842 1396 1876 1426 &
1899 1397 2005 1434 praefati
2031 1401 2109 1435 Regis
2123 1402 2302 1430 Romanorum
2318 1403 2355 1432 de

1297 1430 1375 1462 Data
1393 1432 1512 1472 Vicefimi
1537 1434 1631 1462 efflavi
1653 1436 1717 1462 Diei
1739 1433 1841 1474 Menfis
1861 1434 1940 1472 Julii
1959 1435 2045 1465 eodem
2060 1440 2147 1467 Anno
2166 1439 2354 1477 ApprobatiS,

1296 1465 1482 1507 Ratifficatis,
1500 1471 1533 1501 ὃ(
1553 1470 1753 1509 Confirmatis,
1770 1482 1804 1502 ac
1824 1473 1918 1509 postea
1933 1483 1982 1510 per
1997 1474 2111 1505 eosdem
2125 1475 2220 1513 Reges
2232 1477 2355 1516 solemp-

1296 1510 1370 1539 niter
1383 1509 1499 1547 Juratis,
1520 1519 1573 1540 nec
1591 1509 1693 1539 eisdem
1710 1520 1758 1541 aut
1775 1511 1857 1541 alicui
1874 1511 2043 1542 eorumdem
2059 1514 2246 1545 Trac‘tatuum
2264 1515 2353 1554 Capi-

1296 1547 1357 1577 tulo
1367 1547 1575 1585 quoquomodo
1591 1550 1784 1579 contravenire
1797 1558 1845 1579 aut
1860 1549 2010 1588 derogare,
2024 1552 2068 1582 sed
2084 1554 2164 1590 quod
2183 1553 2270 1583 iidem
2280 1556 2352 1585 Tra-

1295 1585 1384 1616 ‹ftatus
1399 1587 1432 1617 ὅ(
1451 1586 1546 1615 omnia
1563 1586 1592 1615 in
1611 1586 1714 1616 eisdem
1731 1597 1865 1618 contenta
1882 1589 1911 1617 in
1930 1588 2014 1625 pleno
2030 1592 2063 1620 &
2082 1591 2209 1628 perfee'to
2230 1592 2350 1623 Robore

1294 1625 1344 1654 suo
1364 1633 1494 1655 maneant
1509 1625 1542 1654 &c
1559 1623 1693 1662 Effec'tu3
1711 1625 1840 1661 praesenti
1855 1625 2009 1666 Trac'tatu,
2027 1628 2073 1658 vel
2088 1629 2182 1668 aliquo
2197 1631 2226 1660 in
2247 1631 2352 1662 eodem

1295 1672 1453 1700 contento,
1467 1663 1496 1691 in
1514 1663 1610 1699 aliquo
1628 1672 1687 1693 non
1705 1663 1843 1694 obstante.

1331 1700 1406 1731 Iri:
1417 1709 1444 1730 M
1460 1723 1469 1738 ,
1495 1699 1683 1731 Conventum
1696 1724 1706 1739 ,
1722 1700 1941 1733 Concordatum
1959 1704 1993 1735 &
2009 1704 2187 1736 Conclusum
2205 1706 2262 1744 cst,
2280 1709 2352 1740 inter

1295 1739 1429 1770 Oratores
1449 1739 1597 1777 praedictos
1617 1761 1627 1776 ‚
1652 1739 1833 1771 Nominibus
1849 1741 1882 1771 &
1896 1742 2117 1774 Auc'toritatibus
2135 1746 2236 1782 quibus
2252 1746 2329 1782 supra
2341 1771 2351 1784 ,

1296 1778 1376 1817 quod
1403 1787 1496 1815 neque
1523 1779 1653 1815 praefatus
1675 1781 1735 1807 Rex
1761 1778 1874 1817 Angliae
1891 1790 1983 1818 neque
2000 1782 2092 1812 dic'ltus
2110 1785 2235 1822 Princeps
2251 1784 2353 1823 Hispa-

1295 1820 1402 1847 uiarum
1429 1826 1479 1853 per
1506 1816 1670 1854 praesentem
1688 1816 1858 1848 Tractatum
1876 1819 1922 1848 vel
1940 1819 2043 1858 aliquid
2061 1821 2090 1850 in
2110 1822 2214 1852 eodem
2233 1833 2356 1854 conten-

1296 1864 1358 1886 tum
1375 1854 1460 1893 poffit
1478 1865 1525 1885 aut
1542 1855 1642 1886 debeat
1660 1855 1791 1886 recedere
1807 1867 1822 1886 a
1840 1852 1979 1888 Tradiatu
1996 1858 2076 1888 Pacis
2091 1880 2101 1896 ‚
2125 1861 2287 1899 Amicitiae,
2305 1862 2356 1891 Li-

1297 1903 1360 1932 gae,
1378 1895 1410 1924 &
1427 1892 1690 1925 Confoederationis
1713 1895 1784 1925 inter
1803 1895 1956 1932 praefatum
1973 1899 2069 1933 Regem
2087 1898 2216 1937 Angliae,
2235 1900 2286 1936 ὃς,
2305 1910 2354 1930 cc-

1297 1933 1380 1964 lebris
1399 1930 1555 1972 Memoriae
1567 1957 1576 1969 ,
1605 1931 1754 1970 Philippum
1773 1941 1855 1971 nuper
1868 1937 1964 1972 Regem
1977 1935 2115 1974 Castellae,
2126 1936 2240 1976 pra-fati
2253 1940 2358 1968 Princi-

1290 1975 1334 2010 pis
1349 1970 1546 2010 Hispaniarum
1563 1973 1694 2009 Patrem,
1715 1971 1888 2002 W'indesore
1901 1982 1955 2012 pro
1967 1972 2020 2010 Se,
2038 1974 2221 2012 Haeredibus,
2239 1977 2354 2008 &Suc-

1297 2009 1453 2040 cefforibus
1474 2009 1527 2039 suis
1544 2032 1554 2047 ,
1580 2010 1652 2040 inito
1669 2033 1678 2048 ,
1704 2010 1882 2040 concordato
1896 2032 1906 2048 ‚
1921 2011 1955 2041 &
1968 2012 2119 2049 concluso,
2135 2013 2170 2043 de
2183 2013 2260 2044 Data
2277 2016 2355 2045 Noni

1295 2051 1360 2078 Diei
1375 2047 1476 2087 Mmfis
1490 2047 1645 2086 Februarii,
1663 2051 1751 2078 Anno
1768 2051 1879 2078 Domini
1889 2049 2030 2096 fisillesimo
2043 2051 2258 2093 fiuirzgentefimo
2275 2058 2354 2092 qum-

1294 2094 1341 2126 to,
1359 2097 1414 2118 nec
1432 2086 1526 2117 eidem
1539 2096 1586 2117 aut
1599 2087 1680 2117 alicui
1697 2087 1825 2124 ejusdem
1836 2088 1988 2119 Trac'tatus
2006 2088 2140 2126 Capitulo
2153 2101 2273 2128 quoquo
2286 2102 2352 2121 mo-

1293 2125 1334 2156 do
1350 2126 1547 2156 contravenire
1561 2134 1607 2156 aut
1628 2125 1764 2164 derogare
1779 2138 1789 2163 3
1808 2126 1852 2156 sed
1867 2126 1948 2163 qued
1962 2126 2038 2156 idem
2051 2128 2199 2159 TraCtatus
2210 2130 2239 2159 in
2255 2132 2354 2160 omni-

1293 2164 1346 2194 bus
1371 2165 1404 2194 ὃς
1427 2174 1477 2203 per
1502 2165 1600 2194 omnia
1621 2164 1650 2193 in
1676 2163 1725 2193 suo
1743 2164 1829 2202 pleno
1854 2164 1887 2195 &
1905 2165 2033 2202 perfer-lto
2051 2164 2172 2197 Robore
2189 2177 2299 2199 maneat
2317 2170 2352 2201 &

1294 2202 1412 2242 Effectu
1426 2225 1436 2242 ,
1462 2203 1589 2241 praesenti
1605 2202 1743 2234 Traeiatu
1760 2224 1770 2241 ‚
1795 2202 1842 2234 vel
1863 2202 1958 2242 aliquo
1982 2205 2012 2234 in
2030 2204 2134 2235 eodem
2152 2215 2308 2245 contento,
2324 2209 2355 2237 in

1293 2240 1326 2272 ali
1348 2251 1387 2272 uo
1401 2251 1461 2271 non
1477 2240 1618 2278 obstante.

1314 2310 1320 2314 ,
1353 2288 1458 2318 TEM,
1485 2280 1674 2312 Conventum
1723 2279 1943 2313 Conc'ordatum
1957 2282 1991 2313 δε
2004 2282 2182 2314 Conclusam
2198 2283 2259 2320 est,
2277 2285 2349 2315 inter

1296 2317 1430 2350 Oratores
1444 2318 1613 2356 praedietos‚
1631 2320 1664 2350 ὃς
1677 2303 1813 2351 Oratores
1827 2320 1935 2358 praefati
1946 2323 2022 2359 Regis
2031 2324 2208 2352 Romanorum
2226 2323 2259 2353 δε
2268 2322 2352 2352 Prin-

1297 2361 1356 2396 cipis
1370 2357 1581 2397 Hispaniarum,
1597 2357 1791 2389 Nominibus·
1811 2359 2006 2398 Auctoritate,
2017 2359 2182 2400 Consensu,
2201 2361 2234 2392 &
2251 2361 2352 2391 Assen-

1296 2396 1326 2427 su
1342 2397 1444 2434 quibus
1456 2397 1534 2434 supra
1549 2395 1759 2435 Promiserunt,
1775 2381 1810 2428 ἐξ
1825 2407 1874 2435 per
1890 2397 2041 2429 Praesente<
2058 2398 2249 2436 promittunt,
2269 2399 2352 2437 quod

1298 2434 1427 2473 praefatus
1445 2437 1570 2474 Princeps
1589 2434 1785 2474 Hispaniarum
1805 2436 1866 2466 tam
1889 2435 1998 2466 dicstum
2021 2437 2189 2468 Tractatum
2204 2438 2353 2468 Amicitia-

1299 2483 1364 2505 rum
1378 2475 1449 2505 inter
1462 2474 1609 2512 praefatum
1625 2477 1720 2511 Regem
1734 2473 1863 2512 Angliae,
1880 2475 1914 2505 δε
1929 2474 2018 2505 Bonae
2033 2475 2188 2506 Memoriae
2203 2476 2354 2514 Philippum

1299 2521 1380 2553 nuper
1393 2516 1490 2552 Regem
1508 2512 1650 2553 Castellae,
1666 2515 1779 2542 Patrem
1784 2512 1882 2553 ficum,
1899 2523 1953 2551 pro
1968 2514 2013 2552 se,
2030 2513 2215 2552 Haeredibus,
2233 2516 2267 2544 ὅ(
2285 2517 2357 2544 δυε-

1300 2552 1453 2584 cessoribus
1476 2552 1529 2583 suis
1543 2576 1553 2591 ,
1573 2553 1676 2582 initum
1689 2575 1699 2590 ,
1718 2551 1926 2582 concordatum
1941 2575 1950 2589 ,
1968 2554 2001 2584 &
2015 2551 2208 2588 Conclusum,
2228 2553 2264 2582 de
2280 2552 2357 2583 Data.

1301 2592 1379 2631 Noni
1390 2594 1454 2621 Diei
1469 2591 1572 2632 Mensis
1585 2590 1739 2629 Februarii,
1758 2593 1845 2621 Anno
1859 2592 1972 2620 Domini
1989 2590 2129 2631 Mli'efimo
2139 2614 2148 2630 ‚
2168 2592 2358 2631 Quingentefi-

1301 2641 1343 2660 mo
1355 2634 1465 2671 quinto,
1484 2629 1522 2661 Et
1535 2630 1633 2660 omnia
1647 2629 1680 2661 δε
1696 2629 1802 2666 singula
1816 2628 1946 2667 Capitula
1962 2630 1990 2659 in
2005 2630 2112 2660 eodem
2125 2631 2261 2660 Tractatu
2284 2640 2358 2659 con-

1301 2677 1392 2706 tenta,
1412 2669 1498 2707 quam
1518 2670 1604 2700 etiam
1626 2667 1791 2705 praesentem
1815 2668 1987 2700 Trac‘tatum
2003 2690 2012 2706 ,
2036 2668 2070 2698 &
2091 2670 2188 2698 omnia
2205 2669 2238 2698 δε
2255 2668 2358 2701 lingula

1303 2705 1434 2746 Capitula
1450 2708 1478 2737 in
1494 2707 1598 2739 eodem
1615 2716 1766 2744 contenta,
1784 2706 1934 2744 postquam
1952 2706 2113 2736 Decimum
2130 2716 2260 2744 quartum
2275 2707 2359 2737 AEta-

1302 2748 1336 2777 tis
1357 2747 1411 2776 suae
1431 2745 1552 2776 Annum
1573 2747 1712 2784 attigerit,
1729 2754 1778 2782 per
1798 2745 1903 2774 Literas
1920 2743 1975 2774 suas
1994 2744 2150 2782 patientes,
2168 2746 2196 2774 in
2210 2745 2304 2775 debita
2323 2747 2357 2775 ὃς

1302 2783 1450 2814 sufficienti
1471 2784 1566 2814 forma
1586 2785 1691 2821 ranas,
1716 2782 1810 2813 Manu
1829 2782 1877 2812 sua
1890 2782 2065 2819 subscriptas,
2083 2783 2115 2812 &
2131 2782 2241 2821 Magno
2257 2783 2357 2820 Sigizlo

1303 2823 1354 2853 suo
1373 2823 1512 2861 sigillatas,
1527 2823 1560 2852 ὃς
1577 2822 1674 2852 harum
1691 2821 1797 2851 Seriem
1812 2821 1847 2850 de
1862 2820 1959 2850 Verbo
1970 2820 2004 2850 ad
2023 2820 2149 2851 Verbum
2165 2823 2358 2860 continentes,-

1305 2862 1546 2897 quandocumque
1570 2860 1603 2890 ὃς
1623 2859 1875 2897 quotienscumque
1900 2868 1947 2895 per
1971 2858 2080 2888 dietum
2102 2862 2197 2895 Regem
2218 2859 2331 2896 Angliae
2346 2883 2357 2898 ,

1305 2898 1398 2935 ejusve
1409 2898 1545 2928 Haeredes
1559 2906 1604 2927 aut
1618 2897 1813 2934 Succeflores,
1831 2906 1880 2933 per
1894 2896 2030 2927 Nuncios
2050 2907 2097 2927 aut
2121 2897 2236 2928 Lirreras
2251 2902 2284 2928 ad
2299 2899 2358 2928 hoc

1306 2936 1449 2975 requisitus
1469 2937 1502 2967 &
1524 2935 1712 2973 interpellatus
1727 2936 1826 2971 fuerit,
1845 2934 2034 2965 Confirmabit
2051 2936 2084 2966 &
2101 2936 2264 2967 Ratilicabit
2275 2959 2284 2974 ,
2302 2947 2360 2967 eas-

1306 2973 1431 3013 demque
1448 2974 1562 3005 Litteras
1581 2973 1783 3004 Ratificatorias
1799 2974 1833 3004 &
1851 2972 2103 3010 Confirmatorias,
2118 2974 2155 3005 fic
2172 2997 2180 3011 ,
2200 2984 2231 3005 ut
2248 2975 2362 3012 praefer-

1307 3022 1353 3044 tur
1367 3035 1377 3049 ‚
1401 3013 1486 3048 factas
1501 3034 1511 3051 ,
1537 3013 1628 3042 diCtus
1651 3014 1775 3050 Princeps
1800 3012 1994 3050 Hispaniarum
2016 3012 2132 3050 praesato
2152 3016 2216 3050 Regi
2232 3013 2363 3051 Angliae,

1306 3052 1399 3090 ejusve
1412 3051 1560 3088 Deputato
1576 3051 1620 3081 vel
1635 3050 1797 3088 Deputatis,
1816 3051 1850 3079 ad
1864 3050 1920 3080 hoc
1934 3051 2102 3081 auetorisato
2117 3052 2162 3080 vel
2179 3052 2362 3092 aut-tomara,

1305 3090 1378 3121 infra
1407 3089 1488 3120 Duos
1511 3089 1622 3119 Menses
1637 3112 1646 3127 ,
1671 3089 1777 3119 dic-'tam
1799 3088 2028 3125 Requifitionem
2043 3090 2075 3120 &
2091 3089 2365 3130 interpellationem,

1306 3128 1515 3166 Requilitiones
1536 3129 1570 3158 &
1594 3127 1826 3164 interpellationes
1848 3128 1978 3164 proxime
2000 3130 2032 3158 ὅτ.
2056 3128 2220 3158 immediaze
2248 3128 2365 3167 sequen-

1305 3176 1367 3205 tes,
1391 3170 1420 3196 ἔνι
1436 3170 1559 3196 civitate
1583 3166 1787 3195 Londoniarum
1810 3166 1899 3195 tradet
1923 3169 1938 3181 δ
1959 3166 1991 3195 &
2013 3166 2176 3196 deliberabit
2194 3188 2203 3203 ‚
2229 3166 2273 3196 seu
2292 3169 2361 3200 tradi
2378 3183 2396 3204 ,ι
2412 3180 2498 3214 xun-

1306 3207 1339 3236 &
1365 3205 1511 3235 deliberari
1527 3205 1632 3240 faciet;
1651 3205 1784 3242 idemque
1798 3206 1857 3232 Rex
1871 3203 1982 3241 Angliae
1999 3205 2154 3234 consimiles
2177 3205 2281 3236 Literas
2298 3206 2359 3237 Ra-

1304 3243 1462 3275 tificatorias
1485 3244 1517 3274 &
1541 3241 1796 3278 Confirmatorias‚
1822 3242 1929 3279 praefati
1949 3244 2078 3285 Principii·
2099 3243 2293 3282 Hispaniarum
2315 3246 2361 3276 O-

1307 3284 1403 3313 ratoris
1413 3281 1576 3319 Depumo,
1594 3281 1638 3310 vel
1653 3280 1857 3311 Commillario
1873 3282 1906 3310 ad
1921 3282 1978 3311 hoc
1990 3282 2157 3312 lufflcienter
2171 3282 2338 3314 austorilato
2352 3309 2363 3324 ,

1306 3330 1376 3352 tunc
1391 3322 1424 3352 &
1439 3320 1548 3350 ibidem
1561 3320 1683 3349 limiliter
1699 3319 1802 3349 tradere
1813 3319 1846 3348 δε
1861 3319 2013 3349 deliberare
2025 3321 2162 3351 tenebitur
2177 3322 2209 3351 δε
2222 3322 2363 3360 obligabia

1308 3369 1370 3397 tur,
1389 3368 1471 3396 prout
1490 3367 1540 3396 per
1556 3358 1704 3389 Praesentes
1724 3367 1835 3390 tenetur
1853 3359 1886 3389 &
1904 3358 2053 3396 obligatur.

1345 3397 1391 3428 Ιτ
1403 3407 1419 3428 t:
1431 3405 1457 3426 Μ
1473 3419 1482 3435 ,
1500 3396 1686 3427 Conventum
1697 3421 1707 3433 ,
1725 3395 1958 3433 Conmrdarum,
1978 3396 2010 3426 δε
2027 3396 2202 3427 Conclusum
2217 3398 2276 3437 est,
2292 3401 2365 3432 inter

1309 3436 1446 3466 Oratores
1468 3435 1619 3471 praedistos
1633 3458 1642 3473 ,
1667 3434 1846 3465 Nominibus
1869 3435 1902 3464 ὅ(
1918 3434 2138 3465 Austoritatibus
2152 3437 2254 3471 quibus
2270 3438 2366 3478 supra,

1313 3474 1394 3513 quod
1412 3475 1472 3504 tam
1487 3474 1615 3511 praefatus
1627 3476 1687 3503 Rex
1699 3472 1810 3509 Angliae
1821 3474 1908 3510 quarn
1921 3472 2012 3502 dffius
2027 3476 2150 3512 Princeps
2159 3475 2366 3516 Hispaniarum,

1312 3513 1506 3550 Aue‘toritate,
1525 3511 1688 3550 Consensu,
1705 3512 1737 3541 &
1755 3510 1872 3541 Assbnsu
1886 3511 1954 3541 dieti
1976 3513 2052 3548 Regis
2065 3516 2244 3543 Romanorum
2259 3516 2313 3545 Avi
2329 3518 2363 3547 ὃς

1312 3551 1431 3582 Tutoris
1447 3551 1506 3587 sui,
1524 3550 1688 3588 praesentem
1702 3549 1887 3586 Trastatum,
1905 3560 1937 3581 ac
1955 3551 2053 3579 omnia
2067 3552 2100 3582 ὃ(
2117 3551 2219 3589 singuli
2234 3552 2365 3591 Capitula

1312 3590 1340 3619 iri
1356 3588 1458 3620 eodem
1475 3597 1608 3619 contenta
1623 3610 1633 3626 ,
1679 3597 1708 3617 er
1729 3588 1786 3618 suas
1803 3587 1907 3618 Literas
1922 3587 2066 3626 Parentes,
2085 3590 2114 3619 in
2129 3590 2225 3620 debita
2241 3592 2273 3621 &
2287 3593 2366 3622 suffi-

1311 3629 1397 3658 cienti
1409 3627 1501 3658 forma
1513 3626 1614 3663 netas,
1632 3598 1746 3664 Rsagnis
1761 3626 1861 3667 sigillis
1874 3626 1924 3656 suis
1939 3626 2059 3664 figillatas
2079 3629 2112 3659 ἃ
2132 3627 2222 3658 islanu
2240 3629 2286 3659 sia
2301 3630 2366 3660 sub-

1310 3666 1420 3704 scriptas
1434 3689 1443 3703 ,
1469 3664 1662 3695 Confirmabit
1685 3666 1718 3695 &
1735 3664 1914 3706 Ratibcabit,
1930 3663 2063 3700 sopiendo
2075 3676 2176 3696 omne:
2193 3667 2224 3696 ἃ
2241 3668 2366 3705 singulos

1311 3705 1370 3734 tam
1382 3705 1456 3743 juris
1470 3704 1554 3740 quam
1570 3702 1647 3733 Facti
1662 3701 1818 3739 Defeuus,
1843 3706 1862 3731 li
1881 3703 1929 3740 qui
1945 3703 2007 3732 tales
2021 3709 2070 3733 unt
2084 3729 2093 3741 ,
2110 3714 2141 3733 ac
2155 3706 2242 3735 etiam
2259 3705 2366 3737 Benefi-

1313 3744 1361 3773 cio
1381 3743 1511 3773 omnium
1536 3741 1647 3778 Legum
1665 3741 1698 3771 &
1721 3740 1875 3771 Canonum
1892 3763 1902 3779 ,
1927 3750 2040 3772 necnon
2060 3744 2192 3772 omnibus
2207 3744 2366 3783 &lingulis

1311 3781 1372 3811 tarn
1381 3778 1454 3820 Juris
1466 3780 1550 3817 quarn
1567 3779 1645 3809 Fasti
1667 3778 1888 3816 Exceptionibus
1904 3803 1914 3816 ,
1935 3781 2019 3810 etiam
2039 3779 2183 3818 specialem
2199 3782 2231 3811 ἃ
2251 3779 2362 3820 expres-

1312 3819 1368 3849 sam
1394 3819 1645 3849 Renuntiationem
1667 3817 1874 3854 requirentibus
1890 3840 1900 3854 ,
1925 3818 1954 3847 in
1974 3820 2032 3847 vim
2054 3818 2135 3849 PaCti
2149 3822 2365 3860 renunciztnd03

1313 3857 1429 3897 Qubus
1450 3858 1534 3886 etia‘m
1555 3855 1688 3885 omnibus
1709 3855 1741 3885 &
1763 3854 1873 3893 lingulis
1888 3855 1957 3886 Nos
1970 3856 2040 3886 dieti
2053 3856 2203 3895 Oratores,
2223 3858 2366 3890 Nor-nini&

1311 3896 1364 3926 bus
1377 3918 1387 3932 ,
1415 3895 1590 3925 Auctoritate
1604 3917 1615 3932 ,
1636 3892 1782 3923 Consensu
1798 3917 1809 3932 ‚
1833 3894 1866 3923 &
1882 3894 1999 3924 Affenffi
2015 3895 2116 3931 quibus
2130 3895 2222 3933 supra,
2238 3899 2364 3936 expresse

1312 3935 1346 3965 &
1361 3935 1389 3963 in
1403 3935 1461 3963 vim
1477 3931 1554 3962 Paeti
1571 3933 1600 3961 in
1614 3932 1666 3961 hiis
1680 3930 1793 3971 Scriptis
1812 3931 2042 3968 Renunciamus;

1349 3972 1429 4007 Quas
1452 3969 1568 4008 quidem
1592 3969 1708 3999 Litteras
1721 3992 1730 4006 ,
1756 3970 1957 4001 Ratificatorias
1979 3971 2011 4000 &
2027 3968 2274 4013 Confirmatorias,
2293 3985 2363 4013 prce-

1310 4010 1401 4040 distus
1412 4011 1533 4047 Princeps
1547 4007 1740 4047 Hispaniarum
1756 4008 1823 4037 citra
1834 4007 1947 4037 Festum
1959 4007 2070 4038 Paschae
2086 4013 2214 4047 proxime
2227 4013 2363 4052 futurum,

1312 4050 1345 4080 &
1356 4047 1504 4085 antequam
1520 4046 1580 4077 suus
1603 4045 1708 4076 Orator
1727 4045 1782 4076 five
1798 4044 2015 4078 Commiffarius
2031 4057 2084 4084 pro
2099 4048 2279 4086 Sponsalibus
2293 4062 2361 4082 cum

1311 4087 1385 4117 dieta
1399 4089 1517 4116 Domina
1535 4085 1632 4113 Maria
1643 4083 1857 4122 contrahendis,
1872 4085 1901 4113 in
1916 4085 2048 4122 Angliam
2060 4089 2184 4127 venerit,
2202 4091 2228 4117 in
2239 4089 2363 4120 Cvfme

1312 4124 1528 4155 Londoniarum
1553 4122 1671 4158 praesato
1696 4121 1830 4161 Domino
1844 4125 1910 4159 Regi
1925 4122 2037 4161 Angliae
2051 4148 2060 4160 ,
2080 4126 2173 4163 ejusve
2190 4126 2364 4157 Commiffi-

1311 4165 1355 4194 rio
1377 4163 1410 4194 ad
1425 4163 1487 4193 'hoc
1508 4159 1674 4192 sufficienter
1694 4160 1827 4230 ‘³29⁰me
1842 4161 1931 4193 tradet
1944 4162 1977 4192 ὃς
1990 4162 2172 4201 deliberabit,
2190 4175 2199 4192 τ
2216 4174 2233 4182 v>
2248 4165 2364 4232 1rsdid&

1815 4208 1823 4228 ¹
1846 4207 1860 4237 3
2338 4212 2372 4233 err

2380 3234 2444 3258 209.
