2555 4266
816 198 851 243 ῙΞ
885 197 927 239 ’Ῐῗ
1015 199 1054 239 A&
1091 197 1129 237 <3
1167 194 1209 236 51*
1245 192 1282 232 Δὶ

57 287 138 319 Ann.
152 287 194 320 D.
212 287 382 330 Shonswode
391 285 555 326 ‚Epifiopum
570 284 602 314 de
615 284 754 324 Berchyng
762 310 771 323 ,
788 295 821 316 ac
841 285 989 314 Andrean»
999 285 1143 315 Abbatem
1155 283 1189 313 de
1202 280 1279 312 Mel-

60 334 176 394 Ηέὲῑῖ·
210 321 1279 402 3321,seimefflemsi&&semermiumnia:

211 406 286 436 rium
310 403 436 440 Scotiae,
453 386 599 432 Arzdrea’m
623 405 769 431 Dominum
791 402 823 430 de
845 403 1026 439 Mungumry,
1043 402 1191 429 Dominum
1212 399 1277 426 Ha-

210 443 330 483 mylton,
349 443 392 470 W
389 440 527 471 illielmum
539 443 572 471 de
579 441 740 481 Cravyston,
756 441 788 470 &
797 441 948 469 Patricium
961 435 1276 480 de-Coklffurne,ScotoS,

209 482 240 511 in
254 481 392 519 Regnum
407 479 499 516 Regis
513 480 643 518 Angla,
661 489 730 509 cum
746 479 876 508 Centum
887 479 914 520 ἢ*
931 475 1059 506 Perlonis
1074 474 1274 517 inComitiva

208 519 255 550 sua
271 520 316 550 vel
341 519 415 548 infra
435 518 651 556 (cujuscumque
673 514 782 553 Status,
801 513 932 553 Gradus,
949 522 996 543 aut
1019 512 1206 543 Conditionis
1226 520 1274 541 ex-

209 558 304 595 istant)
321 558 499 595 cunjunffim
516 557 561 587 vel
575 556 704 592 divisim,
721 564 770 592 per
785 553 922 593 Terram,
938 551 1038 589 Mare,
1052 551 1102 594 ‘vel
1110 551 1223 594 Aquas,
1243 560 1273 580 e-

232 596 323 628 uestre
342 597 386 626 vel
408 595 554 635 pedestre,
571 604 638 624 cum
657 593 747 630 Equ1s
754 614 764 634 ⁷.
788 590 951 632 Hernesus,
973 589 1090 628 Bogeis,
1107 588 1274 633 jocalibus,

207 607 307 673 Rure,
325 635 360 665 &
375 634 521 673 Argento,
540 633 642 663 Literis
655 631 689 661 &
703 630 851 667 Scripturis
872 628 966 658 clauus
983 628 1016 658 &
1033 637 1150 666 apertis,
1166 629 1199 659 ὅ(
1215 628 1272 671 alus

207 674 294 706 Bonis
307 674 341 705 &
359 672 461 703 Rebus
475 673 526 702 suis
538 670 777 709 quibuscumque,
793 667 870 698 salvo
886 667 1024 698 &secure
1040 666 1198 704 veniendo,
1216 667 1273 696 ibi-

207 713 276 744 dem
294 712 453 748 morando,
470 707 719 748 perhendinandO,
735 705 928 745 expechndo,
949 705 995 748 δι’
1006 705 1220 743 conversando,
1238 715 1272 736 ac

206 753 313 784 totiens
334 750 465 789 quotiens
485 749 525 778 eis
544 747 636 778 visum
659 746 742 776 fuerit
761 744 910 781 expedire,
928 745 1112 782 conjunfflm
1133 744 1177 774 vel
1201 745 1274 774 divi-

208 791 281 828 fim,
298 788 427 828 equestre
449 786 495 816 vel
509 785 655 823 pedestre,
673 793 722 822 per
742 783 882 820 Terram,
901 782 1003 821 Mare,
1019 784 1065 814 vel
1085 783 1199 821 Aquas,
1219 783 1271 813 du-

208 838 288 860 rante
301 826 429 867 praesenti
446 825 522 855 salvo
534 823 693 854 Conductu
714 821 818 859 Regis,
838 821 1052 860 Repatriando,
1068 820 1272 859 Revertendo,

209 869 245 899 &
260 867 296 898 ad
311 865 480 896 Securitares
495 863 620 900 proprias
638 860 816 898 Redeundo,
835 870 967 897 necnon,
985 860 1019 890 ad
1034 860 1160 900 ipsorum
1186 861 1274 890 bene-

209 907 346 944 placitum
360 902 545 939 conjunCtim
564 901 611 931 vel
626 899 738 930 divisim
761 899 898 938 Regnum
916 899 1045 929 nostrum
1065 898 1220 936 IntrandO,
1239 900 1273 929 &

207 945 247 975 de
260 943 362 973 eodem
377 940 466 970 libere
481 940 515 969 ὃς
529 940 631 978 absque
648 938 823 970 Arestatione
830 938 876 968 seu
890 937 1102 975 Impedimento
1113 938 1207 976 aliquo
1215 936 1274 967 Ex-

208 981 322 1018 eundo,
339 979 429 1017 aliqua
450 977 589 1016 Matqua,
608 978 848 1015 Contramarqua,
867 977 923 1008 five
945 976 1116 1016 Reprifflia,
1134 975 1274 1007 conceffis

207 1019 256 1052 vel
270 1016 476 1054 concedendis,
494 1027 554 1047 non
567 1016 763 1053 obstantibus,

243 1057 363 1089 Proviso
378 1057 507 1094 semper,
523 1062 604 1093 prout
618 1058 648 1085 in
655 1054 787 1095 fimilibus
803 1055 834 1084 de
850 1054 990 1083 ConduHu
1008 1057 1122 1084 Literis.

259 1095 353 1127 Teste
369 1094 452 1134 Rege
466 1094 540 1132 apud
555 1093 826 1134 Westmonasterzum,
842 1094 979 1124 vicelimo
992 1091 1038 1123 die
1054 1092 1137 1123 Maii.

59 488 74 505 0
95 489 148 517 XI.

62 528 128 564 366.

429 1175 484 1202 Per
502 1175 594 1201 Breve
612 1172 643 1201 de
660 1173 778 1201 Privato
796 1169 885 1207 Sigillo
895 1192 906 1209 ,
923 1168 962 1204 ὠ·
980 1169 1012 1198 de
1030 1172 1112 1199 Data
1122 1155 1276 1207 praedie‘ia,

471 1213 653 1241 Auc‘loritate
670 1209 861 1239 Parliamenti.

479 1350 537 1386 Ad
557 1355 673 1397 Papam
698 1349 736 1383 de
758 1351 881 1397 Afflnsit
906 1353 1006 1397 Regio.

207 1438 420 1497 SAntstiffimo
433 1438 462 1468 in
478 1436 597 1467 Christo
612 1437 688 1467 Patri
702 1437 735 1466 &
750 1436 886 1466 Domino
905 1435 1052 1473 Domino,
1060 1434 1199 1472 Kalixto,
1220 1433 1277 1464 Di-

263 1478 333 1507 vina
349 1476 531 1507 Providentia
542 1500 551 1515 ,
568 1475 761 1506 sacrosanctae
775 1475 918 1505 Rornanae
932 1484 966 1504 ac
983 1474 1156 1505 Universalis
1172 1473 1276 1503 Eccle-

208 1515 253 1546 siae
270 1520 374 1545 Summo
391 1514 536 1553 Pontifici,
555 1517 703 1551 Henrjcus,
724 1513 781 1543 Dei
797 1514 900 1552 gratia,
919 1516 980 1542 Rex
1002 1512 1115 1549 Angliae
1130 1510 1169 1547 όν
1185 1514 1275 1541 Fran-

206 1557 271 1592 ciae,
286 1554 325 1589 ό·
343 1557 477 1584 Dominus
488 1553 647 1590 Hiberniae,
663 1552 768 1582 devota
783 1551 895 1583 Pedum
911 1552 1006 1582 oscula
1021 1553 1178 1581 beatorum.

247 1592 378 1622 Noverit
393 1594 555 1621 paternitas
574 1590 668 1629 vestra
683 1590 853 1629 Sanctiffima
870 1591 950 1631 quod
961 1590 1029 1621 Nos
1043 1590 1202 1627 Electioni,
1220 1599 1275 1620 nu·

205 1640 256 1670 per
267 1629 352 1661 factae
366 1631 397 1660 in
413 1629 539 1661 Ecclelia
556 1627 749 1659 Conventuali
761 1630 874 1659 Sandiae
891 1629 932 1659 W
934 1629 1061 1669 erburgae
1071 1628 1276 1666 Cestriae,Or-

205 1669 278 1700 dinis
293 1668 392 1700 Sanc‘h
413 1668 575 1705 Benediffl,
592 1667 795 1698 Lichfeldenfis
819 1668 978 1706 Dioeceiis,
995 1668 1107 1698 Sanetae
1127 1667 1275 1698 Romanae

205 1708 343 1739 Ecclefiae
357 1706 524 1738 immediate
537 1705 680 1745 subJecta,
695 1705 746 1745 de,
766 1706 873 1737 dilecto
890 1706 990 1737 Nobis
1002 1708 1032 1736 in
1048 1705 1168 1736 Christo
1179 1729 1189 1744 ,
1209 1706 1232 1736 F
1234 1716 1276 1736 ra-

206 1755 248 1777 tre
267 1745 405 1776 Richardo
425 1745 540 1784 Ola'om,
559 1745 627 1775 dieti
653 1744 826 1775 Monasterii
844 1745 961 1783 Priore,
977 1746 1007 1775 in
1029 1745 1176 1776 Abbatem
1201 1745 1276 1775 Loci

204 1785 294 1824 iuius,
311 1785 400 1823 petita
413 1785 488 1823 prius
500 1795 516 1814 a
532 1783 632 1814 Nobis
648 1783 783 1815 Licentia
798 1783 945 1823 Eligendi‚
963 1785 997 1814 &
1019 1792 1104 1823 prout
1125 1785 1212 1814 moris
1233 1783 1275 1814 est

204 1826 320 1864 optenta
331 1847 339 1862 ,
357 1824 485 1862 Regium
503 1822 653 1853 Assensum
668 1823 837 1854 adhibemus
851 1825 884 1854 ὃς
903 1823 1061 1861 Favorem,

246 1862 285 1894 Et
300 1863 358 1894 hoc
374 1862 472 1902 vestrae
489 1863 644 1891 Sanffltati
667 1861 871 1892 innorescimus
892 1872 941 1901 per
957 1861 1125 1899 Praescntes,
1144 1870 1178 1892 ut
1199 1860 1276 1900 quod

206 1901 392 1971 vefcrumqest
407 1901 506 1970 igchac
521 1909 598 1939 parte
615 1901 717 1938 exequi
733 1901 888 1939 dignemini
905 1910 973 1931 cum
989 1900 1109 1931 favore.

261 1951 279 1970 n
299 1950 334 1970 cu
349 1950 379 1970 us
451 1950 478 1970 c.

259 1950 349 2010 Testje
363 1963 444 2018 R³ege
461 1977 535 2016 apud
555 1975 830 2018 Wstmonasterium,
847 1976 972 2009 secundo
987 1977 1035 2008 die
1047 1976 1137 2016 Junii.

58 1454 136 1486 Aen.
146 1454 187 1485 D.

80 1502 165 1533 1455-

54 1539 108 1561 .ἐη.
127 1543 173 1569 33,

59 1577 95 1599 H.
117 1574 144 1598 6.

56 1614 116 1638 Par.
131 1619 176 1647 33.

56 1652 93 1676 H.
107 1651 135 1676 6.

54 1696 136 1754 23.

414 2057 468 2085 Per
486 2055 570 2094 ipsum
587 2058 702 2094 Regem,
720 2055 758 2091 <ly
778 2056 810 2086 de
829 2058 912 2086 Data
924 2055 1077 2094 praedida,
1096 2055 1278 2088 Austoritate

508 2093 697 2125 Parliamenti.

327 2243 386 2274 Pro
410 2238 558 2284 Medico,
582 2239 628 2274 ad
647 2239 869 2274 Intendendum
893 2240 1020 2285 Persona
1047 2242 1143 2286 Regis.

486 2327 513 2364 13
540 2337 566 2363 Y'
613 2332 638 2364 Τ
662 2338 689 2363 tr
717 2338 741 2364 E
788 2329 822 2362 Ι(
844 2337 860 2362 1
883 2337 914 2364 a<
938 2337 975 2363 G.

207 2412 348 2470 TRusty
366 2413 427 2443 and
442 2413 630 2452 W'elbeloaqed,
646 2425 694 2446 we
708 2423 786 2454 greet
799 2424 857 2453 you
874 2415 939 2445 wel.

61 2446 192 2480 Ann-D.
297 2453 364 2483 And
379 2452 423 2482 for
444 2462 472 2482 as
489 2453 596 2483 moche
617 2463 645 2483 as
665 2464 712 2485 we
735 2455 770 2483 be
789 2454 934 2491 occupied
959 2451 1015 2482 and
1031 2450 1184 2489 laboured,
1200 2460 1227 2481 as
1244 2458 1279 2489 ye

83 2497 169 2527 1455.
208 2489 316 2522 knowe
330 2491 406 2528 wel,
424 2492 497 2521 with
512 2492 640 2530 Sickneffe
660 2492 715 2523 and
734 2491 918 2530 Infirmitees,
937 2491 974 2521 of
988 2491 1037 2521 the
1052 2490 1168 2523 whiche
1188 2499 1220 2520 to
1228 2489 1275 2519 “be

60 2531 111 2554 Aa.
133 2537 177 2565 33.
208 2529 351 2560 delivered
364 2529 421 2560 and
434 2529 538 2568 cured,
559 2531 594 2570 by
610 2531 657 2560 the
679 2531 777 2562 Gracc
801 2531 838 2561 of
853 2540 905 2561 our
925 2530 1025 2568 Lord,
1052 2540 1079 2560 as
1101 2529 1206 2560 nedeth
1230 2528 1278 2558 the

59 2570 97 2593 Η·
114 2568 142 2594 6-
211 2567 326 2606 Helpe,
341 2568 546 2603 Entendance‚
563 2568 618 2599 and
635 2569 769 2600 Laboure
784 2569 822 2600 of
837 2569 923 2600 suche
943 2577 1054 2607 expert,
1071 2568 1204 2605 notable,
1223 2567 1279 2597 and

59 2603 120 2631 Pell.
211 2608 322 2644 proved
338 2607 412 2637 Men
432 2609 461 2637 in
477 2608 525 2637 the
541 2605 639 2646 Crafte
652 2609 689 2638 of
699 2608 879 2647 Medicines,
897 2619 924 2638 as
938 2617 972 2647 ye
990 2608 1046 2645 be,
1060 2608 1091 2637 in
1106 2609 1206 2637 whom
1222 2629 1232 2644 ‚
1248 2615 1277 2635 a·

211 2654 305 2682 mong
320 2645 371 2676 alle
384 2646 485 2682 other,
499 2656 554 2677 our
566 2646 702 2677 afleffion
726 2647 781 2677 and
801 2647 887 2678 desire
904 2648 978 2686 right
992 2645 1135 2686 especially
1150 2648 1174 2676 is
1187 2645 1256 2675 sette

243 2683 303 2715 We
317 2684 420 2723 delire,
436 2685 528 2723 wille,
545 2686 601 2716 and
610 2686 710 2723 hertily
724 2694 791 2726 pray
805 2695 863 2726 you
879 2685 937 2716 that
971 2695 987 2715 e
1004 2686 1040 2714 be
1052 2686 1124 2716 with
1140 2694 1171 2716 us
1186 2693 1214 2715 at
1223 2694 1278 2717 ou-

209 2731 240 2752 re
258 2721 363 2754 Castell
377 2724 414 2754 of
424 2723 604 2764 Wyndesore
620 2725 667 2754 the
682 2724 812 2756 Twelfth
830 2725 896 2763 Day
918 2735 938 2754 o
974 2724 1030 2755 this
1053 2723 1201 2761 Moneth,
1220 2725 1276 2754 and

209 2760 342 2792 Entende
357 2771 433 2800 upon
449 2772 520 2793 oure
534 2763 659 2794 Persone
674 2763 720 2793 for
733 2763 782 2794 the
798 2763 890 2794 Cause
907 2762 1057 2793 abovesaid
1067 2785 1077 2799 ,
1094 2764 1150 2793 and
1170 2763 1229 2792 that
1243 2773 1277 2803 ye

206 2799 283 2830 faille
297 2808 348 2830 not
360 2810 388 2830 as
400 2810 471 2830 oure
484 2801 600 2839 linguler
611 2801 703 2832 Trust
718 2803 741 2832 is
752 2803 781 2832 in
796 2812 873 2841 you,
889 2802 944 2832 and
960 2812 987 2832 as
1000 2811 1034 2841 ye
1048 2801 1136 2832 desire
1150 2801 1205 2832 and
1213 2809 1278 2833 ten-

207 2840 257 2868 dre
272 2838 309 2868 of
319 2848 389 2868 oure
405 2838 497 2869 Helth
510 2840 566 2869 and
582 2839 720 2870 Welfare.

244 2876 348 2908 Yeven
365 2878 455 2908 undre
468 2888 538 2909 oure
551 2878 635 2910 Prive
648 2878 712 2909 Seel
725 2887 753 2910 at
767 2879 875 2919 Wstm.
891 2879 940 2910 the
953 2890 974 2912 v
988 2878 1041 2920 day
1055 2878 1092 2909 of
1099 2878 1187 2919 Juyn.

239 2953 413 3033 Zlgojlssasstre
432 2993 548 3025 Gilbert
565 2994 694 3034 Kemer,
711 2998 795 3026 Dean
811 2993 847 3035 of
857 2994 1004 3030 Salesbury.

61 3184 79 3203 .
98 3186 140 3214 XI
492 3146 521 3173 ἅ
544 3149 604 3180 Pro
630 3149 743 3180 Comite
764 3144 800 3178 de
823 3145 972 3192 Douglas.

55 3226 125 3261 3⁶⁷·
204 3236 328 3296 REX
345 3238 498 3275 omnibus,
514 3236 550 3267 ad
567 3247 658 3277 quos,
676 3236 737 3266 &c.
754 3235 891 3266 Salutem.

58 3264 136 3292 ‘³¹¹³‘
142 3261 192 3317 P·
295 3276 392 3307 Sciatis
406 3276 487 3315 quod
503 3275 572 3306 Nos
582 3299 592 3314 ‚
607 3275 643 3306 de
659 3274 868 3319 Gratia-nostra
881 3274 1008 3319 speciali,
1026 3285 1060 3306 ac
1069 3275 1104 3305 de
1115 3276 1270 3319 avisamen-

78 3310 180 3341 145>··
203 3321 236 3344 to
249 3314 376 3346 Concilii
392 3316 498 3353 nostri,
514 3324 568 3353 pro
583 3317 664 3345 bono
686 3314 808 3344 Ser-vino
828 3315 906 3353 quod
920 3314 1038 3345 dilefitus
1057 3315 1090 3345 δε
1111 3316 1198 3346 fidelis
1213 3327 1267 3347 no-

54 3344 109 3368 An.
126 3350 170 3378 33·
207 3351 262 3383 ster
275 3353 395 3391 Jacobus
410 3358 502 3384 Comte
515 3353 547 3383 de
562 3352 684 3391 Douglas
700 3351 802 3383 Nobis
818 3353 978 3390 impendet,

53 3384 91 3408 H.
104 3381 131 3408 ⁶·
235 3389 433 3423 Conceffimus
446 3395 470 3423 ei
488 3392 665 3430 Quingentas
676 3391 777 3422 Libras
788 3393 863 3429 perci
886 3391 979 3421 iendas
993 3393 1140 3423 annuatim
1152 3393 1187 3423 ad
1197 3393 1260 3425 Re-

50 3422 113 3446 Pat.
123 3428 168 3456 33·
199 3437 310 3467 ceptam
325 3429 462 3462 Scaccarii
477 3430 587 3469 nostri,
607 3431 641 3461 ad
655 3429 737 3462 Festa
752 3429 849 3461 Sancti
863 3401 1017 3460 §Aichaelis
1029 3432 1062 3461 &t
1079 3430 1195 3462 Paschae
1215 3442 1265 3471 per

51 3462 89 3485 H.
111 3460 140 3487 ⁶·
199 3467 320 3506 aequales
334 3468 500 3508 Portiones,
518 3469 664 3508 quousque
677 3469 825 3508 praedielus
840 3473 930 3499 Comes
947 3479 1093 3507 recuperet
1115 3479 1163 3501 aut
1184 3471 1265 3502 resti-

47 3501 76 3533 Ρ·
96 3505 123 3526 ²·
199 3515 291 3538 tuatur
305 3505 339 3536 ad
353 3506 539 3539 Poffeffiones
551 3508 610 3539 suas
625 3508 671 3538 vel
685 3508 721 3539 ad
738 3509 875 3545 majorem
892 3508 1007 3539 Partem
1022 3509 1090 3539 inde
1106 3519 1154 3547 per
1169 3510 1262 3548 ipsum

48 3544 86 3562 m·
97 3543 126 3569 9·
198 3545 345 3576 dicentem
357 3544 402 3575 seu
417 3556 569 3577 vocantem
583 3547 609 3577 se
624 3549 722 3584 Regem
735 3550 886 3577 Scottorum
899 3556 1008 3586 captas,

236 3584 294 3622 Et,
313 3582 334 3613 fi
342 3585 487 3621 praeditflus
501 3588 591 3614 Comes
605 3594 754 3623 recuperet
769 3587 814 3617 vel
836 3586 992 3617 restituatur
1012 3586 1046 3617 ad
1070 3585 1260 3619 Medietatem

193 3621 410 3656 Poffeffionum
427 3621 539 3653 suarum
551 3624 751 3661 praediCtat-um
761 3647 772 3663 ,
788 3633 859 3656 tunc
872 3624 1021 3663 praedielus
1036 3628 1127 3655 comes
1145 3626 1262 3658 habebit

199 3661 389 3708 Medietatem
412 3659 542 3691 Summae
565 3662 726 3702 praedi&ae,
745 3663 780 3693 ad
805 3662 886 3694 Festa
903 3664 1051 3702 praedicta,
1076 3674 1126 3702 per
1143 3666 1263 3704 aequalee

193 3702 379 3780 P⁰iss¹{2}{s,
396 3737 458 3768 &a

249 3779 342 3817 Teste
354 3777 437 3816 Rege
453 3775 528 3816 apud
540 3776 817 3818 Wstmonasterim,
832 3777 954 3818 septimo
966 3777 1011 3809 die
1028 3778 1164 3817 Augusti.

367 3855 424 3885 Per
441 3855 533 3884 Breve
550 3854 584 3886 de
601 3856 721 3887 Privato
738 3853 851 3894 sigillo,
868 3853 908 3891 &⁴
926 3856 959 3887 de
975 3858 1076 3895 Data,
1093 3854 1153 3892 &a

1370 184 1402 231 P
1444 193 1487 233 U
1528 194 1561 234 B
1597 193 1631 233 L
1668 195 1687 234 Ῑ
1726 196 1765 236 C
1805 199 1854 238 A.
2323 205 2375 257 63

2399 287 2527 321 AnniD.

2399 335 2510 396 3122‘556.

1743 372 1804 407 Ad
1824 377 1951 420 Papam.

1316 451 1483 491 Sam‘t'iffi'mo
1500 458 1531 484 in
1549 454 1653 493 Cla-rislo
1674 459 1755 486 Patri
1773 458 1811 492 ὅ)
1830 461 1956 495 Domino,
1975 463 2089 490 Domino
2099 462 2221 502 Caliirto,
2233 463 2377 503 Satrosbn-

1405 493 1457 521 21¹ae
1475 495 1603 522 Romanae
1621 505 1652 523 ac
1670 495 1840 535 Universa&
1858 497 1980 538 Ecclefiae
1996 498 2117 530 Summo
2136 501 2277 533 Pontifici.

1313 568 1604 624 BEaa-tserE
1624 569 1792 610 PATER,
2396 582 2532 613 Ann‚D,

1325 644 1328 648 ι
1400 607 1471 638 Post
1485 608 1661 639 devotiffima
1679 610 1791 640 Pedum
1808 611 1899 642 oscula
1912 612 2062 643 Beatorum
2078 614 2111 644 ὃ(
2128 614 2313 648 humillimam
2328 617 2374 647 Fi·
2416 629 2502 660 1455.

1311 642 1403 690 lialern
1419 647 1769 687 Recommendationem,
1787 652 1970 681 meminimus
1991 651 2125 689 superiori
2141 652 2287 692 Tempore
2305 656 2374 686 Nos
2396 664 2447 687 An.
2466 671 2513 696 34.

1311 681 1447 722 scripnsse
1459 686 1492 716 ad
1505 686 1592 716 bonae
1607 686 1763 718 Memoriae
1778 687 1994 718 Sanffiffimum
2011 689 2174 720 Dominum
2184 695 2308 723 noiirurn
2318 698 2373 723 Ni-
2395 703 2427 724 H.
2449 700 2477 727 6.

1310 722 1450 766 cholaum,
1468 725 1709 756 Praedecefforem
1725 728 1888 756 Sanc‘i‘itatis
1910 726 2024 767 vestr-e,
2043 730 2234 766 persuadentes
2249 731 2375 762 Promo·
2413 734 2474 765 Peli,

1311 767 1403 793 tiones
1418 762 1656 795 Reverendiffimi
1671 765 1871 804 Archiepiftopi
1884 767 2106 806 Cantuarienfis,
2123 768 2155 797 ὅτ
2176 769 2258 797 etiam
2281 771 2377 801 Reve-

1311 801 1392 831 rendi
1403 800 1491 832 Patris
1504 801 1636 843 Elienfir,
1654 803 1825 842 subjunxisse
1838 814 1953 842 quoque
1968 805 2042 842 illas,
2054 815 2119 842 quas
2135 805 2271 836 valuinvus
2309 808 2376 840 Pre-

1313 848 1429 883 coenpro
1447 840 1568 872 Diletfto
1584 841 1808 880 Consanguineo
1822 844 1918 873 nostro
1937 846 2052 880 Georgeo
2066 842 2189 883 Nevyll,
2210 844 2281 875 Filio
2298 848 2379 877 caris-

1313 877 1376 908 simi
1391 878 1603 920 Consanguinei
1618 881 1706 912 nostri
1719 885 1830 912 Comitis
1844 885 1959 920 Sarum,
1977 891 2006 912 ut
2022 884 2057 912 ad
2073 884 2237 921 proximum
2261 884 2379 915 Vacatu-

1312 926 1376 960 rum
1391 916 1595 958 Episcopatum
1613 919 1726 959 Angliae
1748 920 1917 951 Promoveri
1933 930 2056 960 poterat,
2076 930 2140 958 quae
2156 921 2258 959 singula
2280 933 2296 952 a
2310 923 2379 953 No-

1314 954 1356 997 bis
1373 956 1436 986 aeta
1448 958 1526 989 fuere
1539 959 1574 989 ad
1590 959 1751 990 instantiam
1765 959 1967 990 Dominorum
1987 959 2021 990 &
2037 960 2261 991 Communitatis
2277 962 2381 992 nostrae

1311 1002 1342 1036 in
1358 993 1546 1038 Parliamento
1559 996 1760 1036 existentium3
1778 1000 1827 1037 qui
1842 998 1966 1029 eundem
1981 1000 2126 1036 Geor-geum
2141 998 2223 1028 omni
2238 999 2382 1039 Dignitate

1313 1032 1512 1068 dignlffimum
1525 1035 1728 1067 acclamabant.

1351 1070 1406 1116 Sed
1419 1083 1528 1112 nuper,
1544 1074 1616 1105 dum
1633 1077 1749 1106 vacabat
1765 1075 1950 1113 Episcopatus
1966 1074 2149 1114 Exonienfis,
2167 1077 2324 1114 trajecimus
2338 1087 2381 1108 re-

1315 1116 1400 1146 pente
1416 1111 1528 1143 Oculos
1543 1115 1573 1143 in
1588 1112 1762 1154 Magistrum
1775 1113 1935 1153 Johannem
1946 1113 2038 1151 Hals,
2058 1114 2177 1145 Litteras
2192 1116 2383 1155 dirigentesad

1313 1149 1497 1192 Sanc‘litatem
1512 1152 1634 1191 vestram
1651 1163 1705 1193 pro
1719 1153 1837 1191 eodem,
1856 1154 2040 1183 immemores
2057 1154 2205 1192 equidem,
2221 1155 2334 1185 divertis
2345 1155 2380 1185 δί

1316 1195 1426 1234 magnis
1439 1193 1572 1228 occupari
1584 1191 1739 1230 Negotiis,
1758 1191 1928 1222 Litterarum
1945 1201 2012 1229 quas
2028 1193 2104 1228 prius
2117 1191 2323 1229 scripseramus:

1354 1226 1436 1270 Cum
1449 1237 1545 1259 autem
1558 1228 1739 1261 Collaterales
1749 1231 1782 1260 ὃς
1794 1229 1955 1261 Coniiliarii
1966 1229 2070 1268 nostri,
2085 1231 2115 1260 in
2133 1241 2223 1260 unum
2231 1233 2290 1270 jam
2298 1232 2382 1263 Con-

1315 1272 1441 1304 gregati,
1459 1266 1494 1296 ad
1518 1265 1694 1298 Memoriam
1710 1268 1837 1299 nostram
1851 1270 1879 1299 id
1903 1269 2089 1305 reduxerunt,
2106 1268 2293 1307 deprecamur
2315 1282 2382 1302 ean—-

1316 1302 1383 1345 dem
1396 1306 1578 1335 Sanaitatem
1596 1306 1716 1344 vestram
1731 1309 1858 1346 quatinus
1869 1307 1925 1338 illae
1941 1307 2052 1337 Priores
2074 1307 2192 1338 Litterae
2207 1309 2309 1339 nostrae
2327 1309 2381 1341 Ef-

1315 1341 1426 1372 iectum
1439 1344 1527 1373 sortiri
1541 1344 1665 1387 valeant,
1682 1347 1715 1377 &
1735 1347 1827 1376 dietus
1842 1348 1972 1384 Georgeus
1986 1345 2219 1385 Consanguineus
2239 1348 2333 1378 noster
2353 1351 2384 1379 in

1314 1382 1439 1417 praefatae
1461 1381 1594 1412 Eccleliae
1615 1383 1782 1414 Exonienfis
1799 1384 1948 1415 Pastorem
1971 1385 2156 1416 Promoveri·
2178 1386 2259 1424 cujus
2281 1386 2383 1418 Probi-

1315 1426 1371 1456 tas,
1390 1420 1532 1464 Scientia‚
1556 1423 1682 1459 praeclari
1702 1422 1820 1460 Mores,
1837 1424 1956 1462 egregiae
1978 1423 2122 1463 Virtutes,
2140 1408 2301 1463 sjperientia
2322 1426 2383 1457 Re·-

1315 1457 1367 1488 bus
1388 1468 1416 1488 1n
1437 1461 1568 1502 agendis,
1588 1462 1622 1490 &
1645 1460 1757 1492 Nobile
1777 1461 1894 1500 Genus,
1918 1462 2111 1500 dignissimum
2136 1464 2228 1502 ipsum
2250 1464 2383 1496 testantur

1313 1498 1347 1527 &
1364 1497 1517 1534 praedicant
1528 1498 1562 1529 ad
1572 1498 1724 1529 Summam
1737 1500 1917 1538 Dignitatem
1931 1501 2124 1532 extollendum
2133 1525 2143 1540 ,
2159 1504 2227 1541 qui,
2246 1503 2378 1540 singulari

1312 1534 1484 1567 Constantia
1497 1539 1530 1568 &
1545 1537 1709 1576 Gravitate,
1725 1540 1913 1576 omniumque
1929 1539 2030 1578 magna
2043 1550 2112 1570 cum
2135 1540 2378 1573 Commendatio-

1309 1584 1356 1612 ne‚
1377 1574 1598 1607 Univerfitatem
1612 1577 1741 1607 nostram
1758 1577 1885 1608 Oxoniae
1897 1576 2086 1608 Cancellarius
2099 1579 2225 1617 plurimis
2236 1581 2294 1618 jam
2309 1583 2379 1612 rexit

1313 1614 1425 1651 Annis,
1446 1616 1611 1653 acceditque
1631 1617 1661 1645 in
1683 1616 1742 1654 ejus
1760 1616 1889 1646 Laudem
1911 1615 1991 1654 quod
2013 1626 2078 1654 eos,
2097 1619 2146 1655 qui
2169 1618 2269 1649 Studio
2292 1620 2380 1658 long‘e

1310 1653 1525 1692 praeceflhrunt,
1542 1664 1603 1684 non
1618 1656 1696 1685 certe
1710 1654 1785 1694 sequi
1799 1655 1912 1685 scientia
1929 1654 2001 1686 visus
2017 1655 2076 1693 est,
2094 1656 2139 1687 sed
2154 1658 2238 1686 etiarn
2255 1668 2381 1696 praecur-

1316 1701 1386 1723 rere.

1351 1730 1390 1762 Et
1403 1733 1541 1771 quoniam
1554 1732 1698 1771 praelibata
1711 1731 1838 1763 Ecclefia
1858 1731 1955 1763 nostra
1974 1731 2138 1763 Exoniensis
2156 1735 2302 1765 remotiori
2321 1736 2380 1765 fere

1315 1766 1410 1809 Regni
1429 1771 1517 1801 nostri
1531 1771 1619 1809 Plaga
1634 1772 1681 1802 fita
1694 1771 1872 1810 dinoscatur,
1890 1772 1945 1809 qua
1955 1772 2086 1801 nonnulli
2100 1772 2242 1803 interdum
2257 1772 2385 1804 Insolen⁴

1314 1815 1356 1838 tes
1371 1808 1491 1840 Cornua
1506 1811 1643 1848 tendunt,
1665 1811 1788 1840 maxime
1804 1810 1872 1841 utile
1887 1811 2051 1840 arbitramur
2066 1819 2098 1840 ut
2116 1811 2170 1840 illic
2185 1811 2319 1843 Pontifex
2335 1813 2384 1843 ha-

1315 1846 1430 1886 beatur,
1449 1849 1499 1887 qui
1513 1849 1624 1879 strenua
1636 1849 1752 1879 suorum
1767 1848 1900 1879 Petentia
1915 1848 2064 1878 Malorum
2083 1848 2210 1880 Conatus
2221 1852 2383 1887 deprimere

1313 1888 1401 1917 valeat
1416 1889 1448 1918 ὃ(
1466 1887 1532 1918 dare
1548 1888 1653 1918 Pacem
1670 1887 1848 1917 Hominibus
1870 1888 1957 1917 bonae
1973 1887 2151 1927 Voluntatis,
2169 1889 2245 1927 quod
2261 1890 2308 1920 hic
2328 1900 2383 1920 no-

1314 1924 1370 1955 ster
1389 1925 1621 1966 Conssanguineus
1640 1926 1773 1957 facillime
1788 1926 1928 1964 absolvet,
1945 1927 1991 1964 qui
2007 1935 2040 1956 ex
2055 1927 2182 1957 maximis
2201 1928 2233 1957 ὅ(
2248 1929 2381 1965 potentis-

1316 1963 1392 1994 simis
1405 1963 1571 1996 Parentibus
1586 1965 1694 1995 Ortum
1708 1966 1807 2002 traxit,
1826 1974 1897 2002 quos
1909 1965 1959 1994 i1bi
1974 1966 2006 1994 &
2027 1966 2190 1994 innumeros
2204 1965 2384 2007 Propinquus

1315 2003 1530 2071 ὅςῆιεεείῖὲῐίοξ
1548 2004 1697 2042 Adiutores
1718 2004 1833 2034 habebit
1853 2005 1882 2032 in
1900 2003 2073 2033 Tuitionem
2095 2003 2230 2034 Ecclefiae
2247 2006 2280 2036 δε
2300 2005 2384 2037 Pacis

1313 2052 1353 2072 no
1380 2052 1419 2072 rae

1351 2065 1584 2123 Sanbl’itatemque
1605 2082 1743 2120 vestram,
1769 2080 1805 2111 ad
1830 2079 1987 2111 universalis
2011 2079 2145 2111 Ecclefiae
2170 2081 2381 2112 fecliciffimum

1314 2118 1477 2158 Regimen,
1503 2122 1537 2152 &
1562 2122 1642 2153 Fidei
1668 2119 1837 2150 Christianae
1863 2120 2082 2157 Augmentum,
2106 2122 2251 2151 conservet
2275 2120 2383 2151 Altiffi-

1316 2167 1389 2189 mus.

1352 2198 1462 2228 Datum
1483 2207 1517 2228 ex
1533 2198 1644 2228 Palatio
1658 2198 1744 2238 nostro
1759 2195 2000 2236 llsbsttnonasterii,
2018 2196 2117 2226 nostro
2139 2198 2188 2226 sub
2204 2197 2323 2228 Privato
2339 2197 2384 2228 Si-

1315 2236 1399 2275 gillo,
1420 2236 1527 2267 Mensis
1546 2237 1727 2268 Novembris
1748 2236 1794 2266 die
1810 2235 1905 2272 sexto,
1934 2234 2106 2273 Regnorum
2123 2237 2193 2267 vero
2217 2236 2383 2267 nostrorum

1317 2275 1407 2306 Anno
1419 2276 1584 2306 Tricesimo
1596 2285 1707 2314 quarto.

2406 2344 2424 2364 θ
2443 2347 2498 2378 XI.

1353 2353 1374 2373 *³
1388 2352 1519 2393 Ejusdem
1537 2352 1636 2393 Vasti-a·
1654 2354 1836 2392 Sanaitatis,
2407 2384 2460 2423 368
2493 2381 2497 2385 ,

1473 2434 1600 2462 Devotus
1617 2430 1702 2460 Filius
1721 2429 1881 2467 Henricus,
1905 2432 1960 2459 Dei
1979 2429 2075 2468 gratia}
2088 2453 2099 2468 ,
2124 2429 2189 2462 Rex
2217 2430 2332 2470 Angliae
2349 2431 2384 2463 &

1512 2470 1640 2501 Franciae
1657 2481 1688 2499 ac
1708 2468 1854 2499 Dominus
1869 2468 2038 2508 Hiberniae,
2059 2471 2120 2501 &c.

1354 2549 1426 2579 Die,
1446 2550 1550 2586 Anno,
1568 2546 1607 2583 (ἐν
1626 2549 1698 2577 Loco
1708 2538 1849 2585 mediffls
1867 2549 1946 2585 Rex,
1967 2555 2018 2585 per
2033 2545 2254 2586 Avisamentum
2273 2548 2385 2578 concilii

1307 2585 1372 2625 fiai,
1390 2585 1478 2615 Voluit
1494 2585 1532 2620 ὠ·
1547 2587 1707 2616 Mandavit
1721 2586 1797 2626 quod
1806 2585 1896 2625 Custos
1912 2587 2028 2616 Privati
2041 2585 2130 2622 Sigilli
2133 2586 2181 2625 sui
2189 2589 2316 2616 Litteras
2322 2585 2382 2628 fie-

1316 2628 1339 2653 ri
1345 2623 1456 2664 faceret
1461 2624 1515 2664 fiaeb
1527 2626 1615 2655 eodem
1630 2624 1737 2664 Sigillo,
1748 2624 1896 2664 secundum
1909 2626 2035 2655 Formam
2042 2624 2253 2664 praefiriptam3

1677 2701 1857 2742 Praesentibus
1874 2704 2015 2740 Dominis,

1317 2778 1514 2819 Cancellario,
1873 2779 1938 2810 Fitz
1957 2779 2085 2820 Waren,

1317 2820 1360 2848 Et
1374 2819 1565 2851 Thesaurario
1581 2818 1711 2860 Angliae,
1872 2818 1985 2858 Scroop
1994 2842 2004 2857 ,

1317 2859 1546 2898 Archiepiscopo
1559 2859 1704 2891 Eborum:
1871 2858 1915 2886 Et
1930 2856 2061 2888 Berners:

1317 2896 1468 2937 Epifiopi1‚
1868 2895 1993 2926 Decano
2012 2894 2110 2927 Sanffi
2127 2894 2271 2935 Severini,

1317 2936 1503 2976 Lmdoniae,
1867 2935 1928 2972 Et,

1316 2974 1527 3015 wintonienfi,
1865 2972 2000 3011 Johanne
2013 2972 2088 3013 Say,
2105 2971 2168 3009 &a

1315 3013 1530 3053 Lincolnieusi,
2161 3012 2204 3044 T.
2241 3012 2358 3044 KENT.

1313 3053 1358 3082 Et
1376 3052 1498 3084 Elienfi:

1313 3091 1452 3130 Ducibus,
1867 3090 1913 3118 W.
1931 3088 2015 3119 Ebor.

1311 3129 1446 3160 Eborum
1455 3153 1466 3166 ,
1865 3130 1902 3157 R.
1921 3130 1994 3158 York.

1310 3170 1354 3198 Et
1372 3168 1501 3199 Buckin⁰
1541 3169 1623 3199 miaez
1864 3165 1966 3196 Abbas
1980 3167 2074 3196 Sanffl
2091 3168 2177 3196 Petri.

1310 3207 1456 3237 Comitibus
1464 3230 1472 3246 ‚
1864 3207 1907 3234 H.
1922 3205 2115 3243 Buckingham.

1309 3246 1496 3277 Warrewicae
1506 3268 1517 3285 ,
1864 3244 1900 3272 H
1912 3243 1953 3273 de.

1310 3284 1412 3315 Sarum
1421 3309 1431 3322 ,
1861 3254 2028 3311 adthelmus
2050 3279 2149 3310 Abbas
2162 3277 2307 3318 Dycheceb.

1309 3325 1352 3353 Et
1367 3323 1421 3353 Wi
1441 3324 1547 3354 orniae:
1860 3320 1899 3358 J.
1918 3319 2070 3363 Worcestro.

1306 3365 1413 3392 Barom‘
1430 3373 1478 3400 us,
1859 3360 1901 3388 H.
1918 3357 2087 3395 Bourgchier.

1305 3401 1407 3432 Priore
1424 3401 1522 3432 Sanc'ti
1536 3399 1692 3438 Johanni53
1859 3399 1939 3436 Grey.

1305 3441 1522 3480 Faucomberge
1533 3463 1543 3478 ,
1859 3437 1915 3464 Ric.
1936 3432 2034 3463 Abbas
2053 3432 2086 3461 dc
2104 3431 2194 3463 Bello.

1305 3479 1464 3517 Stourton‚
1859 3475 1927 3502 Fitz
1947 3473 2058 3511 Waryn.

1299 3518 1439 3556 Seudeley
1448 3539 1459 3555 ,

1371 3655 1421 3688 De
1447 3654 1586 3685 Licentia
1603 3644 1797 3682 Traducendi
1821 3644 1925 3690 vcrfhs
1949 3644 2095 3678 Sannum
2123 3643 2294 3692 Jacobum.

1302 3738 1447 3799 REX,
1465 3734 1599 3767 univerfis
1615 3734 1648 3765 &
1665 3731 1778 3771 singulis
1794 3729 1971 3770 Admirallis‚
1991 3730 2053 3761 &c.
2071 3730 2108 3761 ad
2125 3737 2195 3769 quos
2206 3753 2216 3768 ,
2233 3729 2293 3761 &c.
2309 3729 2361 3762 Sa·
2383 3745 2514 3780 Aur-'D¹

1337 3778 1511 3855 Suptptligvit
1529 3811 1627 3843 Nobis
1642 3811 1740 3838 Petrux
1749 3810 1854 3849 Gyrton
1867 3807 1904 3839 de
1921 3808 2130 3848 Lymyngton,
2147 3806 2292 3851 Pqffeffor
2305 3816 2357 3838 cu-
2376 3794 2498 3862 „41:522

1298 3855 1410 3895 jusdam
1424 3852 1515 3884 Navis
1531 3858 1641 3892 vocata?
1655 3846 1680 3876 le
1699 3849 1813 3892 Heryng
1825 3847 1858 3877 de
1871 3850 2056 3892 Iaemyngfon,
2075 3846 2198 3888 Portagu
2222 3845 2354 3884 Qadfa.
2381 3868 2416 3891 H.
2431 3866 2458 3891 6·

1298 3896 1376 3933 ginta
1388 3893 1420 3923 &
1437 3892 1552 3932 Septem
1568 3887 1728 3917 Doliorurn
1743 3886 1790 3916 vel
1806 3888 1876 3930 insta
1886 3909 1896 3924 ,
1911 3895 1942 3917 ut
1971 3896 1995 3915 ei
2018 3885 2177 3929 Licentiam
2199 3884 2359 3929 concedere
2378 3905 2465 3930 franc.

1297 3933 1418 3977 velimus
1434 3929 1513 3967 quod
1530 3926 1583 3964 ipse
1597 3924 1717 3955 Navem
1730 3925 1897 3971 waedustarp
1908 3947 1918 3962 ‚
1945 3934 2015 3969 ¹curn
2038 3923 2256 3961 'Qumquagtnta
2278 3924 2359 3969 &⁶ss
2381 3949 2426 3977 34.
2439 3939 2513 3967 H.6·

1290 3974 1395 4009 grims,
1415 3969 1504 4014 versus
1518 3965 1648 3995 Sanctum
1661 3963 1799 4002 Jacobum
1810 3975 1840 3994 m
1855 3963 1977 3993 Galacus
2000 3962 2148 3992 traducere
2172 3961 2261 3998 poffit
2279 3961 2359 3995 helte

1294 4011 1644 4086 &fflzuffi’upplicationi
1660 4041 1807 4079 praedietae
1820 4041 1991 4073 annuentes)
2009 4037 2170 4069 Licentiam
2192 4037 2281 4077 illam,
2295 4038 2359 4069 Te-

1293 4095 1364 4117 nore
1388 4081 1592 4120 Praesennum,
1616 4079 1750 4115 duximus
1770 4077 2011 4117 concedendam,
2038 4075 2111 4109 dsim
2135 4086 2233 4109 tamen
2249 4079 2363 4147 Auriae}

2380 3988 2419 4007 m.
2435 3978 2481 4014 28:
