2555 4266
220 163 275 215 84
723 136 1950 198 CONVENTIONES,L1TERAE,

67 245 145 277 Ann·
161 243 204 275 D·
219 248 317 287 Regni
331 246 440 286 Angli-se
455 245 487 278 St
501 242 635 275 Dominii
647 241 797 273 Hiberniae
807 265 817 281 ,
834 241 938 285 absque
957 240 1052 278 aliquo
1073 236 1286 278 [mpedimento

90 285 177 323 1496-
219 296 267 317 aut
286 287 482 318 Prohibitione
501 292 671 321 quacunque
684 282 722 313 liu
746 289 922 312 contrarium
937 301 947 317 ,
963 280 998 311 &
1019 277 1122 321 absque
1149 286 1186 307 eo
1207 271 1285 312 quod

74 329 138 355 ΗΜ.
153 333 180 359 7·
219 335 336 366 propter
353 334 384 354 ea
399 323 522 366 aliquam
534 322 660 352 Poenam
674 320 732 350 five
746 319 873 351 Multam
891 319 1053 355 incurrant,
1071 322 1119 347 leu
1136 313 1216 354 quod
1235 321 1283 349 per

78 547 94 563 ¹*
116 546 185 573 xii.

76 584 144 621 582.

113 3487 135 3507 t
153 3487 223 3515 xn.

115 3525 182 3563 583·

223 365 370 396 Dominos
395 362 551 392 Parnasum
567 383 577 398 ,
603 359 759 389 Terrarum
785 359 820 391 δί
844 357 1056 388 Dominiorum
1083 353 1289 393 praedioorum

223 402 376 439 hincinde,
395 409 443 430 aut
460 409 563 430 eorum
580 397 744 428 Officiarios
762 395 984 435 &justiciarios
997 393 1101 435 poffint
1116 393 1187 438 inde·
1199 390 1292 434 redar-

225 443 292 480 gui,
310 439 449 476 acculari,
468 439 561 477 puniri
580 461 589 474 ,
615 437 661 466 vel
685 436 835 475 mulstari3
862 435 975 467 Statutis
997 436 1032 467 &
1055 430 1293 463 ordinationibus

227 481 379 511 Locorum
397 479 427 507 in
441 478 576 508 omnibus
589 475 697 514 semper
714 475 801 505 salvis.
1257 508 1265 514 ἱ

267 522 282 533 *
304 516 347 547 Ιτ
358 526 376 547 ε
386 524 414 546 Μ
423 537 434 554 ,
453 515 642 547 Conventum
651 537 662 552 ‚
679 513 902 544 Concordatum
913 513 949 545 &
961 510 1141 543 Conclusum
1153 507 1195 552 eft
1213 504 1294 545 quod

230 566 333 586 omnes
347 554 525 586 Meroetores
541 554 637 592 Regni
652 553 787 590 Angliae,
804 551 940 582 Dominii
958 550 1108 581 Hiberniae
1121 571 1131 583 ,
1143 546 1240 590 ‘Villa-2
1262 545 1296 576 &

231 594 377 626 Marchiae
385 593 563 632 Calelii‚tam
576 592 754 623 rviercatoroe
766 592 924 628 Lanarum,
934 584 1299 628 Coriorum,V1,⁴2lualium,

231 636 411 670 Armorum,
442 632 609 672 Equorum,
631 630 793 669 jocalium,
818 630 902 668 quarn
929 629 1047 670 aliarum
1069 625 1295 676 Mercaptiarum

235 681 503 710 quarumcumque,
520 680 636 701 necnon
651 680 753 701 eorum
776 668 926 702 Factorem
947 665 1125 708 Familiares,
1148 662 1295 700 hagono-

229 721 295 742 rum
319 710 479 748 Gestores,
505 712 539 742 ὅτ.
568 707 715 746 Ministri,
741 707 868 744 Naurae,
887 704 1020 744 Magistri
1032 702 1167 747 Navium
1182 702 1216 732 &
1230 697 1299 729 Ma-

231 750 344 789 rinarii,
361 758 496 787 poterunt
510 749 674 787 Navigare,
692 746 752 783 lre,
771 745 901 776 Tranfire
917 745 950 776 ὃς
969 742 1078 773 Redire
1093 750 1142 778 per
1162 738 1247 781 Mare
1267 738 1301 769 &

233 789 329 828 Aquas
341 788 450 826 dulces,
459 787 568 818 Eundo
579 788 613 817 ὃς
622 785 796 821 Redeundo,
804 781 987 819 Conversari,
1002 779 1070 810 Effe
1084 781 1118 811 ὃς
1132 777 1246 823 Morari
1259 775 1300 806 se·

233 828 303 858 cure
321 829 355 859 ὃ(
368 828 457 858 libere
472 828 503 857 in
519 825 633 862 Patriis,
651 823 749 853 Terris
765 824 799 855 &
815 822 961 852 Dominiis
988 817 1084 856 raefati
1106 820 1218 847 Donum
1237 816 1301 845 Ar*

233 865 367 904 chiducis,
385 868 419 898 &
435 866 519 896 etiam
532 866 562 894 in
577 863 720 893 Portubus
737 862 770 892 ὃς
786 860 942 891 Littonbus
984 859 1126 894 atriarum,
1142 854 1302 900 Terrarum

235 906 272 937 ὃ(
286 905 496 935 Dominiorum
512 902 736 941 praedictorum,
762 909 811 937 per
831 900 928 935 {ipsum
949 900 1096 927 Dominum
1118 892 1302 936 Archidacerfi

237 944 409 981 autorisatisg,
426 944 455 972 in
472 941 553 971 Villis
575 939 743 977 (videlicet)
771 939 821 967 ubi
839 936 1013 967 Custumarii
1035 936 1068 967 &
1092 933 1135 964 alii
1158 930 1303 962 Officlaru

238 982 439 1013 Archiducales
450 981 511 1010 sunt
525 979 646 1008 ordinati
659 978 694 1007 ad
717 975 884 1008 Vacandum
905 977 939 1007 ἃ
959 972 1176 1005 Attendendum
1195 980 1248 1014 pro
1269 970 1303 1002 &

237 1021 318 1059 super
330 1020 449 1050 Introitu
462 1020 495 1050 δε
508 1017 592 1048 Exitu
609 1016 742 1047 Navium
752 1038 761 1054 ,
787 1014 985 1045 Mercatorum
1007 1013 1041 1044 &
1060 1010 1285 1054 Mercantiarum
1294 1031 1305 1047 ,

237 1061 273 1092 δε
290 1069 349 1089 non
364 1059 429 1089 alibi
446 1067 499 1086 nec
515 1058 544 1086 in
557 1056 615 1086 aliis
630 1055 737 1093 Locis,
755 1063 825 1084 cum
839 1063 940 1084 eorum
952 1052 1039 1083 Bonis
1054 1073 1065 1089 ,
1084 1049 1251 1080 Meroentus
1269 1048 1303 1080 δί

236 1098 371 1129 Navibus
387 1095 529 1134 praedietis
544 1094 772 1131 quibuscumque
786 1116 795 1130 ,
820 1093 854 1124 &
877 1101 947 1122 cum
966 1089 1179 1120 Mercatoribus
1200 1087 1306 1119 Patria·
1336 1117 1342 1122 ,

236 1146 319 1174 rum,
337 1135 490 1165 Terrarum
506 1135 539 1165 δε
556 1133 765 1163 Dominiorum
779 1131 887 1171 praefati
910 1132 1024 1160 Domini
1044 1126 1209 1170 Archiduqis
1229 1149 1239 1164 ‚
1255 1125 1303 1157 seu

237 1184 338 1206 eorum
355 1173 540 1211 Facioribm,
558 1171 751 1202 familiaribus
763 1193 773 1209 ,
794 1171 829 1202 &
850 1169 1050 1208 Negotiorum
1071 1165 1244 1210 Gestonbus
1269 1166 1302 1197 &

238 1212 395 1248 Ministris,
413 1222 527 1242 necnon
543 1221 611 1241 curn
628 1210 765 1240 omnibus
788 1209 846 1238 aliis
863 1206 1075 1238 Mercatoribus
1096 1205 1304 1244 cujuscumque

238 1252 275 1284 N
278 1253 378 1283 ationis
392 1250 525 1288 existant,
543 1251 577 1281 &
591 1258 693 1279 eorum
707 1247 874 1278 factoribus
887 1269 898 1285 ,
917 1245 1108 1277 Familiaribus
1124 1267 1133 1282 ‚
1157 1242 1305 1287 Negotio-

239 1301 307 1321 rum
324 1289 494 1321 Gestoribus
515 1290 548 1321 &
572 1287 712 1318 illinistris
725 1310 735 1325 ,
759 1286 795 1316 de
819 1285 1036 1324 quibuscunque
1055 1283 1227 1314 Mercantus
1245 1284 1305 1312 tarn

238 1329 413 1360 victualium
428 1329 515 1366 quam
528 1328 585 1357 aliis
597 1327 685 1357 libere
701 1325 847 1363 Mercari,
862 1324 984 1362 Emere,
1002 1322 1119 1354 Habere
1133 1323 1167 1354 &
1188 1320 1303 1351 Vende-

240 1378 289 1405 re,
309 1378 342 1398 ac
357 1367 528 1398 Mercantias
544 1366 636 1396 facere
651 1374 801 1406 poterunt,
818 1373 882 1402 quae
897 1364 930 1393 ad
947 1364 984 1406 ὃς,
1006 1363 1035 1392 in
1059 1360 1213 1399 praedicto·
1228 1359 1306 1404 ¹Por-

238 1414 284 1437 tus
300 1408 332 1438 &
350 1406 461 1436 Littora
475 1405 650 1442 Patriarum,
668 1405 824 1435 Terrarum
839 1404 873 1435 &
888 1401 1103 1444 Dominiorum
1127 1399 1235 1437 praefan
1248 1401 1307 1428 Do-

241 1448 308 1475 mini
323 1445 504 1482 Archiducis,
520 1446 579 1474 tarn
594 1453 695 1474 eorum
713 1442 826 1481 propria
849 1441 928 1472 Bona
948 1441 1036 1479 quam
1059 1439 1147 1469 ahena
1163 1461 1173 1476 ,
1191 1437 1307 1469 Ducere

239 1485 286 1514 vel
302 1484 382 1514 Duci
398 1484 507 1521 facere,
525 1483 559 1516 &
571 1483 606 1513 ab
620 1482 682 1520 ipsis
695 1481 839 1512 Portubus
852 1480 899 1510 seu
914 1479 1075 1510 Littoribus
1091 1476 1306 1516 quotienscum-

241 1522 566 1592 ἓὲῗέῑὲωὲἒῗ-ῗὲἓὲἒὲ,
579 1523 672 1590 {⁵013}ss
673 1515 1237 1595 Οῗῗεῖἓὲηέἶῗίἲίἕεῖἓὶῗςὲρέἳιῖἓῗὲ
1239 1517 1308 1593 ἒιῖῗ

358 1585 367 1599 Ί
675 1582 685 1598 ³

242 1599 351 1631 buscun
373 1610 420 1630 ue:

279 1638 334 1677 Et,
352 1611 409 1679 gari
424 1637 532 1676 modo,
552 1636 726 1668 Mercatores
740 1636 912 1674 patriarum,
926 1634 1083 1666 Terrarum
1099 1634 1135 1666 &
1150 1632 1309 1663 Dominio-

241 1687 308 1746 lrium
316 1676 431 1748 prgcfatli
442 1676 736 1744 Domi⁷3<1Archiducis
747 1677 805 1706 tarn
821 1671 1312 1742 Lammffi'ufforffgssffiffi-iffiugss

264 1726 312 1746 um
398 1726 514 1746 ararum
529 1733 538 1745 i
568 1724 751 1745 ercannarum
792 1723 928 1744 uarumcu

243 1765 303 1792 res,
318 1740 494 1791 'Familiarez
514 1754 549 1785 N
587 1754 712 1783 otiorum
728 1752 787 1782 Gei
801 1762 880 1791 ores,
899 1752 934 1784 ὅτ.
949 1751 971 1781 h
991 1735 1099 1788 mitri,
1116 1749 1232 1786 Nautae,
1243 1747 1308 1779 Ma-

263 1793 323 1824 istri
338 1793 472 1824 Navium
486 1794 519 1825 &
536 1792 561 1822 ll
578 1792 684 1821 arinan'i
705 1799 837 1829 poterunt
856 1791 892 1821 de
914 1799 1020 1821 caetero
1045 1788 1144 1820 secure
1165 1789 1199 1820 δε
1219 1788 1307 1818 libere

267 1832 409 1871 Tavigare,
424 1831 486 1868 Ire,
504 1830 636 1861 Tranfire
652 1832 685 1863 &
700 1829 805 1860 Redire
823 1840 871 1867 per
888 1828 971 1859 Mare
986 1829 1020 1860 &
1036 1827 1130 1867 Aquas
1144 1827 1257 1859 dulces,
1274 1827 1308 1858 ὃ(

243 1870 351 1903 Eundo
365 1871 399 1903 δι
415 1869 589 1906 Redeundo,
597 1868 779 1907 Conversari,
793 1868 850 1899 esse
863 1869 892 1898 in
905 1867 986 1898 dicitis
994 1867 1101 1906 Regno
1109 1866 1233 1905 Angliae,
1239 1865 1310 1896 Do·

243 1910 337 1939 minio
351 1909 503 1939 Hiberniae
515 1910 547 1939 δε
565 1908 647 1938 Villae
663 1909 698 1940 &
711 1906 906 1939 Marchiarum
922 1906 1033 1945 Calefii,
1046 1906 1079 1937 &
1095 1906 1180 1936 etiam
1196 1906 1225 1935 in
1233 1903 1308 1935 Por-

240 1949 325 1979 tubus
341 1949 375 1980 &
396 1948 551 1978 Linoribus
564 1946 687 1985 ipsorum
705 1957 754 1984 per
767 1946 919 1986 praefatum
933 1949 1030 1983 Regem
1045 1944 1161 1982 Angliae
1184 1943 1309 1974 audieri-

244 1988 325 2026 satis,
342 1989 370 2016 in
392 1987 472 2017 Villis
488 1992 493 2009 f
506 1985 656 2022 videlicet)
674 1985 726 2016 ubi
739 1984 917 2015 Custumarii
932 1985 965 2015 ὅ(
980 1984 1026 2014 alii
1047 1983 1190 2014 Officiarii
1211 1983 1241 2013 R
1279 1993 1308 2013 a-

243 2025 282 2056 les
295 2026 357 2056 sunt
369 2026 489 2056 ordinati
502 2025 537 2055 ad
556 2024 722 2055 Vacandum
739 2024 771 2055 &
786 2023 1004 2054 Attendendum
1026 2032 1080 2060 pro
1100 2023 1134 2053 &
1157 2021 1238 2060 super
1273 2031 1308 2051 n—

243 2066 331 2095 troitu
346 2066 379 2096 &
394 2064 478 2094 Exitu
494 2063 643 2102 Navium,
663 2062 859 2094 Mercatorum
875 2063 909 2094 &
932 2061 1174 2098 Mercantiarum,
1193 2062 1227 2093 &
1247 2071 1309 2091 non

243 2103 326 2140 alibi,
344 2112 412 2133 curn
424 2112 525 2134 eorum
542 2101 636 2141 Bonis,
656 2101 821 2146 Mercantiis
838 2103 870 2133 ὃς
889 2100 1028 2145 Navibus
1037 2100 1178 2139 praediffis
1194 2100 1309 2144 quibus-

243 2139 1057 2224 {iffiiffinfiuffufflffiisssssssiissffssaeraffliffissffg
1073 2137 1309 2222 ῗΝξῗῙὲιῗὲὲυῗξ

245 2217 418 2249 Gestoribus
432 2220 466 2250 &
483 2218 640 2255 Ministris,
657 2226 692 2249 oe
703 2220 918 2258 quibuicunque
934 2217 1102 2248 Mercantus
1116 2219 1175 2247 tam
1191 2215 1310 2248 Victua-

246 2258 319 2288 lium
332 2259 420 2296 quam
435 2258 492 2288 aliis
510 2257 598 2288 libere
612 2257 753 2294 Mercari,
773 2257 875 2288 Emere
889 2258 922 2289 δε
936 2255 1069 2287 Vendere
1082 2278 1092 2294 ‚
1113 2255 1147 2286 &
1173 2254 1309 2286 Mercari·

245 2296 331 2327 disam
347 2297 438 2327 ficere
454 2305 605 2335 poterunt,
628 2306 692 2336 quae
710 2296 747 2327 ad
771 2297 803 2327 δε
826 2297 855 2326 in
878 2295 1031 2333 praedicstos
1053 2294 1158 2325 Portus
1179 2294 1312 2333 Angliae,

246 2335 396 2366 Hiberniae
409 2336 443 2366 &
455 2335 574 2374 Calefii,
588 2339 646 2366 tarn
662 2344 763 2365 eorum
779 2334 857 2366 Bona
872 2335 985 2372 propria
1008 2335 1097 2372 quam
1112 2335 1197 2364 etiam
1212 2334 1311 2371 aliena,

246 2374 364 2404 Ducere
378 2374 422 2404 vel
439 2373 520 2405 Duci
533 2375 639 2413 facere,
658 2375 692 2407 &
706 2374 741 2404 ab
754 2374 814 2414 ipsis
829 2373 974 2404 Portubus
988 2373 1034 2403 seu
1058 2371 1217 2403 Littoribus
1235 2382 1309 2411 quo-

246 2413 453 2453 tienscumque,
470 2413 700 2453 quandocunque
715 2413 749 2444 δε
760 2422 934 2452 quocunque
947 2411 1092 2443 voluerint
1113 2411 1204 2442 libere
1219 2412 1253 2443 &
1268 2410 1310 2441 se-

247 2454 316 2483 cure
335 2452 483 2483 Recedere
496 2453 530 2484 &
545 2452 651 2483 Redire
665 2461 735 2482 cum
750 2461 853 2482 eorum
868 2451 963 2489 Bonis,
982 2450 1150 2481 Mercantiis
1165 2450 1200 2481 δε
1216 2449 1311 2480 Navi-

247 2492 318 2529 bus,
336 2491 437 2530 absque
448 2501 485 2522 eo
496 2491 574 2529 quod
593 2491 643 2530 ipfi
659 2492 806 2530 propterea
822 2501 870 2529 per
882 2489 1032 2521 Dominos
1046 2488 1228 2528 Regnorum,
1244 2488 1312 2519 Do-

247 2532 422 2568 miniorum,
439 2530 595 2560 Patriarum
612 2532 648 2563 &
662 2530 819 2560 Terrarum
836 2529 1056 2569 praedictarum,
1072 2528 1119 2558 seu
1133 2537 1234 2558 eorum
1252 2527 1310 2558 Of-

249 2568 368 2599 ficiarios
381 2570 483 2607 quovis
498 2569 584 2606 paeto
596 2569 723 2607 redargui
743 2568 789 2598 vel
810 2568 903 2607 aliqua
922 2567 1016 2598 Poena
1037 2566 1168 2597 mulerari
1188 2566 1312 2606 possint,

247 2607 294 2637 seu
309 2606 389 2644 quod
407 2616 455 2645 per
468 2607 581 2637 eosdem
593 2607 656 2647 ipsis
667 2607 878 2638 Mercatoribus
892 2606 996 2645 aliquid
1011 2605 1312 2644 Dampnum,Praeju-

249 2647 359 2676 dicium
367 2646 417 2680 ,vel
432 2645 677 2685 Impedimentum
693 2645 750 2675 fieri
766 2654 812 2676 aut
829 2646 925 2675 inferri
938 2643 1023 2684 poffit
1040 2653 1091 2683 per
1117 2642 1203 2674 Viam
1226 2644 1312 2683 faeti,

248 2683 396 2715 occafione
414 2683 534 2714 Guerrae
549 2684 596 2714 vel
616 2684 870 2722 Depraedationum
890 2693 937 2713 aut
955 2682 1202 2722 Attemptatorum
1220 2683 1313 2713 facffo·

249 2733 316 2753 rum
335 2722 381 2753 vel
400 2721 579 2760 fluidorum,
597 2722 642 2752 vel
657 2723 712 2753 alio
729 2721 822 2752 modo
848 2730 883 2751 ex
909 2720 1003 2750 Causa
1028 2729 1215 2760 quacunque;
1249 2721 1313 2751 Sol-

249 2761 346 2792 vendo
369 2770 462 2792 tamen
477 2784 486 2799 ,
509 2769 647 2801 quantum
673 2762 770 2791 attinet
792 2759 829 2790 ad
856 2758 1034 2789 Mercatores
1057 2758 1196 2798 utriusque
1226 2759 1314 2789 Partis

249 2800 378 2832 Patrium
392 2799 609 2839 praedichrum,
627 2809 681 2837 pro
698 2798 810 2838 Rebus,
827 2797 913 2829 Bonis
927 2798 959 2828 δε
980 2796 1149 2828 Mercantiis
1168 2797 1231 2836 suis,
1245 2798 1313 2836 Jura

249 2840 284 2870 ὃ(
307 2839 469 2870 Theolonia
495 2848 561 2876 quae
583 2847 648 2869 ante
671 2838 888 2877 Q'nquaginta
917 2837 1017 2867 Annos
1047 2837 1182 2874 proximo
1209 2836 1314 2874 elapsos

251 2877 368 2916 statuta,
385 2878 473 2908 soluta
492 2878 525 2908 δε
545 2877 676 2909 consueta
697 2878 826 2915 fuerunt,
845 2876 879 2906 δε
898 2885 957 2905 non
975 2875 1040 2905 alia:
1061 2876 1096 2905 δε
1115 2875 1315 2906 nichilominus

251 2925 385 2954 poterunt
401 2914 542 2955 um'usque
560 2916 650 2947 Partis
668 2915 815 2954 Principes
833 2915 864 2944 in
880 2913 1027 2945 Dominiis
1042 2913 1110 2949 suis,
1125 2915 1220 2952 quoad
1237 2913 1313 2944 Sub-

252 2955 328 2986 ditos
346 2955 423 2991 suos,
443 2955 507 2985 talia
521 2954 589 2993 Jura
607 2956 641 2986 &
659 2953 824 2986 Tbeolonia
839 2963 904 2990 quae
922 2953 1073 2983 voluerunt
1089 2952 1123 2982 de
1141 2962 1223 2982 novo
1241 2952 1318 2982 insti-

254 3002 348 3024 tuere:
370 2993 509 3023 Poterunt
525 2995 625 3032 etiam,
643 3003 703 3023 non
722 2992 899 3024 obstantibus
916 2992 1074 3029 praediffis,
1089 2991 1184 3021 Causa
1202 2991 1315 3022 Neces-

255 3032 338 3063 sitatis
357 3031 548 3070 Vic‘tualium,
566 3032 599 3062 &
617 3031 668 3062 alia
680 3032 755 3069 justa
781 3033 815 3064 δε
839 3030 997 3061 rationabili
1021 3029 1113 3060 Causa
1129 3052 1138 3067 ,
1163 3029 1319 3061 Prohibere

257 3071 292 3102 &
312 3071 495 3115 Defendere,
511 3072 549 3100 ne
565 3069 739 3115 talenGenus
757 3069 932 3100 Vistualium
951 3068 1028 3108 quod
1046 3070 1084 3099 eis
1101 3069 1188 3107 magis
1206 3069 1317 3099 videbi—

258 3118 311 3178 turI
320 3109 648 3191 ssaffiqifecaosspffinnnf
660 3109 881 3192 &affigit-um
903 3147 937 3178 δε
959 3145 1150 3177 Conventum
1173 3145 1216 3176 est
1240 3145 1321 3186 quod

259 3185 437 3218 Mercatores
452 3186 591 3224 utriusque
609 3186 735 3217 Paruum
752 3186 968 3225 praedl&.3mm,
986 3187 1021 3217 ὃ(
1046 3194 1146 3216 eorum
1173 3184 1321 3222 faetores,

261 3224 435 3265 Familiares,
453 3225 654 3264 Negonorum
674 3224 811 3256 Gestores
829 3225 862 3254 &
883 3223 1029 3260 Ministri,
1051 3233 1167 3253 necnon
1191 3222 1323 3261 Magistri

261 3263 415 3302 Navium,
434 3263 582 3294 Marinarii
597 3264 632 3294 &
649 3263 758 3294 Nautae
773 3271 907 3302 poterunt
922 3263 998 3292 licite
1015 3262 1143 3299 Ducere,
1162 3261 1275 3292 Portare
1290 3263 1323 3292 <Sc

263 3301 379 3332 Habere
393 3313 462 3333 curn
481 3303 533 3332 illis
551 3303 585 3333 δε
604 3303 682 3339 super
701 3302 763 3332 illos
781 3302 809 3331 in
827 3311 928 3330 eorum
946 3300 1080 3331 Navibus
1105 3301 1193 3330 Arma
1218 3299 1322 3330 Invasi—

264 3349 300 3370 va
317 3341 350 3371 ὃ(
370 3341 539 3379 Defenfiva,
557 3341 749 3379 cujuscunque
767 3340 874 3379 generis
891 3340 1004 3377 fuerint,
1021 3339 1056 3369 ad
1072 3338 1120 3377 Se,
1133 3349 1234 3369 corum
1250 3338 1326 3369 Cor-

266 3389 353 3417 pora,
372 3379 465 3416 Bona,
486 3379 673 3410 Mercandisas
687 3380 720 3409 &
738 3379 838 3409 Naves
857 3378 935 3408 salvo
954 3379 987 3409 δε
1005 3377 1102 3407 seoere
1121 3387 1222 3408 contra
1244 3377 1324 3415 quos-

268 3427 381 3483 cunque
398 3417 574 3448 Seri-andum
592 3419 625 3449 &
643 3417 883 3454 Defendendum,
901 3417 960 3446 tam
976 3415 1084 3446 Eundo
1101 3416 1133 3446 δε
1162 3415 1327 3446 Redeundo

269 3465 318 3494 per
338 3473 348 3485 t
359 3455 419 3486 =1are
437 3458 470 3487 &
490 3457 585 3495 Aquas
603 3456 710 3493 dulces,
727 3466 812 3495 quam
831 3454 980 3485 Morando
998 3455 1028 3483 in
1045 3454 1140 3491 aliquo
1156 3453 1246 3484 Portu
1263 3453 1332 3484 Par-

269 3497 343 3526 tium
362 3495 572 3533 praedic‘karum,
587 3505 638 3533 ac,
656 3497 726 3525 ctim
741 3495 958 3533 applicuerunt,
976 3494 996 3511 ⁸
1017 3493 1279 3530 quotienscunque,
1294 3503 1327 3522 u—

270 3534 434 3570 bicunque,
452 3533 485 3562 &
504 3543 673 3572 quacunque
689 3534 725 3564 de
751 3532 830 3564 causa
846 3532 873 3562 id
893 3532 1060 3569 contigerit,
1077 3541 1176 3560 eorum
1197 3530 1328 3570 Gladios,

273 3571 430 3610 Dagarios,
448 3570 575 3601 Lanceas
595 3573 629 3603 &
655 3572 793 3602 Culrellos
818 3594 828 3608 ,
851 3570 949 3601 secum
978 3569 1065 3607 usque
1090 3570 1124 3599 ad
1147 3570 1267 3599 Terram
1292 3572 1326 3601 &

271 3621 323 3650 per
340 3610 462 3640 Terram
483 3609 518 3639 ad
535 3620 637 3640 eorum
654 3610 786 3648 Hospitia
799 3610 888 3640 libere
907 3610 941 3640 &
956 3609 1076 3647 impune
1090 3608 1196 3639 deferre
1213 3611 1246 3640 &
1261 3618 1329 3648 por-

271 3658 354 3686 tare3
379 3647 499 3679 Proviso
524 3657 618 3679 tamen
643 3650 723 3685 quod
750 3650 780 3678 in
805 3648 974 3679 eorumdem
997 3647 1134 3684 Hospitiis
1151 3646 1272 3678 Gladios
1295 3649 1330 3679 &

269 3688 400 3757 gance&
415 3686 563 3726 deponent
580 3688 612 3717 &
631 3687 804 3727 relinquent,
827 3686 972 3725 quousque
989 3686 1026 3717 ad
1045 3695 1144 3717 eorum
1171 3685 1272 3717 Naves
1290 3696 1332 3716 re-

301 3735 370 3756 rent.

309 3764 439 3802 ITEM,
458 3762 666 3799 Conventum,
685 3762 905 3794 Concordatum
924 3763 958 3794 &
983 3762 1162 3794 Conclusam
1187 3762 1228 3792 est
1253 3763 1334 3801 quod

276 3801 456 3833 Mercator&
470 3801 607 3840 utriusque
625 3800 712 3831 Partis
727 3801 854 3832 Partium
871 3801 1091 3840 praedifflirum,
1108 3811 1141 3831 ac
1159 3811 1260 3830 eorum
1280 3802 1334 3832 Fa-

277 3841 385 3877 &ores,
403 3841 578 3878 Familiares,
597 3838 792 3877 Negotiorum
811 3840 964 3879 Gestores,
982 3841 1015 3871 &
1030 3839 1178 3877 Ministri,
1197 3839 1304 3871 Nauae
1322 3864 1331 3878 ‚

277 3877 407 3917 Magistri
426 3879 558 3908 Navium
583 3878 616 3909 &
644 3877 789 3908 Marinarii
817 3881 878 3909 tute
905 3880 937 3909 &
960 3879 1058 3910 secure
1089 3881 1275 3909 morabuntur
1304 3881 1333 3909 in

278 3915 403 3955 Regnis,
422 3917 583 3954 Dominiis,
601 3916 698 3947 Patriis
715 3917 749 3947 ὃς
770 3916 867 3947 Terris
892 3916 1059 3955 Principum
1078 3917 1284 3955 praedictorum
1301 3920 1334 3949 &

1323 236 1371 260 aut
1387 235 1489 258 eorum
1508 224 1696 262 factoribus,
1718 224 1919 263 Negotiorum
1935 223 2121 265 Gestoribus,
2143 221 2294 259 MinistriS,
2309 219 2397 251 Nau·
2409 209 2541 246 Ami-DS

1324 268 1374 305 tis,
1394 264 1542 303 Magistris
1559 263 1694 294 Navium
1715 265 1750 296 &
1768 263 1930 294 Marinariis
1945 263 2049 295 faciant
2065 273 2112 295 aut
2137 263 2196 294 fieri
2221 267 2397 302 procurent,
2427 251 2515 291 1496·

1325 307 1359 337 ὅ(
1377 305 1459 344 quod
1477 303 1655 334 Mermtores
1668 303 1785 333 aliarum
1805 302 1962 333 Patriarum
1980 303 2015 335 &
2033 303 2208 339 Nationum,
2223 308 2324 331 eorum
2337 298 2392 328 Fa·
2405 296 2469 320 Hm·
2487 300 2516 327 1-

1326 345 1440 382 ἃοῑῶ,
1458 343 1658 381 Negotiorum
1678 340 1836 379 Gestores,
1857 339 2005 378 Ministri‚
2024 341 2150 380 Nautae,
2168 338 2303 380 Magistri
2326 336 2396 382 Na-

1327 386 1410 414 vium
1429 385 1462 414 &
1484 381 1632 412 Marinarii
1645 403 1655 418 ,
1673 380 1885 412 Mercatoribus
1903 379 1937 409 &
1963 378 2088 412 Subditis
2113 381 2229 418 alicujus
2255 378 2397 414 Principis

1328 423 1495 459 Principum
1517 420 1721 460 praedic‘lorum
1741 419 1852 450 nullum
1870 417 2061 455 Dampnum,
2081 418 2214 456 Iniuriam
2241 417 2288 448 vel
2313 417 2395 449 Prae-

1320 460 1464 500 judicium
1482 457 1596 499 aliquod
1611 459 1641 489 in
1667 459 1754 489 Locis
1779 457 1923 498 praedictis
1949 457 2069 488 inferant
2093 466 2141 489 ant
2164 457 2261 488 inferri
2281 461 2394 496 'procu-

1328 509 1398 531 rent.

1366 537 1499 575 ITEM,
1516 535 1726 574 Conventum,
1744 534 1964 567 Concordatum
1984 533 2020 564 δε
2039 533 2223 565 (aonclusum
2245 533 2289 566 est
2315 533 2398 573 quod

1330 575 1482 615 Pisiatores
1509 575 1651 614 utriusque
1679 574 1766 605 Partis
1797 575 1925 605 Partium
1979 571 2159 604 medietatum
2187 573 2399 613 (cujuscunque

1330 614 1506 645 conditionis
1524 614 1658 649 existant)
1676 622 1810 651 poterunt
1829 613 1935 649 ubique
1967 620 1997 641 re
2015 633 2025 649 ,
2051 610 2197 651 Navigare
2298 612 2399 651 Mare,

1329 651 1418 690 fi’cure*
1435 654 1540 695 Pincari
1557 652 1656 692 absque
1680 651 1772 692 aliquo
1793 651 1986 690 Impedimento
2006 649 2140 682 Licentia
2158 649 2205 680 seu
2221 621 2296 681 {liro
2314 650 2383 681 Con

1330 692 1437 722 du&u:
1481 699 1512 728 t,
1530 690 1548 720 fi
1566 691 1714 728 contingat
1731 691 1840 727 aliquos
1856 700 1889 721 ex
1916 689 2107 720 piscatoribus
2132 689 2214 720 unius
2236 687 2326 719 Partis
2349 699 2399 730 per

1332 729 1508 766 Fortunam,
1525 728 1745 768 Tempestatem
1764 727 1874 766 Maris,
1894 727 1966 759 Vim
1984 727 2142 767 Hostium,
2155 736 2205 758 aut
2229 726 2285 758 alio
2311 728 2401 759 modo

1333 768 1471 807 compelli
1491 768 1595 800 intrare
1612 768 1739 806 aliquem
1757 766 1881 797 Portum
1899 767 1945 797 vel
1963 766 2139 798 Distrit'mm
2155 766 2267 797 alterius
2291 765 2401 804 Partis,

1336 807 1450 837 ibidem
1476 806 1596 844 pacifice
1621 807 1655 838 &
1681 805 1869 837 amicabiliter
1901 804 2090 845 Recipientur
2124 807 2157 837 &
2190 804 2404 836 Traekabunrur

1338 845 1507 882 (Solvendo
1523 848 1552 875 in
1572 846 1662 876 Locis
1680 846 1731 875 ubi
1755 844 1938 883 applicabunt
1961 844 2030 882 jura
2052 845 2086 876 &
2110 844 2275 875 Theolonia
2301 844 2403 881 praedi—

1335 884 1400 922 eta)
1421 885 1455 915 &
1470 885 1508 915 ab
1525 884 1576 914 illis
1592 883 1737 914 Portubus
1755 883 1789 913 &
1815 883 1905 913 Locis
1929 891 2064 922 poterunt
2089 883 2177 914 libere
2203 883 2354 913 Recedere
2371 883 2405 913 &

1336 922 1458 961 Redire,
1478 932 1548 953 curn
1567 931 1670 953 eorum
1688 921 1826 952 Navibus
1845 921 1879 952 &
1901 920 1989 952 Bonis
2003 944 2014 960 ,
2038 921 2094 952 fine
2118 921 2334 961 Impedimento
2357 920 2405 951 vel

1334 961 1578 992 Contradiffione
1597 970 1788 999 quacunque,
1807 959 1972 990 dummodo
1991 969 2088 991 tamen
2106 971 2155 999 per
2178 961 2251 999 ipsos
2277 960 2403 991 Piscato-

1333 1010 1376 1031 res
1394 1010 1455 1031 non
1472 1001 1673 1031 committatur
1688 999 1773 1030 Fraus
1790 1008 1883 1037 neque
1900 997 2011 1037 Dolus,
2027 1000 2074 1030 ieu
2090 1009 2140 1038 per
2155 1010 2205 1031 eoe
2225 1000 2283 1031 aliis
2308 999 2405 1030 Dam-

1335 1049 1429 1078 pnum
1445 1040 1568 1069 minime
1587 1038 1643 1070 fiat.

1371 1077 1500 1115 ITEM,
1515 1077 1724 1114 Conventum‚
1745 1075 1967 1107 concordatum
1986 1075 2021 1107 δε
2045 1075 2227 1107 Conclusum
2253 1076 2294 1108 est
2321 1076 2404 1115 quod

1334 1127 1364 1147 in
1382 1117 1465 1147 nullis
1480 1116 1624 1148 Portubus
1637 1125 1686 1147 aut
1704 1116 1863 1147 Littoribus
1878 1114 2007 1146 Partium
2021 1115 2221 1154 praedietarum
2237 1125 2284 1147 aut
2301 1125 2407 1147 eorum

1333 1155 1445 1186 alterius
1463 1154 1567 1187 Piratae
1584 1165 1631 1187 aut
1649 1155 1714 1193 alii,
1733 1154 1792 1185 fine
1810 1155 1970 1185 Auroritate
1986 1153 2100 1184 suorum
2124 1155 2291 1192 Principum
2307 1154 2405 1185 Guer-

1336 1204 1399 1225 ram
1417 1193 1498 1233 super
1524 1193 1609 1226 Mare
1632 1194 1765 1225 facientes
1779 1216 1788 1232 ,
1814 1193 1871 1224 five
1894 1192 2032 1224 Nationis
2057 1192 2186 1225 Partium
2209 1192 2409 1231 praedictarum

1337 1242 1385 1264 aut
1403 1234 1513 1264 alterius
1531 1233 1667 1264 Nationis
1685 1232 1877 1271 cujuscunque
1895 1231 2027 1270 fuerunt,
2043 1232 2137 1272 aliquo
2156 1232 2248 1263 modo
2265 1230 2410 1269 Recepta-

1338 1273 1445 1303 buntur
1459 1295 1470 1312 ,
1488 1272 1661 1317 nequeipfis
1676 1281 1724 1302 aut
1741 1280 1846 1302 eorum
1863 1271 1949 1301 alicui
1961 1271 2072 1302 ibidem
2087 1271 2132 1302 seu
2146 1272 2213 1302 alibi
2231 1271 2261 1301 in
2287 1269 2409 1309 Regnis,
2424 1273 2430 1276 '

1338 1311 1452 1355 Patriis,
1470 1310 1635 1350 Dominus,
1649 1311 1690 1355 ιὅς’.
1707 1310 1805 1341 Terris
1823 1309 1996 1347 Principum
2011 1309 2218 1348 praedi&orum
2233 1307 2409 1348 inPecunia,

1339 1351 1452 1388 Armis,
1473 1350 1669 1381 instrumentis
1683 1348 1794 1380 Bellicis
1808 1371 1818 1386 ,
1844 1347 2023 1380 victualibus
2036 1373 2047 1388 ,
2064 1358 2110 1380 aur
2128 1349 2180 1380 alia
2200 1347 2248 1378 Re
2267 1357 2408 1387 quacum-
2436 1375 2440 1383 ,

1340 1399 1414 1427 que,
1440 1389 1537 1428 aliquo
1561 1389 1665 1427 pasto,
1689 1388 1835 1419 Auxilium
1861 1387 2055 1426 praestabitur,
2080 1398 2136 1419 nec
2163 1387 2257 1419 Favor
2272 1409 2282 1425 ,
2309 1387 2411 1426 quovis

1337 1428 1456 1465 quaeiito
1471 1428 1586 1466 colore,
1604 1427 1778 1466 praebebitur
1792 1426 1844 1457 sub
1863 1426 1955 1457 Poena
1975 1426 2154 1458 Resarcionis
2178 1428 2212 1458 &
2238 1424 2410 1456 Restitutio-

1338 1466 1381 1496 nis
1395 1468 1528 1498 omniurn
1546 1466 1763 1506 Dampnorum,
1782 1465 1972 1506 Expensarum
1989 1467 2024 1498 δι’.
2041 1465 2177 1497 Interesse
2199 1465 2325 1496 Subdiris
2339 1474 2412 1502 prae-

1340 1505 1425 1536 dicitis
1438 1529 1448 1544 ,
1465 1515 1512 1537 aut
1529 1515 1631 1537 eorum
1647 1505 1732 1537 alicui
1786 1515 1799 1534 r
1817 1504 1979 1542 hujusmodi
1999 1505 2104 1537 Piratas
2121 1513 2169 1536 aut
2185 1505 2326 1535 violentos
2343 1503 2409 1534 De-

1340 1543 1509 1581 praedatores
1526 1544 1669 1575 illatorum
1686 1544 1720 1575 δε
1759 1543 1916 1581 endorum,
1935 1545 1995 1574 tam
2013 1554 2064 1582 per
2081 1545 2154 1582 ipsos
2179 1543 2286 1574 Piratas
2311 1543 2331 1573 fi
2357 1543 2408 1573 de-

1341 1582 1549 1620 prehendantur
1565 1584 1599 1615 &
1617 1583 1766 1614 Solvendo
1784 1582 1837 1613 sint
1849 1605 1858 1620 ,
1875 1592 1962 1620 quam
1978 1585 2062 1614 etiam
2147 1592 2250 1613 eorum
2265 1581 2414 1620 Recepta-

1341 1630 1436 1660 tores,
1455 1621 1589 1654 Factores
1606 1622 1639 1653 &
1658 1621 1847 1652 Auxiliantes:
1867 1620 1928 1661 Qi
1943 1621 2062 1660 quidem
2109 1622 2185 1653 iratae
2201 1621 2236 1652 &
2252 1619 2411 1659 Depraeda-

1341 1668 1416 1690 tores
1433 1670 1590 1699 eorumque
1608 1661 1743 1692 Fautores
1757 1660 1791 1691 δε
1807 1659 1992 1691 Auxiliatores
2007 1660 2043 1691 ad
2061 1662 2124 1691 haec
2141 1661 2260 1698 praecise
2284 1660 2319 1691 δε
2333 1658 2410 1690 sum-

1341 1698 1429 1729 maria
1538 1701 1626 1730 itione
1643 1707 1797 1736 cogentur,
1821 1700 1881 1728 tam
1906 1699 1936 1728 in
1961 1698 2089 1730 Personis
2109 1700 2197 1738 quam
2221 1697 2308 1729 Bonis
2327 1721 2337 1736 ,
2356 1707 2407 1738 pet

1342 1737 1496 1768 Locorum
1512 1738 1557 1769 seu
1575 1737 1773 1768 Districmum
1795 1735 1978 1767 Officiarium
2003 1738 2054 1768 ubi
2078 1737 2141 1768 talia
2163 1738 2359 1776 contigerint;
2375 1736 2412 1767 de

1341 1777 1443 1814 quibus
1459 1776 1618 1816 Dampnis,
1635 1775 1786 1816 Expenfis,
1804 1775 1838 1806 δε
1855 1774 2004 1813 Interesse,
2022 1775 2043 1806 fi
2059 1776 2125 1807 alias
2141 1777 2263 1816 probare
2281 1786 2342 1807 non
2354 1786 2408 1815 po-

1341 1824 1451 1854 terunt,
1469 1815 1585 1846 stabitur
1602 1815 1680 1845 Fidei
1695 1816 1729 1846 &
1744 1813 1916 1853 Juramento
1933 1813 2234 1852 Dampnificatorum:
2254 1813 2293 1844 Et
2304 1814 2324 1844 si
2339 1824 2413 1845 con-

1341 1855 1431 1892 tingat
1446 1854 1607 1893 hujusmodi
1622 1853 1744 1891 Piratas,
1763 1852 1995 1892 Depraedatores,
2015 1863 2118 1884 eorum
2135 1852 2269 1884 Factores
2288 1852 2322 1884 &
2348 1853 2411 1884 Au-

1341 1892 1467 1924 xiiia-ntes
1490 1893 1571 1932 super
1588 1892 1751 1932 hujusmodi
1775 1891 1896 1922 Piratica
1927 1891 2172 1930 Depraedatione,
2206 1892 2315 1922 Favore
2329 1913 2340 1929 ,
2364 1891 2414 1923 vel

1341 1931 1476 1970 Auxilio,
1494 1941 1524 1962 ut
1538 1933 1718 1971 praemittitur
1756 1931 1911 1969 convinci,
1928 1930 2011 1969 quod
2024 1940 2094 1962 tunc
2109 1930 2272 1969 hujusmodi
2293 1929 2410 1969 Piratae,

1342 1969 1578 2010 Depraedatores,
1595 1980 1696 2002 eorum
1719 1953 1874 2008 Pautores,
1890 1969 2099 2009 Auxiliatores,
2117 1969 2273 2008 Dampna,
2289 1968 2409 2006 Expen-
2470 1968 2472 1970 ’

1340 2008 1396 2048 saS,
1414 2009 1565 2048 Interesse,
1584 2009 1713 2040 Partibus
1727 2008 1766 2039 sic
1781 2008 2001 2046 Dampnificaris
2009 2008 2177 2040 Resarcient
2191 2009 2225 2039 &
2234 2007 2412 2047 Restituent3

1343 2049 1397 2087 &,
1425 2049 1444 2079 fi
1461 2048 1625 2087 hujusmodi
1641 2047 1844 2079 Resarcionem
1867 2048 1902 2079 &
1924 2046 2151 2079 Restitutionem
2173 2047 2247 2078 infra
2277 2047 2411 2086 Qatuor

1343 2086 1431 2125 Dies,
1445 2089 1581 2127 proximo
1597 2088 1631 2119 &
1648 2086 1812 2118 immediate
1825 2086 1970 2126 sequentes
1990 2085 2081 2118 Diem
2095 2088 2126 2117 in
2142 2095 2202 2126 quo
2215 2086 2252 2118 de
2266 2085 2413 2124 hujusmo-

1343 2127 1371 2156 di
1387 2126 1509 2158 Piratici
1534 2126 1758 2164 Depraedatione
1780 2149 1791 2165 ,
1809 2125 1920 2157 Favore
1935 2125 1981 2157 vel
1994 2126 2111 2157 Auxilio
2131 2125 2262 2157 conviffi
2286 2128 2414 2164 fuerunt,

1343 2174 1414 2195 cum
1429 2164 1535 2197 effectu
1551 2166 1643 2198 facere
1663 2164 1878 2203 Reculavcrint,
1894 2173 1965 2196 tunc
1979 2164 2142 2202 hujusmodi
2156 2164 2270 2203 Piratae,
2288 2163 2412 2202 Deprae-

1344 2203 1474 2243 datores,
1491 2204 1626 2236 Fautores
1639 2204 1674 2235 &
1690 2204 1874 2235 Auxiliatoroe
1898 2203 1934 2234 ad
1956 2203 2179 2235 Restitutionem
2202 2202 2294 2241 Dupli
2318 2202 2414 2233 Dam-

1342 2252 1481 2282 pnomm,
1499 2243 1691 2282 Expensarum
1708 2244 1743 2275 &
1756 2241 1890 2273 Intereffe
1905 2242 1943 2273 sic
1951 2241 2169 2281 Dampnificatis
2182 2241 2346 2273 faciendam
2361 2251 2413 2281 pet

1345 2281 1497 2313 Locorum
1514 2284 1546 2314 &
1562 2282 1754 2313 Districltuum
1768 2280 1935 2312 Officiasios
1949 2281 2156 2320 compellantur
2169 2281 2203 2312 &
2227 2290 2376 2320 cogantur.

1384 2319 1456 2352 Ιτε
1468 2330 1512 2360 M,
1533 2320 1742 2359 Conventum,
1760 2319 1981 2351 Concordatum
1996 2320 2031 2352 ὃς
2053 2318 2233 2353 Conclusam
2254 2319 2297 2351 est
2316 2317 2415 2358 quod,

1345 2358 1365 2390 fi
1382 2369 1431 2399 per
1448 2361 1557 2399 aliquos
1569 2360 1673 2391 Piratas
1687 2369 1733 2390 aut
1745 2359 1816 2390 alios
1829 2383 1840 2398 ,
1867 2368 1898 2390 ut
1917 2360 2097 2399 praemittitur
2111 2382 2122 2398 ,
2149 2358 2272 2390 Guerrae
2293 2367 2415 2397 operam

1344 2398 1458 2438 dantes,
1475 2400 1567 2438 aliqua
1580 2399 1658 2430 Bona
1674 2397 1877 2430 Mercatorum
1892 2398 1937 2428 vel
1947 2398 2132 2429 Subditorurn
2148 2399 2230 2429 unius
2241 2397 2287 2428 vel
2304 2398 2415 2429 alterius

1344 2437 1472 2469 Partium
1489 2439 1690 2478 praedictarum
1704 2439 1783 2477 super
1798 2436 1884 2468 Mare
1898 2436 2074 2476 Capianrur,
2092 2438 2126 2469 ὃς
2139 2439 2170 2468 in
2194 2436 2317 2477 aliquem
2339 2434 2413 2466 Por-

1343 2484 1407 2507 tum
1420 2478 1502 2508 unius
1516 2478 1561 2509 vel
1578 2478 1688 2509 alterius
1703 2477 1870 2508 earumdem
1886 2475 2014 2507 Panium
2027 2476 2201 2508 adducantur
2214 2499 2225 2514 ,
2249 2485 2310 2506 non
2330 2483 2414 2514 pote-

1345 2524 1411 2546 runt
1425 2515 1523 2554 Bona,
1542 2516 1581 2547 fic
1597 2516 1692 2554 Capta
1707 2516 1742 2547 &
1758 2515 1945 2555 Depraedata,
1963 2514 2075 2545 ibidem
2090 2525 2139 2553 per
2157 2514 2229 2552 ipsos
2246 2513 2351 2545 Piratas
2364 2513 2412 2544 vel

1344 2554 1415 2585 alios
1431 2554 1615 2595 quoscunque
1630 2554 1706 2585 Poni
1721 2555 1756 2585 ad
1771 2554 1906 2590 Terram,
1920 2552 2027 2591 vendi,
2045 2553 2092 2583 vel
2102 2554 2239 2584 Alienati:
2258 2551 2296 2584 Et
2316 2553 2336 2583 fi
2367 2553 2411 2583 ni-

1345 2593 1519 2624 chilominus
1533 2594 1567 2624 ad
1581 2593 1706 2624 Terram
1715 2591 2023 2629 Ponantur,ibidemve
2029 2591 2198 2623 Vendantur
2213 2591 2258 2623 vel
2274 2591 2410 2622 Alienen-

1345 2640 1409 2670 tur,
1424 2633 1459 2664 de
1473 2632 1538 2671 ipsis
1551 2631 1637 2663 Bonis
1651 2632 1698 2662 seu
1711 2641 1815 2662 eorum
1833 2640 1903 2661 vero
1917 2629 2038 2669 Valore,
2058 2640 2127 2662 cum
2144 2630 2290 2669 Darnpnis
2305 2631 2340 2662 &
2359 2629 2408 2660 In-

1346 2670 1446 2702 tereffe
1465 2672 1484 2690 ²*
1503 2680 1553 2712 per
1569 2670 1758 2709 Depraedatos
1770 2671 1799 2699 in
1812 2679 1844 2700 ea
1855 2678 1934 2706 parte
1948 2668 2074 2700 sustentis
2087 2671 2121 2701 &
2134 2670 2245 2708 habitis,
2263 2669 2410 2708 dequibus
2429 2672 2445 2688 ⁸
2462 2671 2532 2701 xli.

1348 2709 1451 2740 Valore
1468 2709 1611 2748 Dampnis
1624 2710 1658 2741 &
1669 2708 1803 2740 Interesse
1817 2731 1827 2747 ,
1845 2707 1974 2738 constito
1996 2710 2102 2752 tamen}
2113 2710 2189 2748 ptius
2208 2708 2245 2739 de
2265 2708 2323 2746 ipsa
2347 2708 2412 2741 De-
2428 2709 2496 2748 584.

1345 2747 1537 2786 praedatione,
1556 2748 1674 2787 liquebit
1689 2756 1739 2785 per
1752 2756 1854 2778 eorum
1866 2747 1987 2784 juratam
1999 2746 2191 2778 Affertionem
2202 2770 2212 2786 ,
2230 2747 2250 2777 fi
2263 2748 2326 2778 alias
2344 2758 2413 2787 pro-

1345 2787 1404 2816 bari
1429 2796 1488 2816 non
1507 2788 1635 2825 poterit,
1661 2794 1711 2825 per
1731 2785 1894 2816 officiarios
1917 2784 2070 2816 Locorum
2096 2785 2254 2818 Restitutio
2281 2785 2329 2818 fiet
2350 2786 2414 2824 ipfis

1348 2824 1568 2864 Dampnificatis
1585 2826 1618 2856 ὃ(
1635 2825 1831 2864 Depraedati53
1848 2824 1882 2854 ad
1899 2833 1965 2863 quas
1980 2823 2183 2856 Restitutionae
2207 2824 2312 2856 fiendas
2328 2825 2416 2856 habe-

1349 2864 1421 2893 bunt
1436 2863 1580 2895 Officiarii
1596 2864 1745 2895 Locorum
1758 2865 1792 2896 δε
1805 2864 1869 2901 alii,
1887 2872 1959 2903 quos
1973 2862 2121 2903 Principae
2136 2864 2187 2903 ipfi
2203 2865 2234 2894 in
2248 2862 2370 2903 oppidis
2379 2864 2414 2894 &

1348 2902 1492 2945 Portubus
1505 2903 1559 2934 suis
1579 2903 1713 2942 deputare
1732 2903 1891 2939 voluerint,
1915 2900 2145 2933 Commiffiones
2167 2902 2296 2941 speciales
2318 2903 2349 2932 in
2369 2902 2418 2932 tali

1351 2939 1426 2972 Calu
1446 2941 1619 2981 Requifitas,
1638 2943 1672 2974 &
1686 2942 1764 2972 hunc
1779 2941 1942 2984 Articulum
1964 2940 2001 2972 de
2021 2941 2113 2972 verbo
2133 2942 2164 2972 in
2186 2941 2309 2971 verbum
2330 2941 2361 2970 in
2378 2940 2417 2971 Se

1661 2981 1775 3019 Quibus
1792 2980 1983 3010 mediantibus
2000 2979 2132 3017 praediffi
2154 2977 2296 3009 officiarii
2318 2978 2416 3010 Resti-

1350 3020 1490 3063 tutionem
1505 3019 1665 3063 hujusmodi
1678 3020 1770 3050 facere
1787 3019 1976 3063 tenebuntur,
1992 3019 2043 3048 (ub
2055 3017 2150 3062 Pcena
2162 3017 2199 3048 ab
2222 3018 2261 3048 eis
2282 3017 2418 3056 Recupe-

1350 3058 1431 3088 randi
1447 3068 1549 3088 verum
1564 3059 1597 3089 ὅ(
1609 3057 1720 3097 justum
1736 3057 1874 3088 Valorem
1884 3066 2018 3088 omnium
2032 3056 2246 3094 Spohatlonum
2266 3057 2301 3088 δε
2321 3056 2417 3088 Obla-

1352 3105 1450 3127 torum
1465 3096 1652 3137 hujusmodi,
1674 3098 1727 3128 una
1748 3106 1819 3128 cum
1861 3095 1981 3126 raediffis
1999 3094 2141 3133 Dampnis
2161 3095 2195 3126 &
2223 3093 2357 3127 lmeseffe
2378 3096 2418 3128 fic

1352 3135 1588 3173 Dampnificatis:
1602 3136 1687 3167 Fient
1699 3135 1809 3175 insuper
1847 3135 1927 3165 dieto
1939 3132 2063 3164 Publico
2085 3133 2295 3165 prohibitiones
2311 3133 2419 3166 Poena-

1351 3175 1390 3204 les
1405 3176 1435 3204 in
1451 3174 1594 3205 Portubus
1607 3176 1641 3207 &
1664 3175 1821 3205 Littoribus
1843 3172 1983 3210 utriusque
2005 3171 2094 3203 Partis
2116 3172 2244 3204 Panium
2265 3174 2416 3210 praedic‘ta-

1353 3223 1417 3283 {⁰13³
1426 3214 1491 3282 ’3:3³³
1507 3210 2290 3282 quffq²i>¹³¹2cnjuscffqoefftssssffiffi'ff0'bffiffl
2305 3210 2417 3250 ‘mista’

1365 3263 1415 3283 aa
1472 3262 1506 3282 na
1579 3262 1591 3281 r
1629 3261 1767 3283 iraasaut
1807 3261 1847 3281 los
2027 3260 2035 3279 1
2192 3260 2211 3281 ιι
2297 3260 2318 3281 o

1355 3291 1462 3329 dantes,
1475 3274 1524 3321 ca,
1530 3261 1602 3321 ape&
1616 3290 1785 3329 depraedata,
1799 3290 1834 3320 &
1849 3273 1884 3319 {d
1898 3258 2022 3319 Teprram
2036 3273 2182 3327 pofita'vel
2199 3289 2272 3319 infra
2293 3288 2415 3320 Portum

1354 3331 1484 3366 inventa,
1531 3339 1608 3360 mere
1621 3331 1666 3360 vel
1681 3330 1784 3367 quovis
1798 3328 1854 3358 alio
1867 3327 1950 3358 titulo
1965 3326 2107 3366 Recipere
2121 3327 2282 3366 praesumat,
2298 3329 2330 3357 in
2339 3327 2419 3358 Prae-

1351 3368 1494 3407 judicium
1516 3368 1561 3398 vel
1586 3367 1805 3398 Detrimentum
1828 3365 2108 3405 Dampnificatorum
2133 3364 2180 3395 seu
2202 3366 2322 3397 aliorum
2346 3376 2420 3405 quo—

1356 3415 1548 3443 rumcumque
1557 3405 1693 3436 Intereffe
1707 3409 1737 3435 in
1753 3409 1785 3434 iis
1797 3404 1972 3441 habentium,
1995 3405 2030 3435 δε
2052 3403 2133 3443 quod
2154 3403 2296 3435 Officiarii
2317 3405 2418 3436 Loco-

1356 3454 1421 3476 rum
1407 3467 1442 3514 ἃ,
1457 3445 1592 3513 {¹:1³⁰ssOE
1609 3443 1696 3512 Casgs
1708 3443 1860 3512 ffidderir,
1876 3441 2229 3512 [υὺὲωῐὲέηέυρετέοάἰ
2240 3444 2278 3474 ab
2297 3445 2340 3475 eis
2359 3443 2417 3474 Bo-

1355 3494 1484 3553 tIl'iirtium
1497 3492 1718 3564 ῗξωζὲἶὲἰυπῗζ
1735 3530 1788 3558 pro
1811 3489 1958 3564 D‘aaigiinis
1981 3491 2015 3550 &ac
2035 3491 2170 3551 Ιῗιῑείἒσε
2178 3483 2418 3559 ῗηίξεῐὲωψίῳεω

1357 3561 1496 3597 Navem,
1512 3559 1684 3599 Magistrum
1696 3560 1730 3590 &
1747 3557 1918 3589 Mannanos
1927 3557 2187 3602 ejusdem,necnon
2201 3558 2279 3590 Bona
2295 3560 2329 3590 δε
2373 3569 2418 3589 er-

1359 3600 1488 3669 {imonig
1498 3608 1690 3667 qssaegumque
1703 3608 1733 3628 in
1749 3597 1849 3666 eaggm
1863 3595 1946 3666 Ῑκὲἒνι
1961 3595 2085 3667 §egertha
2102 3597 2154 3629 sub
2174 3606 2237 3667 tffio
2257 3595 2360 3664 Are-sfilo
2379 3598 2415 3628 δε

1361 3648 1473 3708 mirina&
1488 3648 1601 3707 issmouxina
1618 3645 1888 3714 ffirii'intexl‘xei’ii
1901 3697 1911 3712 ,
1937 3645 2025 3705 iidem
2037 3644 2419 3717 tilgathgicorugnpcqhiccalgofi

1361 3715 1517 3755 procedent
1531 3714 1566 3745 ad
1581 3713 1803 3745 Correffionem
1818 3712 1973 3743 Piratarum
1987 3714 2021 3744 &
2071 3713 2278 3752 elinquentium
2292 3722 2322 3742 in
2337 3712 2421 3745 Navi

1362 3756 1557 3792 Repertorum
1570 3753 1726 3783 secundum
1742 3752 1867 3783 Casuum
1881 3753 2059 3790 exigentiam.

1399 3793 1413 3822 1
1422 3801 1445 3822 ‘r
1456 3801 1473 3821 Ε
1485 3801 1512 3822 M
1520 3815 1530 3830 ,
1548 3793 1582 3822 ad
1598 3791 1684 3822 finem
1701 3802 1731 3823 ut
1748 3791 1903 3832 Captiones
1914 3790 2058 3830 Navium,
2071 3789 2256 3821 Personamm
2273 3788 2307 3820 &
2317 3789 2418 3822 Bono-

1363 3842 1427 3863 rum
1440 3832 1521 3861 unius
1536 3829 1625 3861 Partis
1638 3831 1718 3867 super
1737 3831 1851 3861 alteram
1872 3829 1909 3862 de
1936 3839 2042 3860 caetero
2063 3828 2183 3864 efflent,
2199 3826 2391 3860 Conventum
2407 3856 2420 3872 ‚

1363 3869 1585 3902 Concordatum
1603 3870 1635 3900 St
1648 3869 1827 3900 Conclusum
1841 3867 1883 3898 est
1898 3868 1995 3907 quod,
2030 3866 2239 3903 uandocunque
2251 3866 2340 3906 aliqua
2353 3867 2421 3898 Na-

1364 3911 1406 3940 vis
1449 3918 1537 3944 reulus
1567 3919 1583 3937 n
1635 3919 1697 3938 ene
1712 3910 1794 3938 unius
1813 3917 1832 3937 v
1881 3917 1895 3935 a
1907 3916 1988 3936 terius
2034 3915 2098 3935 artis
2146 3912 2247 3934 artium
2271 3914 2313 3944 pn
2351 3917 2360 3936 1
2408 3925 2424 3932 -

1423 3908 1634 3947 al'·1dig
1834 3906 1954 3937 ell'
2078 3903 2194 3933 'P'
2309 3907 2407 3937 effeta

1350 2979 1434 3018 plene
1451 2982 1642 3012 continentes:

278 3963 377 3983 eorum
397 3955 555 3993 utriusque,
573 3965 688 3986 necnon
708 3956 738 3985 in
753 3964 854 3985 eorum
874 3954 1018 3986 Portubus
1035 3956 1070 3986 &
1089 3955 1255 3991 LittoribuS,
1268 3966 1335 3986 curn
1364 3958 1428 3980 rum
1442 3947 1545 3989 exlfflla
1559 3946 1600 3976 est
1611 3949 1647 3977 ab
1660 3947 1754 3990 aliquo
1769 3945 1856 3988 ΡΟΙΤΕ]
1872 3945 1927 3975 five
1941 3943 2081 3975 Distfiffi'
2089 3941 2424 3988 ΡΠΠΨΡΠΨΡΓᾏΞᾶῙθ-Ὀ·

279 4001 379 4021 eorum
404 3992 488 4022 Bonis
504 4017 514 4032 ,
540 3993 672 4023 Navibus
690 4016 698 4029 ,
729 3992 895 4024 Mercantiis
919 3995 1133 4032 quibuscunque
1147 4015 1157 4031 ,
1182 3993 1284 4032 absque
1303 4004 1340 4025 eo
1368 3997 1450 4030 rum,
1468 3989 1512 4015 ¹2⁴¹
1526 3995 1628 4028 {orum
1641 3985 1768 4029 alfenus>
1786 3983 1912 4026 ΜἎΙΟΓῨΞ
1924 3984 1957 4015 &
1971 3981 2185 4025 Gubernatme?
2199 3981 2344 4026 C¹V¹t⁴f²ss⁵2
2358 3982 2423 4022 ΟΡ·

280 4029 359 4066 quod
377 4030 426 4066 ipsi
444 4032 485 4060 vel
501 4041 603 4061 eorum
618 4033 716 4069 aliquis
733 4032 824 4061 ullum
842 4031 1008 4069 Damnum,
1026 4031 1164 4070 Injuriam
1189 4033 1233 4061 vel
1259 4032 1339 4062 Prae-
1368 4024 1429 4065 Pidl
1444 4023 1500 4053 slve
1512 4023 1610 4061 Vluaea
1627 4025 1729 4061 quibus
1749 4022 1849 4066 Portus
1873 4026 1928 4051 ¹²Ve
1953 4019 2106 4064 9,ξῦΠᾶὓὲ
2128 4019 2286 4064 [ullust-nod!
2299 4021 2430 4064 adfflcens

275 4066 420 4107 judicium
433 4068 534 4106 aliquid
552 4070 610 4100 aliis
628 4070 840 4101 Mercatoribus
857 4070 1045 4108 cujuscunque
1069 4071 1178 4101 alterius
1200 4069 1338 4102 Nationis
1371 4063 1429 4101 est,
1448 4062 1659 4101 quibuscunque
1677 4061 1875 4098 Nominibus,
1894 4057 2010 4093 0ffi0¹¹⁵
2020 4066 2069 4090 aut
2083 4058 2324 4099 Appellssuc'mbus
2335 4058 2427 4132 ”dgm

2408 4112 2439 4134 u-

2544 74 2549 91 'l

2546 95 2555 119 2„
