2555 4266
27 2531 106 2564 Arm.
123 2531 162 2563 D.

50 2580 136 2612 1503.

29 2615 82 2640 An.
101 2613 145 2641 18.

31 2655 67 2678 H.
87 2662 114 2688 7,

32 2694 100 2719 Scor.
123 2691 165 2718 18.

33 2732 68 2755 H·
86 2739 112 2764 7.
127 2740 163 2758 m.

37 2775 80 2796 ιο.

41 3080 61 3100 '¹‘
75 3081 158 3110 xiii.

41 3129 88 3155 57-

146 3309 154 3321 ⁴
197 3298 315 3328 tran-stum
330 3297 381 3327 fuit
390 3319 399 3334 ,

185 585 218 613 tri
241 580 368 621 Gaffrido

132 624 138 630 “
183 623 319 650 omnium
342 620 375 649 &

183 181 264 221 1½

230 345 258 372 at<
283 345 331 377 De
354 337 489 383 Custodia
508 331 665 379 C⁰mm¹ffi²
684 329 875 376 Episcopatus
890 330 1030 362 Coventr.
1048 328 1084 365 ρὰ*
1103 323 1192 360 Lich-

143 471 149 477 1
190 428 308 488 REX
325 426 476 461 omnibus,
490 420 523 453 ad
542 428 630 458 quos,
648 418 709 448 &cz
724 415 858 445 Salutem.

287 466 383 498 Sciatis
402 462 480 501 quod
507 458 576 489 Nos
592 480 601 494 ,
626 457 661 486 de
680 454 779 484 Gratia
794 453 890 497 nostra
906 451 1038 490 speciali,
1062 461 1095 482 ac
1112 459 1147 480 ex
1165 457 1242 481 certa

186 507 306 537 Sciexitia
324 506 356 534 δε
375 511 456 533 mero
473 498 561 530 Motu
580 495 680 526 nostris
692 517 702 530 ,
731 492 871 522 Dedimus
895 492 929 522 ὃς
957 490 1159 521 Conceffimus
1173 511 1183 526 ,
1207 498 1240 518 ac

146 547 152 554 '
204 556 234 575 er
255 543 403 573 Praesentes
421 539 532 569 Damus
549 537 582 566 &
599 531 815 568 Concedimus,
833 530 993 560 Venerabili
1010 530 1040 559 in
1058 528 1175 558 Christo
1189 526 1240 556 Pa-

185 556 203 583 p
389 578 484 608 Blitho
503 567 682 612 Coventrenst
701 568 740 605 ὠ
760 568 943 609 Lirhfcldenfi
959 567 1055 597 ΕΙεέῖο
1070 564 1240 596 Custodiam

394 614 633 648 omnimodorum
653 609 873 647 Temporalzum
895 609 929 638 ὃς
947 606 1061 636 realium
1086 602 1239 633 Poffeffio-

183 669 254 689 num
278 658 460 695 Episcopatus
486 651 686 683 Coventreniis
701 649 734 679 &
756 644 957 690 Lichfeldensis
971 642 1098 681 praedic‘ti
1111 665 1122 681 ,
1146 651 1179 672 ac
1198 642 1240 671 ei-

182 699 249 728 dem
266 696 447 734 Episcopatui
461 689 680 731 quomodolibet
695 688 729 717 &
742 688 915 721 ubicumque
939 682 1010 712 infra
1034 679 1171 719 Regnum
1185 689 1239 709 no-

183 737 271 766 strum
295 735 409 772 Angliae
434 735 466 764 ἅ·
496 729 632 761 Marchiis
653 725 767 757 Walliae
782 721 978 765 pertinentium
995 728 1169 762 annexorum
1182 718 1239 748 sive

561 766 675 802 Exitus,
692 761 838 793 proficua,
859 759 983 796 Firmas,
1000 757 1158 794 Redditus,
1178 755 1240 786 Re—

183 775 384 812 spectantium,
403 781 436 801 ac
450 770 550 801 omnia
714 804 716 806 Ι
830 793 838 799 Ι

181 815 327 843 Ventiones
364 811 397 842 δε
417 809 618 841 Emolumenta
638 809 773 833 omnium
795 800 828 830 &
841 797 1012 837 singulorum
1029 795 1239 826 Posieffionum

181 835 400 890 TempOmsium
415 847 634 887 praedictorum,
652 842 681 870 in
697 838 831 869 Manibus
848 836 949 867 nostris
964 834 1107 878 existentia
1120 835 1153 864 &
1167 833 1238 877 No-

182 891 228 923 bis
243 891 485 928 qualitercumque
499 880 682 920 emergentia,
700 878 805 908 ratione
819 876 927 906 ultimze
943 874 1102 918 Vacationis
1118 872 1238 916 Episcoa

501 918 727 952 Tranllationem
755 915 929 945 Venerabilis
951 922 980 943 iri
1004 910 1123 942 Christo
1148 911 1235 942 Patris

184 968 324 998 “ohannis-
338 962 478 996 Arundell
492 971 560 989 nunc
572 955 729 995 Exonienfis
742 952 863 992 Epgscopi
877 963 893 983 a
915 951 988 982 Sede
1000 950 1236 993 Coventrenli&

182 994 375 1039 ‘Lichfeldensi
391 1000 522 1040 praedicta
542 996 695 1035 (videlicet)
713 1005 726 1023 a
747 1001 879 1029 tempore
901 988 1043 1029 praedietae
1060 988 1237 1019 Transsatio-

183 1047 229 1077 nis
264 1047 297 1077 &
313 1055 328 1075 a
341 1050 470 1077 tempore
487 1047 546 1075 quo
560 1034 651 1065 dietus
666 1032 849 1070 Episcopatus
864 1027 1065 1060 Coventrensis
1089 1027 1121 1058 δε
1147 1027 1236 1057 Lich-

182 1070 307 1115 feid'enfis
330 1081 366 1110 iic
391 1077 502 1109 vacavit
521 1073 664 1110 hucusque
681 1068 892 1108 provenientia,
908 1068 940 1098 &
955 1065 1091 1106 quamdiu
1104 1065 1238 1104 Tempe-

181 1123 246 1154 ralia
260 1119 396 1160 praedicta
407 1119 435 1149 in
453 1114 588 1146 Manibus
602 1109 702 1141 nostris
715 1110 777 1140 fore
790 1107 972 1146 contigerint,
995 1105 1028 1136 δι
1047 1114 1160 1137 exnunc
1185 1105 1240 1136 du-

181 1169 257 1194 rante
272 1158 425 1189 Vacatione
440 1154 486 1185 illa
499 1155 698 1192 proventura,
1055 1183 1060 1188 ¹
1169 1183 1174 1188 ⁸

217 1196 358 1229 Habenda
373 1196 406 1227 ὃς
423 1190 602 1230 Occupanda
618 1197 715 1219 omnia
729 1187 763 1218 δε
776 1184 881 1228 singula
893 1182 1077 1228 Temporalia
1090 1182 1239 1221 praedffia,

181 1247 250 1269 cum
271 1235 406 1266 omnibus
426 1234 460 1264 δε
483 1229 596 1267 singulis
618 1225 786 1257 eorumdem
808 1233 997 1262 pertinentiis,
1015 1231 1048 1266 ac
1070 1220 1187 1252 levanda
1202 1222 1236 1253 δε

182 1273 361 1314 percipienda
379 1273 476 1303 omnia
500 1269 614 1304 Exitus,
630 1263 780 1301 Proficua,
800 1263 923 1300 Firmas,
941 1260 1098 1304 Redditus,
1118 1260 1236 1303 Reven-

182 1316 272 1346 tiones
307 1314 339 1344 ὅ(
355 1310 556 1342 Emolumenta
571 1304 704 1344 praedicta
717 1314 732 1333 a
743 1302 823 1333 dicto
837 1310 965 1340 ternpore
979 1299 1140 1330 Vacationis
1162 1309 1236 1335 prae-

181 1352 268 1384 dietae
280 1339 399 1383 ’durante
417 1347 515 1379 eadem
537 1345 694 1376 Vacatione
715 1341 800 1371 eidem
818 1339 960 1379 Galfrido,
978 1339 1038 1369 tam
1060 1348 1110 1376 per
1131 1337 1238 1368 Manus

180 1393 238 1423 suas
255 1393 286 1422 δε
302 1388 501 1420 Ministrorum
517 1385 630 1414 suorum
643 1382 783 1422 proprias,
801 1380 887 1417 quam
903 1388 952 1416 per
976 1376 1082 1407 Manus
1102 1378 1236 1407 omnium

180 1432 214 1462 &
233 1429 405 1468 singulorum
427 1426 626 1461 Receptorum
640 1443 650 1459 ,
668 1419 839 1450 Ballivorum
853 1442 862 1455 ,
882 1417 1114 1455 Appruatorum,
1132 1415 1239 1446 Firma-

179 1471 287 1500 riorum
297 1465 487 1505 ,Tenentium
504 1464 561 1493 sive
575 1460 791 1497 Occupatorum
805 1454 1238 1492 PossessionumTemporalium

180 1507 383 1545 praedictorum
399 1503 431 1534 ὃς
448 1511 551 1533 eorum
563 1497 708 1537 cujussibet
731 1507 764 1527 ac
782 1495 926 1536 cujussibet
950 1494 1017 1524 inde
1036 1493 1185 1531 Parcellae,
1204 1502 1239 1523 ac

178 1555 229 1585 per
245 1544 349 1576 Manus
363 1542 494 1573 omnium
509 1541 543 1571 δε
557 1538 729 1576 singulorum
744 1534 928 1565 Escaetorurn
943 1532 1106 1563 nostrorum
1124 1533 1152 1561 in
1175 1531 1238 1562 Co-

179 1584 324 1614 mitatibus
338 1582 390 1612 illis
400 1581 447 1619 ,in
466 1579 568 1617 quibus
582 1574 769 1607 Poffeffiones
785 1575 818 1604 ὃς
835 1571 1017 1609 Temporalia
1030 1571 1074 1601 illa
1088 1570 1132 1601 seu
1148 1570 1238 1609 aliqua

179 1623 246 1653 inde
261 1620 381 1651 l'arcella
395 1618 538 1655 separatim
555 1615 675 1645 existunt
697 1612 753 1643 sive
770 1611 876 1649 existit,
894 1611 967 1641 adeo
991 1610 1073 1650 plene
1095 1609 1182 1640 libere
1203 1610 1237 1640 &

179 1662 287 1701 integre
310 1667 394 1698 prout
419 1656 489 1688 Nos
505 1665 537 1685 ea
557 1654 740 1688 haberemus,
759 1651 864 1680 ratione
880 1648 1039 1679 Vacationis
1052 1646 1239 1685 Epiicopatfis

180 1701 267 1737 illius,
284 1708 299 1728 a
318 1706 382 1728 toto
405 1703 536 1731 tempore
556 1693 679 1731 ejusdem
700 1689 880 1725 Vacationis,
899 1687 918 1718 si
939 1687 1059 1725 praesens
1080 1685 1237 1716 Conceffio

180 1738 275 1769 nostra
298 1737 391 1767 eidem
412 1732 539 1770 Galfrido
560 1730 626 1760 inde
646 1727 718 1759 facta
737 1737 796 1757 non
817 1726 926 1762 fuisset,
944 1726 1047 1764 absque
1064 1723 1238 1764 Compoto,

180 1775 346 1814 Responso,
364 1773 410 1803 seu
423 1773 516 1809 aliquo
533 1769 586 1800 alio
601 1767 700 1799 Nobis
711 1776 765 1804 pro
777 1764 930 1795 Praemiffis
947 1766 991 1794 seu
1007 1763 1238 1802 aliquoPraemis-

180 1816 276 1847 sorum
290 1811 449 1848 reddendo,
466 1809 616 1845 solvendo,
638 1806 684 1837 seu
699 1804 828 1836 faciendo
842 1804 946 1842 quovis
962 1803 1070 1842 modo,

218 1854 264 1884 Eo
281 1850 360 1890 quod
376 1848 499 1887 expreffa
514 1848 624 1878 mentio
640 1845 677 1876 de
691 1854 760 1876 vero
774 1843 877 1874 Valore
892 1842 999 1873 Annuo
1018 1841 1238 1881 Temporalium

177 1892 398 1932 praedic‘torum,
414 1897 460 1918 aut
472 1887 509 1917 de
526 1883 704 1917 Certitudine
721 1882 875 1919 Exituum,
894 1880 1112 1919 Proficuorum,
1132 1881 1240 1911 Firma-

179 1942 241 1963 rum
252 1953 261 1969 ,
280 1929 477 1963 Reddituum,
495 1925 728 1961 Reventionum,
747 1922 780 1953 &
797 1920 1068 1951 Emolumentorum
1084 1919 1239 1958 prredic'to-

181 1981 264 2008 rum,
282 1969 327 1999 seu
341 1968 429 2006 aliqua
443 1965 493 1995 alia
508 1962 687 1994 Certitudine
703 1984 713 1998 ,
731 1969 777 1991 aut
793 1960 830 1991 de
845 1960 901 1989 aliis
916 1958 1011 1989 Donis
1024 1959 1081 1989 five
1105 1957 1239 1989 Conces-

178 2011 302 2040 sionibus
316 2032 324 2044 ,
343 2016 391 2044 per
416 2004 486 2035 Nos
511 2004 594 2032 eidem
614 1999 741 2039 Galfrido
766 2008 829 2030 ante
851 1999 912 2028 haec
935 2006 1065 2034 tempora
1086 1998 1166 2028 factis
1180 2021 1190 2035 ,
1209 1998 1238 2028 in

180 2047 364 2079 Praesentibus
376 2043 449 2074 facta
462 2052 521 2072 non
538 2040 645 2077 existit,
663 2047 708 2069 aut
730 2037 824 2076 aliquo
841 2037 969 2073 StatutO,
986 2036 1082 2073 Actu,
1102 2036 1158 2066 sive
1179 2035 1239 2066 Or·

180 2087 323 2117 dinatione
339 2085 366 2113 in
381 2081 552 2113 contrarium
573 2079 663 2115 facio,
683 2077 774 2113 edito,
793 2074 1016 2119 ordinato‚·five
1041 2075 1173 2113 proviso,
1192 2083 1238 2106 aut

178 2125 271 2165 aliqua
286 2123 336 2154 alia
350 2119 443 2152 Causa
460 2120 504 2151 seu
519 2116 642 2150 Materia
659 2125 856 2155 quacumque,
874 2115 902 2145 in
917 2114 1011 2152 aliquo
1027 2123 1087 2144 non
1101 2113 1239 2146 obstanti-

179 2166 240 2196 bus.

213 2202 247 2234 In
264 2201 356 2238 cujuS,
374 2199 436 2230 ὅτε.
730 2209 758 2214 ⁷—
847 2231 853 2236 ¹
959 2230 964 2234 .
1061 2230 1066 2235 .
1082 2230 1086 2236 .

212 2240 302 2274 Teste
318 2238 398 2277 Rege
410 2235 484 2276 apud
503 2230 775 2275 Wstmonaslerium,
791 2227 909 2261 decimo
924 2228 983 2260 Die
998 2227 1107 2270 Aprilis.

182 929 266 967 patus
287 928 414 967 praedicti
436 935 484 963 per

859 2309 912 2336 Per
926 2306 1009 2347 ipficm
1024 2309 1120 2344 Regem
1126 2329 1133 2336 .

291 2447 338 2479 De
359 2439 529 2476 Traaando
546 2440 635 2484 super
659 2438 824 2470 Donatione
843 2444 964 2481 propter
987 2435 1135 2480 Nuptias.

184 2529 300 2585 REX
319 2526 452 2559 universis
466 2527 499 2558 &
514 2522 625 2563 singulis
634 2521 682 2561 ,ad
697 2530 768 2560 quos
783 2519 930 2560 praesentes
940 2518 1040 2549 Literae
1053 2518 1244 2558 pervenerint,

261 2568 393 2597 Salutem.

219 2604 302 2636 Cum
317 2603 498 2642 iampridem,
656 2638 660 2642 Ι
720 2637 725 2642 ⁸
767 2636 772 2642 ,
796 2636 801 2641 ⁸
984 2636 989 2641 1

222 2643 298 2674 Inter
314 2643 424 2672 nostros
437 2644 468 2672 ὅ(
487 2637 663 2670 illustrissimi
678 2636 815 2673 Principis
827 2635 1039 2672 Consanguinei
1053 2635 1087 2666 &
1105 2634 1167 2665 Filii
1191 2645 1245 2665 no·-

187 2682 234 2713 stri
251 2680 392 2712 Cariffimi
406 2679 505 2717 Jacobi
518 2682 651 2706 Scotorum
668 2679 745 2712 Regis
756 2674 990 2711 Commiffiirios,
1009 2673 1244 2711 Oratores,Am-

187 2720 359 2756 baffiatores,
379 2718 521 2754 Legatos,
540 2715 763 2748 Procuratores,
782 2712 958 2748 DeputatQS,
977 2714 1010 2742 &
1027 2711 1164 2741 Nuncios
1185 2712 1245 2748 spe-

184 2761 266 2790 ciales
279 2782 288 2797 ,
311 2767 360 2795 per
383 2763 535 2792 utrumque
563 2748 697 2782 nostrum
717 2749 863 2779 dictorum
884 2749 1050 2786 Principum
1072 2748 1244 2780 sufficienter

186 2797 319 2828 hincinde
332 2795 520 2826 auctorizams
529 2814 537 2829 ,

222 2836 365 2875 Qiaedam
381 2831 482 2869 Pacta,
501 2829 738 2872 Conventiones,
758 2827 791 2857 St
806 2825 937 2870 Capitula
948 2848 958 2862 ,
1026 2864 1030 2869 .

220 2875 270 2906 De
283 2875 315 2905 δε
331 2873 411 2911 stipei·
426 2870 636 2904 Matrimonio,
656 2875 725 2895 inter
742 2864 911 2903 praedictum
929 2862 1147 2894 lllus'trissimum
1161 2862 1245 2893 Prin-

185 2914 281 2950 cipem
294 2916 428 2943 Scotorum
448 2912 542 2947 Regem
558 2904 797 2941 Sereniiiimcttnq-⁷
812 2903 846 2933 δε
862 2901 1075 2932 Illustriffimam
1087 2901 1244 2932 Dominam

186 2955 376 2990 Margaretam
390 2948 506 2987 nostram
518 2947 551 2978 &
566 2942 779 2975 Praecariffimae
794 2941 941 2971 Consortis
953 2939 1057 2970 nostrae
1073 2940 1247 2971 Elizabethae

187 3002 222 3020 71u
239 3001 268 3020 er
289 2993 396 3027 Reginae
413 2986 524 3025 Angliae
539 2983 636 3014 Filiam
650 2984 857 3018 Primogenitam
872 2979 1094 3016 Contrahendo,

243 3030 315 3066 nita,
333 3026 483 3063 Trachta,
503 3031 663 3058 conventa,
679 3020 868 3056 concordata,
881 3017 1067 3056 appunecuata
1086 3017 1189 3047 fuerint
1211 3018 1244 3049 δε

193 3067 338 3102 conclusa,
352 3074 436 3104 prout
450 3064 478 3093 in
498 3062 596 3092 Literis
610 3059 710 3090 nostris
732 3058 765 3089 &
787 3058 838 3088 suis
857 3056 1100 3093 Confirmatoriis,
1120 3056 1137 3074 *
1162 3055 1247 3094 Mag-

193 3107 235 3136 nis
247 3105 351 3142 Sigillis
365 3103 467 3134 nostris
485 3101 615 3136 munitis,
631 3099 664 3128 &
691 3096 826 3127 Manibus
847 3095 948 3126 nostris
963 3094 1096 3126 hincinde
1108 3094 1245 3132 subscrip-

193 3147 245 3182 tis,
262 3144 376 3181 desuper
392 3140 548 3177 confectis,
565 3137 644 3168 latius
659 3137 691 3167 &
706 3135 819 3165 effusius
836 3135 1013 3172 continetur,

229 3182 319 3222 Qiod
342 3181 460 3219 quidem
485 3176 707 3208 Matrimonium
727 3196 736 3211 ,
762 3175 832 3203 inter
866 3173 1013 3210 praefatum
1034 3170 1246 3202 Serenitfimum

192 3221 354 3258 Principem
370 3217 504 3258 Jacobum
519 3219 655 3245 Scotorum
667 3215 762 3249 Regem
782 3212 813 3242 ὃς
830 3211 991 3241 Dominam
1005 3213 1247 3246 Margaretamfi-

194 3259 258 3289 liam
275 3258 406 3299 nostram,
425 3265 513 3293 nuper
527 3254 577 3284 rite
595 3254 627 3282 St
642 3251 779 3290 legittime
796 3260 843 3287 per
860 3249 955 3280 Verba
969 3249 1006 3280 de
1021 3249 1146 3286 praei'enti
1163 3247 1249 3277 Con-

461 3297 490 3323 in
505 3293 578 3323 facie
592 3290 740 3327 Eccle'iiae,
755 3288 824 3318 Deo
844 3297 1001 3326 annuente,
1019 3288 1107 3316 breve
1128 3285 1250 3323 solemp-

197 3336 335 3366 nizabitur
347 3336 378 3365 &
393 3332 561 3371 perficietur.
733 3366 737 3371 ⁵
1130 3363 1134 3367 Ι
1170 3362 1175 3367 .

237 3373 274 3403 Et
291 3374 354 3411 quia
372 3373 400 3402 in
417 3371 524 3406 Paetis,
543 3365 791 3398 Conventionibus
805 3388 815 3403 ,
833 3364 866 3395 ὃ(
887 3363 1024 3402 Capitulis
1049 3362 1189 3401 praeditus
1203 3371 1250 3393 ex-

200 3412 289 3450 presse
303 3410 473 3450 &specifice
483 3431 492 3447 ,
508 3411 579 3438 inter
594 3407 658 3443 alia,
673 3405 851 3441 continetur,
880 3426 881 3429 ,

240 3489 334 3529 Quod
347 3489 420 3519 idem
435 3488 634 3519 illustrissimus
646 3485 782 3522 Princeps
795 3488 929 3513 Scotorum
946 3484 1022 3519 Rex,
1041 3482 1110 3512 citra
1130 3483 1251 3510 Primum

203 3533 283 3560 Diam
298 3527 397 3568 silon-fis
409 3528 498 3565 Julii,
514 3530 559 3568 qui
575 3529 627 3555 erit.
642 3529 670 3554 in
688 3529 772 3553 Auno
795 3525 904 3553 Domini
926 3520 1005 3550 Mille
1017 3531 1067 3549 imo
1082 3520 1253 3559 Quingente-

197 3568 263 3608 fimo
280 3571 376 3603 tertio,
393 3566 484 3596 eidem
499 3563 718 3594 Praeclarisziiiiae
735 3562 810 3591 Filiae
825 3561 929 3591 nostr-ae
939 3582 949 3597 ,
965 3560 997 3589 ad
1009 3559 1185 3589 Terminum
1197 3557 1251 3587 Vi-

204 3616 241 3638 tae
258 3606 328 3645 sure,
345 3605 429 3635 talem
444 3605 591 3634 &tantam
615 3601 813 3632 Donationem
835 3606 947 3637 propter
967 3597 1090 3635 Nuptias
1108 3598 1180 3626 inter
1203 3605 1252 3626 eos

204 3643 400 3681 celebrandas,
417 3641 526 3680 qualem
547 3644 580 3673 δε
599 3649 730 3678 quant-zm
753 3639 844 3677 aliqua
862 3635 974 3673 Regina
1000 3635 1105 3666 Scotiae
1127 3643 1252 3672 unquam

206 3683 321 3720 habuit,
338 3684 366 3711 in
381 3681 476 3717 Villis,
490 3679 651 3716 Dominiis,
671 3677 818 3715 B‘Ianeriis,
836 3676 953 3713 Terris,
969 3673 1102 3710 proediis,
1119 3674 1153 3704 &
1174 3672 1254 3703 Red-

206 3721 325 3759 ditibus,
341 3719 547 3750 efficacioribus
568 3719 618 3747 viis
642 3718 674 3747 ὅτ.
698 3715 794 3745 mediis
817 3715 919 3753 quibus
944 3713 980 3743 de
997 3714 1058 3751 jure
1078 3711 1137 3742 fieri
1154 3712 1255 3749 posfit,

600 151 1400 200 CONVENTIONES,

1281 246 1348 281 nem
1364 236 1397 267 ὃς
1414 234 1648 280 AEstimationem
1663 244 1727 273 quae
1741 245 1820 281 nunc
1833 235 1866 266 fit
1881 236 1915 267 ὃς
1926 236 2044 269 habetur
2056 237 2085 269 in
2099 237 2216 278 Anglia,
2226 239 2260 271 δε
2275 249 2341 279 quae
2357 240 2433 272 Anti.
2447 242 2489 273 D.

1283 277 1389 307 faciunt
1403 274 1624 320 &constituunt
1637 276 1691 304 Sex
1703 273 1804 319 'M1ll1a
1820 273 1970 318 Libsrarum
1986 280 2108 320 Monetae·
2126 289 2194 308 nunc
2214 283 2344 309 currentis
2379 288 2479 320 1503„

1285 314 1323 350 ὠ
1339 313 1462 343 habentts
1476 310 1578 352 cursum
1592 324 1624 343 tn
1637 315 1742 349 Scotia,
1759 312 1888 342 deductis
1902 313 2047 345 Oneribus
2070 316 2105 346 ὃ(
2123 316 2257 354 Expensis
2279 319 2344 356 qui·
2361 323 2422 348 Heu.
2442 329 2471 357 7,

1467 142 1858 203 LITERAE,

1285 354 1461 390 buscumque
1476 374 1485 390 ,
1502 353 1529 382 se
1548 351 1689 381 annuatim
1710 350 1862 381 exrendant
1874 375 1883 388 ,
1903 351 1981 382 idem
2003 351 2088 383 Filius
2107 354 2141 385 &
2163 356 2345 393 Confangm-

1286 402 1355 422 neus
1372 391 1466 422 noster
1479 393 1614 420 Scotorum
1630 391 1690 419 Rex
1704 396 1796 419 toturn
1813 390 1845 421 ὅ(
1861 399 1951 420 omne
1965 389 2048 428 illud,
2065 393 2144 429 quod
2169 395 2200 424 in
2218 405 2249 426 ea
2283 404 2342 426 arte

1285 430 1371 461 diuae
1387 429 1514 460 Summae
1529 429 1664 466 defuerit,
1683 429 1712 457 in
1729 427 1786 457 aliis
1799 427 1896 464 Villis,
1914 427 2080 467 Dominiis,
2097 429 2235 463 Maneriis
2297 443 2344 464 er.

1284 470 1337 506 ris,
1355 468 1489 505 Praediis,
1505 468 1538 498 &
1553 466 1742 505 RedditibuS,
1759 467 1787 495 in
1801 465 1938 504 aliquibus
1956 466 2043 497 Locis
2059 468 2128 498 citra
2150 469 2235 502 Mare
2243 458 2345 503 'Scoti-

1284 518 1353 537 curn
1367 507 1486 544 situatis,
1503 506 1538 536 ad
1552 505 1720 543 praedidtam
1734 504 1885 535 Summam
1908 507 2035 535 Duarum
2056 505 2178 536 Millium
2192 509 2342 541 Librarum

1281 544 1383 574 Sterlin
1400 555 1473 573 orum
1488 544 1515 573 se
1528 543 1757 581 extendentibus,
1772 544 1841 573 citra
1856 543 2150 580 Quintumdecimum
2164 544 2255 578 Diem
2271 559 2345 587 ρη-

1283 583 1331 612 fati
1393 582 1462 612 enfis
1479 580 1564 620 Julii,
1583 582 1662 612 dieto
1688 582 1776 612 Anno
1799 580 1956 612 Milleiimo
1980 582 2225 622 Qingentefitno
2246 588 2330 619 tenio

1285 621 1423 657 suppleret
1437 621 1470 651 ὅτ
1484 620 1591 651 realiter
1605 619 1766 657 perficeret,
2084 654 2087 655 ⁷
2288 628 2292 631 ·
2337 611 2348 627 '

1319 658 1357 702 Et
1373 658 1428 696 ipsa
1437 657 1546 702 ¹Villas,
1563 657 1719 696 Dominia,
1735 659 1837 688 Terras
1847 681 1856 697 ,
1874 658 2003 699 Praedia,
2019 659 2054 692 &
2069 660 2226 700 Redditus,
2239 672 2303 701 quae
2311 662 2346 695 ad

1281 696 1443 741 hujusmodi
1456 696 1671 734 Suplementum
1681 720 1691 734 ,
1709 705 1740 726 ut
1754 697 1922 734 praedietum
1937 697 1995 737 est,
2012 699 2175 738 assignaret,
2193 702 2262 731 citra
2276 711 2348 732 eun-

1283 735 1350 779 dem
1375 735 1670 772 Quintumdecimum
1691 734 1779 764 Diem
1799 734 1867 774 julii
1883 759 1892 774 ,
1925 736 2082 775 supr-adiero
2105 737 2195 769 Anno
2219 738 2345 771 Domini

1283 773 1439 804 Millesimo
1455 774 1536 812 Quin
1557 773 1695 805 entefimo
1711 774 1812 809 terti0,
1822 773 1952 813 prefacta*
1969 775 2046 806 Filiae
2060 773 2156 815 nostrae
2169 775 2328 809 Carissimae

1282 812 1316 842 ad
1332 813 1506 857 Terminum
1518 783 1594 856 Vgitzie
1608 813 1679 849 suae,
1697 812 1725 841 in
1742 811 1829 841 Locis
1843 813 2000 852 praedietis,
2019 814 2228 846 efficacioribus
2243 817 2294 847 viis
2309 801 2346 849 &³

1286 850 1384 880 medus
1407 853 1507 888 quibus
1528 850 1563 881 de
1580 861 1642 889 Jure
1662 850 1722 880 fieri
1743 849 1853 888 posset,
1868 850 1945 881 daret
1961 853 1994 881 ἂ
2009 854 2194 891 concederet,
2210 854 2294 894 ipsum
2313 866 2345 885 ue

1283 889 1381 919 Filiam
1395 889 1531 930 nostram,
1550 890 1597 921 vel
1611 891 1666 926 ejus
1681 887 1935 928 Commiffarium,
1955 888 2194 930 Procuratorem,
2213 894 2259 924 vel
2314 905 2345 926 e-

1282 937 1429 967 puratum,
1447 927 1682 965 Commiss'arios,
1701 926 1900 958 Procuratores
1913 950 1923 966 ,
1942 928 1987 958 vel
2012 928 2173 968 Deputatos
2186 955 2196 969 ,
2212 941 2266 969 pro
2290 933 2345 963 hu·

1278 966 1403 1005 jusmodi
1425 966 1600 997 Poffesfione
1621 965 1798 1004 adipiscenda
1816 965 1986 997 destinatum
2009 968 2056 998 vel
2076 969 2250 1008 destinatos,
2276 971 2345 1003 citra

1282 1006 1405 1036 eundem
1422 1005 1717 1044 Quintumdecimum
1740 1002 1831 1035 Diem
1848 1003 1932 1043 Julii,
1951 1006 1980 1035 in
2002 1006 2126 1045 realem,
2145 1009 2324 1046 corporalem

1281 1044 1413 1082 plenam,
1431 1045 1465 1075 ὃ(
1479 1043 1626 1082 pacificam
1641 1043 1847 1074 Possessionem
1870 1043 2055 1084 eorumdem,
2072 1046 2257 1078 effectualiter
2275 1032 2344 1079 mit:

1282 1092 1352 1114 teret
1367 1083 1400 1114 &
1418 1083 1583 1121 induceret,
1602 1083 1712 1112 mittive
1729 1081 1763 1112 &
1778 1081 1876 1112 induci
1889 1083 2010 1121 faceret,

1320 1122 1365 1152 Ac
1383 1123 1470 1153 etiarn
1487 1122 1566 1160 quod
1578 1121 1711 1160 praedicta
1722 1119 1793 1150 Filia
1809 1119 1899 1161 nostra
1913 1123 2011 1151 omnia
2027 1120 2061 1153 δὲ
2086 1120 2191 1161 singula
2207 1122 2342 1156 Praemis-

1282 1160 1324 1198 sa,
1342 1161 1392 1191 sibi
1406 1162 1435 1191 in
1453 1160 1621 1192 Donatione
1638 1169 1752 1198 propter
1775 1159 1899 1197 Nuptias
1922 1160 2040 1199 collata,
2059 1159 2117 1190 sine
2138 1161 2342 1196 Diminutione

1280 1209 1328 1230 aut
1342 1199 1557 1238 Revocatione,
1575 1199 1755 1230 AuCtoritate
1766 1196 1948 1229 Parliamenti
1963 1197 2061 1238 Regni
2077 1198 2202 1237 Scotiae,
2219 1200 2264 1231 vel
2286 1201 2343 1232 alio

1283 1238 1373 1268 modo
1387 1248 1434 1268 aut
1447 1239 1548 1279 quovis
1560 1237 1675 1277 quaesito
1690 1237 1807 1274 colore,
1826 1235 1955 1267 facienda
1964 1261 1974 1276 ,
1992 1238 2051 1268 tam
2068 1238 2097 1268 in
2111 1238 2177 1269 Vita
2191 1239 2271 1276 ipsius
2279 1239 2344 1270 Filii

1282 1277 1315 1308 &
1336 1276 1548 1316 Consanguinei
1569 1276 1656 1307 nostri
1676 1279 1810 1305 Scotorum
1832 1279 1925 1314 Regis,
1944 1277 2030 1313 qnam
2047 1276 2111 1314 post
2129 1276 2262 1308 Mortem
2277 1278 2345 1316 ejus⁴

1281 1316 1350 1346 dem
1366 1316 1482 1346 durante
1500 1314 1566 1346 Vita
1580 1314 1700 1353 ejusdem
1716 1314 1739 1344 F
1741 1314 1794 1343 iliae
1813 1314 1917 1344 nostrae
1932 1315 2044 1353 naturali
2051 1337 2061 1353 ,
2078 1314 2135 1345 fine
2155 1315 2343 1356 Expulfione,

1282 1353 1510 1423 guterruptione,
1525 1361 1571 1385 aut
1595 1352 1834 1385 Contradiettone
1855 1362 2034 1392 quacumque
2052 1353 2178 1385 Teneret
2197 1355 2232 1385 &
2252 1355 2344 1386 Posti*

1302 1403 1359 1424 eret

1318 1417 1435 1462 Proviso
1458 1431 1538 1469 quod
1557 1430 1650 1461 dffius
1671 1429 1871 1461 Illustrisfimus
1895 1432 1957 1460 Rex
1980 1434 2114 1461 Scotorum
2126 1440 2227 1462 ornnes
2240 1431 2273 1462 &
2289 1432 2342 1462 sin-

1282 1471 1363 1508 gulos
1377 1470 1536 1507 Redditus,
1556 1470 1688 1506 Frudtus,
1706 1469 1739 1500 ὃς
1757 1468 1931 1507 Proventus,
1950 1478 1984 1500 ex
2004 1470 2144 1508 praedic‘tis
2161 1469 2257 1509 Villis,
2276 1470 2343 1501 Do-

1284 1510 1394 1547 miniis,
1413 1508 1561 1545 Maneriis,
1580 1508 1711 1545 Praediis,
1729 1509 1763 1539 &
1779 1506 1967 1547 Redditibus,
1986 1517 2020 1538 ex
2037 1507 2207 1538 Donatione
2229 1518 2343 1547 propter

1283 1547 1408 1584 Nuptias
1431 1547 1515 1576 eidem
1538 1545 1616 1576 Filiae
1637 1545 1749 1586 nostrae,
1768 1555 1798 1576 ut
1821 1547 2019 1583 praemittitur,
2038 1545 2135 1577 dandis
2159 1547 2193 1578 &
2206 1547 2253 1577 ass
2274 1557 2345 1578 nan-

1282 1585 1323 1616 dis
1341 1609 1351 1625 ,
1370 1587 1566 1624 provenientes
1579 1609 1589 1623 ,
1612 1585 1729 1616 durante
1750 1583 1815 1615 Vita
1831 1584 1879 1615 sua
1896 1585 2014 1616 naturali
2032 1586 2191 1623 perciperet
2206 1586 2242 1617 &
2281 1587 2347 1618 abe-

1282 1633 1336 1660 ret,

1319 1661 1467 1702 Qiodque
1488 1662 1565 1694 idem
1585 1659 1785 1693 illustrisfimus
1803 1663 1940 1691 Scotorum
1959 1665 2020 1691 Rex
2034 1685 2044 1700 ‚
2070 1659 2188 1695 durante
2209 1657 2280 1694 Vita
2298 1663 2346 1695 sua

1282 1701 1416 1739 naturali,
1432 1701 1598 1741 Sumptibus
1615 1702 1648 1732 ὃ(
1667 1699 1800 1738 Expensis
1814 1700 1883 1738 suis,
1896 1699 2026 1739 praefatae
2039 1700 2116 1730 Filiae
2133 1702 2229 1741 nostre
2246 1704 2346 1733 omnia

1283 1742 1315 1773 &
1332 1740 1453 1780 singula,
1472 1750 1536 1778 quae
1552 1739 1586 1770 ad
1602 1739 1776 1777 Apparatum
1791 1735 1931 1777 Corporis
1943 1739 1980 1768 sui
1991 1761 2001 1777 ,
2017 1738 2159 1771 Ornatum
2175 1740 2344 1771 Domorum

1282 1780 1408 1816 suarum,
1427 1779 1580 1816 Vecturas,
1597 1776 1763 1815 Equitatus,
1782 1775 2032 1813 Suppelleffllem,
2048 1776 2348 1818 Utenfilia,Vi6tum,

1282 1819 1315 1849 &
1340 1817 1482 1849 Vestitum
1508 1817 1571 1855 sua,
1589 1825 1622 1847 ac
1642 1815 1722 1846 Rem
1746 1815 1926 1846 Familiarem
1947 1815 1980 1846 &
1998 1814 2220 1854 Domesticam,
2237 1817 2346 1848 &alias

1284 1857 1344 1887 Res
1364 1857 1555 1895 quascumque
1571 1878 1581 1894 ,
1598 1854 1756 1886 secundum
1777 1853 1933 1884 Honorem
1948 1878 1959 1891 ,
1976 1853 2085 1886 Statum
2102 1879 2112 1893 ,
2132 1855 2263 1886 Gradum
2276 1877 2286 1894 ,
2311 1858 2346 1888 δε

1282 1894 1459 1934 Dignitatem
1480 1894 1606 1934 ejusdem
1628 1893 1704 1924 Filiae
1725 1891 1848 1930 nostrae,
1867 1892 2015 1924 necessaria
2034 1892 2138 1924 fuerint
2161 1893 2207 1924 seu
2221 1903 2347 1931 quomo-

1282 1935 1391 1966 dolibet
1413 1934 1600 1966 condecentia
1615 1955 1624 1969 ,
1643 1941 1757 1962 necnon
1776 1930 1967 1962 Familiaribus
1979 1955 1988 1970 ,
2004 1931 2181 1963 Domesticis
2195 1955 2205 1971 ,
2223 1933 2257 1963 &
2279 1932 2345 1964 Ser-

1283 1974 1426 2006 vientibus
1455 1970 1562 2012 raefatae
1573 1971 1650 2001 Filiae
1664 1969 1849 2007 nostrae,tam
1864 1969 1938 2001 Viris
1951 1970 2041 2009 quam
2050 1970 2189 2002 Foemini;
2207 1971 2345 2010 (quorum

1283 2013 1401 2052 quidem
1444 2013 1599 2044 ervientum
1625 2009 1731 2049 Viginti
1750 2017 1872 2047 quatuor
1896 2019 1978 2040 erunt
2000 2009 2130 2048 Anglici,
2148 2011 2250 2048 partim
2269 2009 2346 2049 Viri,

1284 2053 1385 2090 partim
1400 2051 1561 2089 Fceminae,
1577 2048 1611 2079 ad
1628 2048 1790 2087 Optionem
1804 2048 1838 2079 δε
1855 2046 2035 2079 ΕΙεᾶἰοηεῐη
2049 2048 2171 2087 ejusdem
2187 2048 2266 2078 Filiae
2289 2058 2345 2080 rio*

1284 2090 1360 2128 strae)
1378 2090 1541 2128 Esculenta,
1560 2088 1730 2126 Potulenta,
1747 2085 1906 2127 Stipendia,
1925 2085 2066 2126 Vestitus,
2086 2087 2239 2125 Vedturas,
2255 2087 2346 2125 Equi-

1283 2136 1372 2167 tatuS,
1389 2139 1422 2159 ac
1436 2129 1535 2159 omnia
1550 2128 1583 2159 ὅτ
1597 2126 1699 2166 singula
1714 2126 1781 2164 alia,
1800 2134 1866 2163 quae
1880 2124 1984 2156 eisdem
2002 2125 2210 2164 Familiaribus,
2229 2126 2347 2157 Dome-

1283 2168 1358 2199 stieis
1372 2191 1381 2205 ,
1407 2169 1441 2199 δε
1463 2166 1654 2198 Servientibus
1667 2187 1677 2205 ,
1701 2164 1862 2196 secundum
1885 2163 2039 2195 Honorem
2059 2164 2093 2195 &
2115 2164 2346 2195 Condecentiam

1284 2205 1377 2237 Status
1391 2207 1424 2236 ὅτ
1440 2205 1595 2243 Dignitatis
1611 2204 1734 2244 praefatae
1754 2202 1831 2233 Filiae
1848 2201 1952 2233 nostrae
1962 2202 2102 2240 ,similiter
2118 2203 2270 2234 necessaria
2285 2204 2347 2235 fue-

1283 2247 1339 2276 rint
1360 2245 1405 2275 seu
1425 2244 1443 2263 ²³
1461 2244 1660 2275 convenientia
1673 2266 1684 2282 ,
1707 2243 1902 2281 supportaret,-
1927 2242 2071 2272 exhiberet
2087 2264 2098 2280 ,
2122 2241 2263 2280 praestaret
2279 2265 2289 2281 ,
2311 2243 2345 2274 &

1286 2283 1472 2321 ministraret,
1487 2283 1657 2321 supportari,
1675 2281 1816 2319 exhiberi,
1832 2279 1969 2318 praestari,
1988 2281 2022 2311 &
2038 2280 2188 2311 ministrari
2203 2281 2328 2320 faceret,
2361 2284 2379 2313 5
2383 2275 2413 2304 8·

1322 2322 1376 2360 Et,
1385 2324 1515 2360 quotiens
1527 2324 1560 2354 ὃς
1575 2321 1689 2360 quando
1703 2320 1857 2357 contigerit
1868 2319 1989 2358 aliquem
2005 2319 2053 2350 vel
2067 2319 2190 2357 aliquam
2199 2319 2343 2350 dierorum

1282 2361 1461 2393 Servientum
1478 2361 1667 2400 Anglicorum
1680 2358 1791 2396 Obire,
1808 2359 1911 2389 totiens
1926 2359 1960 2389 ὅτ.
1975 2364 2044 2389 tunc
2058 2357 2156 2389 liceret
2177 2358 2257 2388 dic‘t‘ae
2270 2358 2347 2389 Filiae

1285 2400 1398 2440 nostrae,
1411 2400 1530 2430 durante
1548 2398 1614 2430 Vita
1629 2398 1694 2437 sua,
1712 2399 1740 2428 in
1758 2397 1844 2428 Locis
1859 2397 2089 2429 Demortuorum
2105 2397 2151 2428 vel
2168 2396 2346 2429 Demortua-

1285 2450 1348 2470 rum
1359 2462 1368 2476 ‚
1384 2439 1469 2478 usque
1481 2439 1515 2469 ad
1530 2438 1698 2468 Numerum
1712 2436 1879 2467 Duodecim
1904 2437 2108 2475 Personarum,
2122 2436 2191 2466 alios
2211 2436 2257 2467 vel
2284 2437 2347 2468 alias

1285 2478 1422 2518 Anglicos
1446 2477 1490 2508 vel
1515 2477 1668 2515 Anglicas,
1685 2475 1719 2507 ad
1741 2475 1877 2513 Sumptus
1890 2473 2080 2514 &'‘Expensas
2095 2474 2266 2514 praedictos,
2280 2475 2346 2506 sub-

1286 2517 1399 2547 stituere
1415 2517 1448 2548 &
1463 2516 1612 2554 subrogare
1622 2538 1631 2553 ,
2180 2543 2183 2549 ,
2218 2548 2221 2549 ⁷

1321 2555 1376 2594 Et,
1394 2564 1492 2595 praeter
1515 2556 1561 2585 vel
1578 2554 1648 2585 ultra
1667 2552 1743 2583 dista
1764 2552 1959 2590 Apparatum,
1975 2552 2120 2583 Ornatam
2130 2569 2141 2590 ,-
2155 2546 2295 2590 Victum,
2310 2552 2345 2584 ὅτ.

1287 2594 1430 2625 Vestitum
1441 2616 1451 2631 ,
1469 2595 1503 2625 &
1517 2594 1566 2623 alia
1582 2592 1715 2633 praedicta
1729 2591 1806 2628 supra
1821 2591 1973 2629 specificata
1989 2589 2140 2621 neceffaria
2161 2590 2348 2622 condecentia

1287 2635 1320 2663 ἃ
1343 2633 1559 2670 convenientia,
1577 2632 1654 2662 idem
1676 2630 1871 2660 Serenisiimus
1891 2633 1950 2659 Rex
1971 2633 2123 2667 Scotorum,
2139 2628 2257 2661 durante
2281 2629 2348 2660 Vita

1287 2672 1333 2702 sua
1347 2671 1477 2707 naturali,
1493 2670 1576 2700 eidem
1590 2669 1665 2699 Filia¹
1678 2668 1771 2709 nostrae
1782 2692 1791 2707 ,
1809 2668 1844 2698 ad
1862 2667 1956 2699 Usum
1973 2669 2119 2706 proprium
2134 2667 2250 2706 ejusdem
2269 2666 2347 2697 Filjae

1287 2711 1398 2748 nostrae,
1416 2718 1449 2739 ex
1466 2709 1546 2738 dictis
1565 2707 1663 2745 Villis,
1682 2707 1845 2745 Dominiis,
1866 2706 2019 2744 Maneriis,
2038 2706 2153 2745 Terris,
2172 2705 2347 2743 Praediis,&

1288 2748 1456 2778 Redditibus
1476 2745 1558 2775 Mille
1581 2746 1699 2782 Libras,
1718 2745 1812 2784 legalis
1835 2747 1868 2775 &
1891 2745 1987 2776 usualis
2006 2744 2140 2774 Monetae
2160 2744 2267 2774 Scotiae
2287 2745 2348 2781 jam

1287 2785 1434 2816 Currentis
1446 2786 1479 2816 δε
1494 2785 1619 2814 habentis
1634 2783 1756 2814 Cursum
1772 2784 1798 2813 in
1826 2783 1933 2820 Regno
1955 2783 2062 2814 Scotiae
2072 2806 2082 2821 ,
2098 2792 2163 2820 quae
2188 2781 2295 2813 faciunt
2315 2783 2350 2814 δε

1287 2824 1460 2854 constituunt
1477 2824 1650 2863 ‘Quingentas
1667 2824 1780 2851 Marcas
1794 2821 1999 2861 sterlingorum
2011 2820 2141 2851 Monetae
2156 2821 2211 2858 iarn
2221 2819 2350 2851 Curren-

1287 2865 1320 2893 tis
1332 2865 1365 2894 &
1378 2863 1504 2893 habentis
1517 2860 1640 2892 Cursum
1652 2861 1681 2890 in
1697 2860 1802 2898 Regno
1815 2860 1977 2899 Angliae,in
1995 2858 2083 2889 Festis
2097 2858 2211 2889 Paschae
2227 2860 2262 2890 ὃς
2275 2858 2348 2889 San-

1288 2902 1326 2932 cti
1345 2901 1508 2939 Michaelis,
1525 2909 1575 2937 per
1589 2899 1708 2939 aequales
1724 2897 1890 2937 Portiones,
1908 2897 2146 2937 traderet,daret,
2163 2898 2196 2929 &
2211 2896 2347 2936 solveret,

1288 2940 1412 2978 tradive,
1430 2940 1488 2970 dari
1498 2962 1509 2978 ,
1527 2939 1595 2970 solvi
1609 2939 1711 2969 faceret
1721 2960 1730 2974 ,

1324 2978 1404 3009 Cum
1417 2979 1518 3016 quibus
1529 2977 1645 3015 quidem
1662 2975 1744 3006 Mille
1761 2975 1853 3005 Libris
1869 2975 2007 3014 praediffls
2029 2973 2127 3005 eadem
2148 2973 2216 3004 Filia
2234 2971 2350 3012 nostra,

1289 3017 1374 3047 Loco
1394 3018 1427 3048 ὃς
1450 3016 1584 3047 Nomine
1605 3015 1807 3054 praedictorum
1823 3014 1979 3051 Villarum,
1995 3013 2225 3049 Dominiorum,
2243 3010 2350 3043 Mane-

1288 3057 1394 3086 riorum
1409 3080 1419 3094 ,
1439 3055 1593 3086 Terrarum
1608 3077 1617 3092 ,
1634 3053 1812 3083 Praediorum
1827 3075 1836 3091 ,
1856 3054 1888 3084 &
1908 3051 2088 3083 Reddituum
2104 3073 2114 3088 ,
2139 3050 2256 3081 durante
2281 3049 2349 3082 Vita

1288 3094 1402 3125 naturali
1416 3093 1523 3132 praefati
1538 3093 1664 3123 Domini
1677 3091 1778 3131 Jacobi
1793 3090 1948 3130 Sereniffimi
1963 3093 2039 3127 Regir
2051 3088 2160 3120 tantum
2170 3111 2180 3126 ,
2200 3092 2349 3122 teneret&

1288 3142 1425 3170 reputaret
1447 3132 1484 3162 Se
1505 3140 1691 3168 contentam,
1709 3131 1742 3160 &
1764 3130 1800 3160 de
1825 3130 1931 3160 eisdem
1948 3128 2042 3165 Villis,
2063 3126 2225 3165 Dominus,
2244 3126 2350 3159 Mane-

1289 3173 1354 3207 riis,
1371 3172 1487 3208 Terris,
1504 3169 1636 3207 Praediis,
1654 3171 1687 3200 δε
1702 3169 1889 3205 Redditibus,
1905 3167 2022 3197 durante
2038 3165 2106 3196 Vita
2127 3166 2248 3204 ejusdem
2265 3165 2347 3197 Sere-

1290 3210 1392 3240 niffimi
1406 3213 1482 3246 Regis
1499 3211 1652 3243 Scotorum,
1670 3207 1706 3237 Se
1723 3208 1876 3238 nullatenus
1892 3206 2108 3242 intromitteret,

1325 3249 1494 3285 Liceretque
1508 3247 1589 3276 eidem
1603 3246 1679 3275 Filiae
1691 3245 1785 3285 nostrae
1798 3244 1962 3283 praedictam
1978 3242 2129 3274 Summam
2147 3241 2228 3273 Mille
2240 3241 2346 3272 Libra-

1291 3298 1350 3316 rum
1366 3289 1399 3318 &
1413 3285 1566 3324 quamlibet
1578 3285 1644 3315 inde
1658 3284 1831 3320 Parcellam,
1849 3281 1886 3313 de
1902 3290 2031 3320 tempore
2052 3283 2082 3312 in
2096 3290 2225 3319 tempus,
2241 3280 2346 3312 duran-

1292 3335 1320 3356 te
1334 3325 1402 3355 Vita
1417 3325 1521 3362 praefati
1540 3323 1665 3354 Domini
1679 3322 1780 3361 Jacobi
1792 3324 1869 3358 Regis
1885 3324 2037 3358 Scotorum,
2052 3321 2083 3350 in
2099 3320 2160 3349 suos
2172 3320 2344 3357 proprios&

1291 3364 1394 3393 alienos
1413 3363 1488 3393 Usus
1498 3383 1507 3400 ,
1526 3362 1582 3392 sine
1598 3361 1803 3399 impedimento
1815 3359 1896 3397 ipsius
1910 3359 2034 3389 Domini
2049 3357 2150 3397 Jacobi
2168 3361 2246 3394 Regis
2258 3361 2349 3387 Scoto-

1292 3402 1411 3472 gccngyslel
1425 3401 1626 3438 cujuscumque
1645 3399 1770 3436 alterius,
1784 3398 1871 3428 libere
1891 3397 1928 3429 ad
1951 3405 2054 3428 votum
2075 3395 2157 3426 suum
2180 3404 2350 3428 convertere

1358 3450 1365 3468 1
1396 3449 1482 3469 onere

1328 3449 1410 3515 Et,ps1
1425 3462 1602 3513 confingeret
1608 3471 1756 3512 praefatam
1769 3473 1867 3503 Filiam
1883 3472 2000 3512 nostram
2013 3471 2122 3503 dietum
2137 3471 2350 3503 Serenissimum

1293 3518 1388 3553 Regem
1414 3519 1549 3545 Scotorum
1569 3514 1763 3549 supervivere,
1781 3514 1815 3542 &
1838 3512 1902 3549 post
1923 3511 2058 3542 Mortem
2083 3511 2142 3549 ejus
2161 3511 2348 3548 Superstitem

1293 3555 1372 3592 fore,
1391 3553 1488 3583 eadem
1503 3552 1569 3582 Filia
1584 3551 1696 3587 nostra,
1713 3549 1777 3587 post
1792 3549 1925 3580 Mortem
1942 3549 2063 3588 ejusdem
2081 3548 2250 3580 Sereniffimi
2269 3552 2348 3587 Regis

1293 3596 1428 3622 Scotorum
1460 3592 1489 3621 in
1509 3589 1646 3628 praedictis
1667 3589 1762 3626 Villis,
1776 3588 1940 3627 Dominiis,
1961 3588 2120 3627 Maneriis,
2137 3587 2251 3625 Terris,
2269 3588 2348 3618 Prae-

1293 3632 1361 3669 diis,
1378 3632 1412 3662 &
1423 3613 1590 3660 Redditibus
1601 3628 1726 3666 Statum,
1744 3628 1774 3657 T
1777 3627 1892 3665 itulum,
1908 3629 1943 3659 δε
1966 3626 2174 3659 Poffeffionem
2195 3626 2258 3656 suos
2276 3635 2348 3663 prae-

1294 3670 1401 3706 dictos,
1420 3668 1534 3698 durante
1548 3666 1614 3696 Vita
1631 3665 1744 3705 eJufiiem
1758 3665 1834 3696 Filiae
1848 3665 1959 3705 nostra-³,
1969 3666 2146 3696 continuaret
2159 3666 2193 3696 &
2207 3665 2347 3700 retineret,

1268 3708 1276 3722 '
1293 3710 1457 3739 continuare
1472 3707 1504 3736 ὅτ
1520 3707 1637 3735 retinere
1652 3704 1743 3743 posset
1757 3706 1789 3735 &
1805 3705 1938 3742 deberet,
1957 3705 1980 3735 F
1981 3704 2081 3735 ructus
2095 3702 2349 3747 ue,Exitus,.Pro-

206 3759 324 3797 faceret,
340 3760 435 3796 daret,
449 3758 482 3788 ὃ(
499 3756 685 3792 concederet,
701 3754 842 3792 ipsamque
854 3776 862 3788 ,
881 3752 926 3784 vel
939 3753 995 3789 ejus
1009 3749 1258 3786 Commiffarium,
1294 3747 1367 3776 ficua
1378 3769 1387 3783 ,
1411 3745 1444 3775 &
1468 3744 1606 3775 Redditus
1618 3766 1627 3781 ,
1645 3753 1679 3773 ex
1700 3743 1804 3774 eisdem
1826 3744 2023 3781 provenientes
2037 3766 2048 3781 ,
2065 3753 2083 3773 u
2105 3744 2242 3779 icumque
2261 3737 2347 3779 tpfim

207 3796 438 3834 Procuratorem,
456 3795 502 3826 vel
515 3793 708 3831 Deputatum,
726 3791 960 3830 Commisslarios,
979 3790 1195 3825 Procuratores,
1211 3788 1256 3818 vel

211 3835 368 3873 Deputatos
379 3859 388 3871 ,
404 3837 438 3865 ad
451 3834 509 3864 hoc
522 3832 695 3870 Deputatos‚
713 3830 746 3859 ad
760 3832 816 3860 hoc
835 3829 931 3860 miffos
953 3830 985 3859 ὃς
1006 3827 1170 3863 destinatos,
1186 3826 1256 3856 citra

214 3875 333 3903 eundem
357 3873 487 3903 Primum
512 3871 598 3901 Diem
617 3869 684 3908 Julii
699 3892 709 3906 ,
727 3870 755 3898 in
777 3869 894 3905 realem,
912 3867 1106 3904 corporalem,
1126 3865 1255 3905 plenam,

212 3911 245 3940 E<
262 3911 403 3947 pacificam
416 3910 621 3941 Poffesiionem
637 3907 805 3938 eorumdem
820 3906 1002 3936 effectualiter
1021 3906 1142 3935 mitteret
1160 3903 1193 3934 &
1214 3911 1256 3931 in-

212 3948 339 3986 duceret,
358 3950 468 3980 mittive
484 3950 515 3979 &
529 3948 627 3978 induci
641 3947 756 3982 faceret,

252 3985 288 4014 Et
311 3986 329 4014 si
353 3987 447 4016 Annui
470 3986 607 4017 Redditus
620 3985 760 4014 diffluum
773 3982 925 4019 villarum,
945 3981 1170 4017 Dominiorum,
1189 3977 1253 4008 Ma-

213 4024 533 4060 nei·iorum,Terrarum
544 4026 591 4060 ,ἃ
608 4022 783 4052 Praediorum
801 4020 835 4050 ad
849 4019 997 4049 Minorem
1006 4019 1154 4048 Summam
1166 4018 1253 4054 quam

210 4064 334 4093 Duarum
354 4060 474 4091 Milltum
494 4062 640 4091 Librarum
659 4059 865 4098 sterlingorum,
884 4057 1035 4088 secundum
1051 4055 1253 4094 computatio-

1293 3784 1392 3815 Filiam
1415 3782 1531 3821 nostram
1555 3781 1652 3820 postea
1674 3782 1793 3812 habitare
1816 3782 1862 3813 vel
1884 3783 2014 3819 morari,
2037 3781 2085 3811 vel
2102 3781 2136 3811 ad
2157 3787 2349 3817 quaecumque

1294 3824 1395 3860 Regna
1408 3822 1453 3851 vel
1466 3820 1558 3851 Partes
1573 3830 1647 3850 exrra
1659 3820 1736 3850 idem
1758 3818 2070 3857 Regnumlscotiaelse
2081 3818 2244 3854 transferre,
2258 3824 2351 3847 trans-

1293 3863 1333 3891 ire
1353 3884 1363 3899 ,
1389 3859 1435 3891 vel
1459 3861 1579 3898 migrare
1599 3859 1733 3897 placuerit
1752 3858 1797 3889 vel
1816 3859 1965 3897 contigerit
1976 3880 1987 3897 ,
2004 3856 2123 3896 pacifice
2136 3879 2147 3893 ,
2164 3856 2272 3894 integre
2288 3879 2297 3893 ,
2312 3856 2348 3886 δὲ

1292 3900 1391 3939 plene,
1408 3897 1464 3927 sine
1484 3897 1594 3935 aliquali
1615 3897 1831 3934 Diminutione,
1849 3896 2074 3934 impedimento,
2093 3893 2281 3932 Expulfione,
2299 3892 2348 3924 In-

1293 3937 1484 3974 terruptione,
1501 3937 1545 3967 vel
1556 3934 1794 3966 Contradiecione
1807 3934 1967 3965 Haeredum
1980 3935 2026 3966 vel
2045 3932 2246 3963 Succeflorum
2273 3941 2347 3970 prae·

1292 3977 1340 4006 fati
1353 3974 1524 4005 Sereniffimi
1539 3977 1615 4011 Regis
1628 3978 1781 4011 Scotorum,
1798 3981 1847 4003 aut
1861 3973 1973 4011 alicujus
1986 3972 2032 4003 vel
2045 3971 2202 4008 aliquorum
2224 3971 2346 4004 aliorum

1292 4022 1559 4053 quorumcumque,
1574 4013 1691 4042 durante
1707 4011 1773 4042 Vita
1788 4012 1912 4049 ejusdem
1927 4011 2004 4041 Filiae
2016 4008 2133 4045 nostrae,
2148 4008 2183 4038 ad
2197 4008 2279 4039 suum
2294 4007 2345 4038 U·

1289 4056 1351 4121 ἴρηξ
1364 4052 1509 4088 proprium
1523 4051 1677 4090 perciperet
1690 4050 1724 4082 ὃς
1738 4050 1853 4085 haberet
1860 4071 1871 4089 ,
1886 4050 2031 4088 percipere
2042 4048 2077 4081 &
2088 4047 2194 4080 habore
2207 4045 2346 4113 ροίίὲεέε

1293 4097 1331 4123 cie
1351 4097 1426 4128 eret,
2327 4089 2346 4113 e

2364 2231 2473 2273 *xnn
