2555 4266
208 160 257 199 52
623 131 1265 179 CONVENTION

53 234 132 267 Ann.
146 230 187 262 D.
205 241 269 262 rum
284 230 398 268 Nobis,
417 225 590 259 Venerabilis
602 226 630 255 in
645 223 764 254 Christo
778 222 870 267 Patris
881 209 1120 265 RnB’qthor'tienJis
1130 217 1172 264 Ιώ·
1190 216 1265 263 usel-

77 279 163 309 1492.
203 269 291 310 lienfis
305 268 479 309 Est-laſsamini
496 264 614 308 Episcopi
626 273 659 293 ac
671 261 807 292 Custodis
824 261 930 304 Privati
944 259 1036 304 ⁸Sigil'ii
1049 259 1157 296 nostri,
1175 260 1258 294 AEgi-

54 313 120 341 Hm.
144 318 170 345 7.
202 309 240 338 a'ii
257 308 418 344 d'Aubeney
433 305 566 334 Dominii
584 302 620 332 dc
635 302 771 339 Aubeney
786 310 868 330 unius
882 298 1015 329 Militum
1032 297 1259 329 &Confi-atrum

52 2549 148 2576 *5:11.

50 2595 117 2622 500.

203 347 320 377 Ordinis
334 344 420 374 nostri
435 341 556 372 Garterii
571 351 603 371 ac
619 339 855 370 Locumtenentis
866 336 955 368 nostri
968 337 1115 368 Generalis
1127 334 1211 366 Villae
1226 335 1259 364 &

203 385 399 417 Marchiarum
412 380 571 410 nostrarum
586 378 720 414 Calesme,
739 375 877 419 cristofori
893 375 1021 420 Rifbbyck
1033 375 1147 419 Decani
1160 374 1262 405 Ecde-

204 424 249 455 six
271 420 441 453 Cathedralis
462 418 590 448 Eborum
612 417 710 454 magni
724 415 934 446 Eleemolinarii
951 414 1057 452 nostri,
1073 416 1263 457 HeririciAy-

205 459 341 499 nesiuorth
355 459 466 496 Legum
480 456 621 487 Doetoris
638 454 801 486 Secundarii
814 455 843 484 in
859 453 972 484 Officio
987 454 1091 484 Privati
1107 452 1262 495 Sigillino-

205 500 274 536 stri,
308 499 341 529 &
368 496 468 535 Jacobi
494 494 584 534 Tyrell
609 494 709 525 Militis
733 493 969 524 Locumtenentis
993 491 1087 522 Castri
1112 490 1201 520 nostri
1225 491 1263 520 de

205 537 334 576 Guysnes
348 536 419 566 infra
436 534 577 564 Marchias
591 533 754 572 praedifflis,
770 531 877 569 plenius
887 530 1071 574 confidenteS,

239 575 316 613 Ipsos
333 573 444 603 nostros
459 583 540 603 veros
552 573 584 602 ὅ(
598 571 771 602 indubitatos
786 570 1011 605 Ambasliatores,
1027 569 1172 611 Oratores,
1190 566 1263 609 Pro-

202 623 360 651 curatores,
380 611 616 649 Commiffarios,
633 620 666 640 ac
686 609 822 640 Nuncios
839 608 979 650 generales
999 607 1032 637 &
1045 606 1172 643 spetiales
1187 605 1263 635 Atii-

203 654 370 692 gnavimuS,
387 651 531 688 Fecimus,
549 648 773 685 Censtituimus,
791 648 824 677 ὃ(
839 646 1058 682 Ordrnavrmus,
1077 643 1265 682 Affignamus-

205 701 277 731 que,
295 691 442 727 Facimus,
459 687 687 724 Constituimus,
705 688 737 717 ὃς
753 685 928 716 Ordinamus
944 693 993 727 per
1008 682 1184 726 Praesentes,¹

245 730 354 760 Dantes
375 730 407 759 &
430 727 630 758 Concedentes
649 726 751 756 eisdem
775 721 1043 765 Ambassiatoribus,
1071 720 1239 750 Oratoribus
1252 742 1261 757 ‚

205 766 460 805 ProcuratOiibuS,
480 764 706 802 Commiffariis,
725 764 758 793 &
778 761 920 798 Nunciis,
935 760 1047 803 plenam
1071 758 1262 802 Potestatem,

207 807 431 843 Austorixatem,
449 815 483 835 ac
506 804 674 834 Mandatum
687 800 817 839 generale
828 800 860 830 &
875 798 991 836 speciale
997 821 1008 837 ,
1025 808 1094 840 cuin
1112 796 1262 827 Cariffimo

206 845 430 883 consanguineo
454 842 553 873 nostro
573 841 706 876 Principe
725 837 829 868 Karolo
851 839 991 880 Franciae,
1009 836 1053 866 seu
1070 846 1132 879 ejus
1143 835 1265 865 Ambas—

206 885 321 922 fiatore,
339 884 480 918 Oratore,
498 881 702 915 Procuratore,
720 874 943 913 Commisfiirio,
961 884 1010 918 aut,
1030 874 1063 904 N
1068 883 1171 917 uncio,
1191 873 1265 903 Am-

205 915 415 959 baffiatoribus,
431 919 609 954 Oratoribus,
626 915 874 951 procuratoribus,
889 912 1109 950 Commiflariis,
1121 911 1265 942 autNun-

207 962 274 1000 ciis,
292 958 478 992 sufficientem
492 956 682 992 potestatem,
695 954 915 989 Auctoritatem,
928 953 961 982 ὅ(
972 951 1149 995 ¹Mandatum
1164 961 1254 995 aprae-

236 1010 266 1031 to
281 1000 413 1036 Principe
427 995 531 1032 Καναῖα
545 995 579 1024 ad
594 995 650 1024 hoc
665 993 787 1023 habente
803 991 848 1021 vel
864 989 1267 1034 habentibus‚Conveniendi,

207 1000 466 1072 gemmatim-andi,
493 1032 667 1069 TraCtandi,
690 1029 910 1067 Concordandi,
933 1027 1158 1072 Componendi,
1177 1028 1267 1060 Pacil-

207 1078 308 1115 cendi,
324 1072 525 1114 Transigendi‚
543 1072 576 1103 &
592 1069 831 1108 Appundtuandi,
849 1078 881 1098 ac
899 1067 1018 1104 plenarie
1032 1068 1065 1097 ὃς
1079 1069 1193 1104 integre
1205 1067 1267 1097 De-

208 1114 377 1148 terminandi
393 1114 426 1144 &
441 1112 557 1146 finaliter
572 1108 791 1145 Concludendi,
810 1108 868 1137 tam
882 1105 917 1135 de
936 1107 969 1136 δε
982 1105 1062 1142 super
1079 1105 1153 1137 Pace
1167 1116 1266 1144 perpe-

209 1153 257 1186 tua
279 1163 364 1191 quam
390 1152 425 1181 de
447 1152 479 1182 δε
499 1150 575 1188 super
595 1148 732 1184 Tre-tien,
752 1146 798 1189 seu
819 1145 994 1175 Guerrarum
1014 1144 1214 1188 AbstinentiiS,
1233 1148 1268 1176 &

209 1186 357 1224 Mercium
371 1189 591 1223 2Intercursibus,
605 1196 640 1217 ac
662 1185 818 1221 Amicitia,
835 1183 1108 1221 Confoederatione,
1127 1184 1159 1214 ὃ(
1182 1183 1267 1214 Con-

226 1230 305 1262 ordifi
320 1253 330 1268 ,
353 1233 426 1260 inter
445 1229 522 1265 Nos,
547 1224 683 1256 Haeredes
705 1225 739 1255 &
760 1222 939 1265 Succeffores
960 1221 1086 1266 nostros,
1116 1222 1214 1260 Regna
1234 1224 1266 1253 &

243 1270 350 1299 ominia
371 1266 482 1303 nostra,
499 1275 614 1295 necnon
639 1262 789 1299 Subditos,
807 1261 962 1297 Alligatus,
979 1260 1200 1302 ⁴Lontoederatos
1214 1272 1267 1291 no-

209 1306 279 1339 stros
295 1318 328 1338 ac
343 1307 410 1337 alios
423 1306 505 1335 nobis
516 1304 651 1334 Faventes
666 1303 698 1333 &
715 1300 896 1330 Adhaerentes
911 1302 1152 1341 quotcunque,&
1167 1300 1268 1329 dmum

208 1349 356 1384 Principem
377 1343 529 1379 Karolum,
546 1340 684 1372 Haeredes
698 1340 730 1370 ὃς
748 1337 927 1380 successores
942 1339 1020 1381 suos,
1037 1347 1120 1375 atque
1138 1338 1217 1369 Loca
1233 1341 1267 1371 &

208 1378 348 1417 Do'minia
361 1383 422 1420 sua,
439 1380 625 1419 Subditosque
639 1379 775 1418 Alligatos
788 1376 851 1407 suos
863 1377 896 1407 &
912 1377 960 1406 libi
976 1377 1177 1414 Adhaerentes,

246 1422 375 1454 Necnon
391 1421 426 1450 de
441 1422 473 1451 ὅ(
488 1419 567 1457 super
582 1419 717 1448 omnibus
729 1418 760 1448 ἃ
779 1414 889 1454 singulis
903 1413 1157 1458 ContentionibuS,
1174 1415 1268 1458 Qiae-

208 1461 369 1498 stionibus,
395 1459 535 1495 Guerris,
562 1457 677 1494 Cauiis,
703 1455 850 1492 Querens,
878 1453 1012 1496 Litibus,
1034 1453 1209 1491 DemandiS,
1235 1456 1268 1486 a&

209 1499 345 1538 Debatis,
363 1500 419 1528 una
431 1507 500 1528 cum
514 1498 566 1528 suis
580 1494 826 1531 Circumstantiis‚
846 1491 1077 1530 Emergennbus,
1095 1492 1270 1530 Dependen-

208 1540 299 1577 tibus,
317 1540 352 1570 &
374 1537 514 1574 Annexis,
533 1544 596 1573 quae
611 1535 681 1564 inter
699 1532 769 1562 Nos
784 1531 978 1574 &praefatum
996 1530 1178 1568 Principem,
1198 1531 1267 1562 Hm·

202 1573 287 1608 *iedes'
299 1574 530 1615 ,'Succellores,
553 1573 673 1609 Terras,
700 1570 857 1607 Domima,
880 1570 1030 1606 Subditos,
1048 1571 1199 1611 Alligatus,
1218 1570 1269 1599 Fa-

200 1620 321 1652 'ventes⁹
338 1615 372 1645 &
386 1614 569 1644 Adhaerentes
584 1610 737 1649 praedictos
754 1607 890 1638 hincinde
906 1607 1027 1644 pendere
1041 1613 1211 1645 noscuntur,
1227 1610 1270 1638 in—

205 1647 287 1693 tegre
301 1654 335 1685 &
355 1652 470 1682 finaliter
491 1648 711 1690 Cognoscendi,
734 1646 972 1685 Appunctuandi,
997 1645 1217 1685 concludendi,
1235 1647 1270 1678 &

332 1692 356 1720 'n
375 1690 423 1720 ndi

203 1693 443 1767 Dffnaeeriaqu}
459 1730 492 1760 ὃς
510 1726 631 1766 singula,
647 1734 712 1764 quae
725 1725 797 1754 inter
812 1722 880 1765 Nos
896 1723 1112 1764 Apptinetuaia,
1131 1722 1270 1754 Conven-

207 1767 251 1813 ta,
270 1765 437 1804 Conclusa,
461 1766 669 1802 Concordata,
686 1762 791 1805 Pacta,
813 1766 884 1804 hve-
902 1761 1053 1792 Traniaeia
1079 1763 1201 1799 fuerint,
1221 1772 1269 1806 per

206 1807 285 1839 Fidei
308 1806 549 1844 interpositionem
562 1805 595 1835 ὅτ
607 1802 767 1840 Juramenti
783 1810 812 1830 in
829 1800 963 1831 Animam
975 1800 1100 1830 nostram
1115 1801 1270 1839 praestatio-

206 1843 275 1877 nem
285 1870 296 1883 ,
312 1854 347 1875 ac
366 1854 415 1882 per
435 1844 499 1874 alias
520 1842 588 1877 Vias
603 1842 637 1872 δε
652 1839 768 1877 Media,
788 1848 852 1877 quae
865 1841 903 1868 eis
918 1839 945 1868 in
959 1839 1013 1869 hac
1030 1848 1106 1876 parte
1119 1840 1269 1878 expedien-

205 1884 241 1915 tia
253 1883 318 1915 ‘visa
350 1883 475 1921 fuerint,
505 1878 673 1916 Roborandi
695 1879 728 1910 &
749 1877 953 1915 Assecurandn
979 1888 1094 1908 necnon
1116 1888 1130 1908 a
1153 1879 1270 1917 praefato

205 1924 326 1961 Principe
343 1920 465 1958 Καναῖα,
481 1919 576 1958 ejusve
596 1915 1076 1958 Ambassiatoribus,*Oratoribus,
1097 1916 1269 1948 Procurato-

204 1957 550 1999 ribus,‘Commiifiiriis,
578 1957 633 1988 sive
657 1956 800 1992 NunciiS,
821 1954 1011 1985 sufficientem
1036 1954 1209 1986 Potestatem
1235 1956 1269 1987 &

204 2000 411 2032 Auc'ton'ratem
434 2008 450 2028 a
469 1997 588 2036 praefato
609 1998 731 2033 Principe
749 1993 854 2024 Karolo
877 1994 906 2022 in
928 1993 981 2024 hac
997 2003 1073 2033 parte
1086 1994 1269 2033 habentibus,

229 2037 411 2076 uodcumque
427 2036 625 2075 Juramentum
639 2034 766 2070 licitum,
785 2034 813 2062 in
837 2033 974 2063 Animam
989 2033 1114 2071 ejusdem
1128 2033 1267 2074 Principis

204 2050 399 2110 Praestandum
410 2099 417 2113 ,
433 2076 553 2105 nomine
568 2072 666 2103 nostro
682 2071 824 2108 Exigendi
842 2072 875 2102 &
894 2070 1081 2110 Recipiendi,

215 2148 223 2151 -
239 2116 288 2147 *Ac
309 2115 344 2146 dc
365 2115 397 2146 ὃς
413 2113 492 2152 super
507 2113 641 2143 omnibus
655 2112 688 2142 &
703 2110 813 2149 singulis
827 2108 979 2139 Praemiffis
993 2110 1026 2141 δε
1044 2109 1268 2151 Deppendentiis

203 2149 243 2186 ab¹
259 2149 380 2192 eisdem,
396 2163 498 2187 omnes
511 2153 544 2183 δε
563 2149 746 2181 omnimodas
758 2148 940 2187 Securitates,
957 2147 1130 2188 Cautiones,
1149 2150 1266 2190 Obliga-

204 2191 312 2231 tiones,
330 2192 364 2222 ac
387 2191 506 2226 Litteras
524 2189 647 2228 sigillatas
669 2187 806 2218 Nomine
819 2186 935 2230 nostro,
952 2186 1130 2227 Haeredum‚
1147 2190 1179 2220 &
1195 2189 1269 2220 Suc-

203 2232 343 2267 ce‘fforum
362 2229 527 2261 nostrorum
547 2226 754 2265 Concedendi,
773 2226 925 2264 Faciendi,
948 2225 1120 2266 Liberandi,
1139 2229 1172 2260 &
1194 2227 1270 2259 Tra-

221 2281 235 2300 e
278 2281 286 2300 i
727 2298 730 2300 .

200 2270 369 2341 drigkam
389 2306 422 2338 δε
441 2317 456 2337 a
472 2306 590 2346 prtefato
613 2307 734 2342 Principe
753 2303 874 2342 Karolo,
891 2302 982 2340 ejusve
1003 2303 1270 2344 Ambassiatoribus,

204 2345 391 2385 Oratoribus,
416 2344 665 2383 procuratoribus,
690 2342 923 2381 Commissariis,
945 2350 989 2384 aut
1014 2342 1143 2374 Nunciis
1171 2343 1270 2374 similes

205 2386 375 2424 cautiones,
393 2382 610 2423 obligationes,
626 2393 660 2412 ac
682 2381 817 2420 Litteras,
835 2390 920 2423 prout
937 2381 1040 2411 endem
1056 2381 1270 2412 Ambaffiatori-

204 2423 274 2464 biis,
289 2424 474 2462 Oratoribus,
494 2422 745 2460 Procuratoi‘ibus,
764 2419 995 2462 Commislariis,
1015 2419 1059 2450 seu
1083 2420 1118 2451 N
1121 2422 1210 2452 unciis
1225 2422 1269 2451 vi-

203 2463 316 2496 debitur
331 2462 478 2500 expedire,
494 2460 630 2499 Petendi,
651 2459 806 2498 Exigendi,
823 2459 856 2490 &
874 2457 1061 2501 Recipiendi,

237 2501 404 2539 Caeteraque
425 2501 520 2530 omnia
546 2501 579 2530 ὃς
598 2498 720 2536 singula,
735 2499 764 2526 in
783 2495 937 2527 Praemiffis
963 2507 1011 2534 per
1031 2507 1080 2528 eos
1106 2496 1270 2537 Conclusa,

233 2540 399 2575 oncordata,
417 2539 450 2569 ὃς
471 2538 610 2574 Firmata,
629 2535 855 2571 Concludenda,
874 2534 1103 2575 Concordanda,
1131 2541 1146 2552 ἃ
1163 2537 1196 2567 &
1210 2536 1270 2566 Fis-

204 2578 318 2617 manda,
334 2576 498 2607 perficiendi
516 2577 548 2607 &
565 2586 617 2613 pro
630 2575 711 2606 Parte
723 2573 818 2604 nostra
833 2573 1024 2615 Perimplendi
1036 2585 1070 2605 ac
1083 2575 1179 2605 debite
1195 2575 1269 2606 Exe-

203 2613 324 2657 quendi‚
342 2615 446 2645 etiamsi
463 2615 569 2652 majora
583 2614 634 2644 sint
648 2615 681 2644 ὃς
698 2612 871 2643 Mandatum
885 2611 920 2642 de
938 2613 974 2642 lui
997 2615 1095 2644 natura
1111 2615 1197 2652 magis
1211 2615 1269 2644 exi-

204 2665 269 2695 gant
288 2653 403 2692 speciale
417 2676 426 2691 ,
450 2653 482 2683 &
508 2662 572 2690 quae
595 2651 768 2689 Nosmetipsi
791 2651 883 2681 facere
907 2650 1068 2690 possemus,
1087 2652 1107 2681 si
1123 2651 1269 2689 praesentes

202 2694 377 2734 personaliter
387 2691 529 2732 essemus,
548 2691 576 2720 in
593 2690 778 2727 explicatione
794 2688 1018 2720 Praemifforum.

221 2730 319 2771 =Quae:
339 2731 435 2761 omnia
457 2730 490 2760 &
512 2728 617 2767 lingula
641 2727 789 2758 Praemisla
811 2726 917 2756 eisdem
941 2726 1032 2756 modo
1055 2727 1087 2757 &
1110 2727 1221 2767 forma,
1238 2737 1268 2759 ut

202 2772 398 2810 praeniittitur,
417 2768 524 2806 Gesta,
540 2767 626 2797 talem
642 2775 805 2804 tantamque
818 2765 907 2803 Vim,
927 2765 1151 2805 Auetorimtem,
1169 2767 1201 2796 ἃ
1218 2767 1268 2796 Ef-

191 2811 313 2842 ⁷seOcum
341 2809 475 2840 voiumus
496 2807 625 2844 optinere
639 2828 649 2844 ,
680 2815 712 2836 ac
735 2805 755 2835 si
774 2814 806 2835 ea
827 2805 857 2834 in
879 2804 992 2841 propria
1015 2803 1136 2835 Persona
1158 2805 1268 2836 fecisse-

257 2859 267 2873 ς
731 2873 734 2876 ,

205 2859 444 2917 mP130mittentes'
457 2907 466 2923 ,
491 2882 567 2913 bon&
592 2881 660 2912 Fide
679 2882 713 2912 &
733 2881 761 2910 in
780 2879 887 2923 ¹Verbo
908 2879 1004 2919 Regio
1018 2904 1028 2919 ,
1047 2880 1116 2924 'Nos
1140 2880 1266 2921 Ratum,

203 2927 327 2957 Gratum
361 2925 394 2954 ὃς
412 2924 541 2952 Firmum
564 2930 701 2960 perpetuo
721 2920 864 2949 habituros
888 2927 984 2949 totum
1006 2919 1195 2958 quicquidque
1217 2931 1265 2957 per

203 2965 293 2995 dictos
309 2949 524 2994 Ainbassiatores
561 2960 711 2995 Oratores,
730 2958 941 2997 Procuratores,
959 2957 1191 2997 Commiffarios,
1211 2959 1267 2989 sive

203 3004 342 3034 Nuucios
368 3001 493 3037 Actum,
513 2984 656 3037 Oestum,
674 2997 720 3027 seu
742 2996 930 3026 Procuratum
955 2996 1080 3026 fueritin
1098 2996 1268 3037 Praemissis,

203 3042 249 3072 scu
267 3042 361 3078 aliquo
376 3037 600 3071 Praemilsorum.
790 3073 794 3078 ι

239 3080 274 3110 In
295 3079 374 3117 cujus
397 3076 455 3107 Rei
465 3074 683 3106 Testimonium
698 3073 744 3103 has
761 3072 867 3103 Litetas
882 3072 989 3103 nostras
1004 3072 1063 3104 fieri
1078 3073 1200 3105 fecimus
1213 3074 1268 3104 Pa-

280 3134 300 3147 ὸ.
920 3134 922 3137 ·

204 3127 330 3187 tenrteeste
351 3152 458 3190 meipso
480 3153 509 3182 in
527 3154 657 3180 Exercitu
673 3161 728 3179 meo
735 3157 815 3188 prope
830 3149 973 3179 Boloniam
982 3149 1063 3189 snper
1078 3153 1179 3189 Mare,
1197 3160 1268 3188 pen-

206 3196 307 3227 ultimo
323 3193 382 3224 Die
398 3192 552 3227 Odtobris,
573 3190 662 3219 Anno
677 3189 772 3226 Regni
788 3188 874 3231 nostri
888 3189 1004 3219 οᾶανο.

230 3233 274 3263 „In
297 3231 352 3263 sine
373 3232 443 3263 vero
468 3231 502 3262 &
522 3229 650 3259 inferiori
673 3227 756 3258 Parte
774 3226 915 3258 dinitiarum
936 3227 1110 3259 Litterarum
1131 3235 1187 3258 erat
1201 3227 1269 3258 scri-

205 3279 303 3311 ptum,

362 3349 415 3376 Per
436 3345 518 3385 ipfiaem
539 3347 636 3381 Regem
651 3365 662 3382 ,
684 3342 723 3378 ό·
744 3342 777 3372 de
800 3342 883 3373 Data*
903 3342 1039 3381 praediffi
1053 3366 1064 3382 ,
1087 3344 1268 3374 Aue‘ioritate

401 3385 590 3414 Par-liariienti.

230 3459 284 3493 [Et
294 3459 447 3499 signatum
459 3461 495 3491 de
509 3458 665 3494 Secretario
673 3481 685 3496 ,

306 3520 308 3522 V
859 3534 882 3565 B
900 3539 921 3564 L
943 3544 960 3565 Y
979 3542 1002 3564 τ
1021 3542 1044 3563 Η
1061 3543 1092 3564 1).
1131 3543 1139 3548 ·

249 3614 466 3651 Convenimus,
490 3611 691 3642 contraximus
698 3633 708 3649 ,
731 3612 765 3643 ὃ(
788 3611 1007 3648 Conclusimus,
1024 3611 1058 3642 &
1075 3620 1125 3647 per
1141 3609 1267 3642 Praesen-

213 3661 252 3683 tes
272 3653 494 3689 Convenimus,
521 3650 745 3689 Contrahimus,
768 3651 800 3682 ὅ(
827 3648 1039 3681 Concludiinus
1063 3649 1206 3680 Articulos
1225 3648 1267 3679 se-

210 3700 334 3728 quentes.

247 3764 479 3804 IMPtths,
492 3766 572 3803 quod
592 3766 694 3803 bonae,
713 3767 844 3802 sincerae,
863 3764 954 3795 firmae
987 3766 1020 3795 ὃς
1042 3764 1175 3802 perfeci&
1196 3763 1266 3801 fint,

211 3805 244 3834 δε
267 3806 462 3836 inviolabiliter
484 3805 653 3842 habeantur,
680 3805 712 3834 &
734 3805 931 3842 observentur,
958 3787 1035 3841 Pax,
1054 3803 1213 3838 Amicitiae,
1230 3803 1264 3834 &

211 3841 330 3873 Foedera
350 3845 421 3873 inter
442 3842 653 3872 Potentiffimos
672 3845 794 3870 Franciae
815 3840 852 3875 (ἐν
870 3840 982 3878 Angliae
996 3845 1078 3878 Reges
1093 3840 1264 3880 antedictos,

213 3882 380 3911 eorumdem
394 3881 515 3918 Patrias,
531 3882 564 3912 ὅ(
578 3880 718 3910 Dominia
733 3880 779 3910 sua
796 3889 985 3921 quaecunque,
1003 3880 1136 3910 Haeredes
1149 3880 1182 3910 &
1192 3878 1266 3909 Suc-

212 3916 348 3956 cessbres,
371 3919 625 3956 Vassallos,·atque
646 3917 780 3949 Subditos
800 3920 861 3947 suos
882 3917 1027 3955 praesentes
1040 3918 1073 3949 &
1086 3918 1211 3955 ἕαται-οε,
1228 3927 1262 3947 ac

210 3955 393 3992 quoscunque
417 3956 550 3994 Alligatos
567 3958 600 3988 &
622 3956 843 3986 Confoederatos
862 3956 1003 3995 utriusque
1018 3966 1136 3996 eorum,
1156 3957 1209 3994 qui
1232 3957 1261 3986 in

212 3990 265 4021 ista
284 3991 357 4022 Pace
374 3992 587 4030 Comprehendi
606 3996 764 4032 voluerint,
780 3996 813 4025 ἃ
826 3993 862 4024 Se
876 3994 1090 4032 Comprehendi
1109 3994 1180 4025 velle
1192 3995 1262 4024 infra

211 4037 340 4068 tempora
359 4030 392 4061 &
406 4031 454 4061 sub
464 4031 556 4064 forma
569 4033 686 4064 inferitis
698 4032 814 4065 limitata
829 4031 1043 4073 declaraverint,
1059 4042 1176 4065 necnon
1188 4034 1261 4065 iuter

1296 128 1406 176 ES,
1498 126 1658 168 LIT
1703 125 1916 174 ERAE,

1301 212 1481 245 Illustrissima
1497 215 1620 242 Franciae
1633 210 1674 247 ὀ·
1688 210 1802 248 Anglfae
1817 210 1905 250 Regu

1293 262 1336 284 tus
1360 253 1464 290 Maris,
1482 253 1515 284 &
1536 251 1629 289 Aquas
1652 250 1763 287 dulces,
1782 250 1815 280 &
1839 250 1920 287 quod
1944 251 2028 284 dictae
2049 251 2213 290 Amicitiae,
2231 251 2305 292 Pax,
2322 255 2356 285 &

1908 221 1933 250 a,
1951 219 2000 250 per
2017 211 2270 258 Terram„Mare,
2285 213 2358 245 Por·
2377 205 2451 237 Ann.
2463 203 2506 238 D,

2403 254 2488 284 1492.

1293 291 1411 322 Foedera
1432 291 1511 322 suum
1531 289 1653 320 habeant
1671 288 1808 318 effectum
1832 288 1994 319 immediate
2012 291 2080 327 post
2101 291 2206 322 Datam
2233 292 2357 324 Praesen-
2376 290 2440 313 Hen.
2454 296 2481 320 7-

1297 332 1388 368 tium,
1407 330 1441 360 &
1465 329 1568 360 durent
1583 327 1648 359 Vita
1666 326 1808 364 utriusque
1823 325 1991 370 Principum
2006 329 2208 365 praedidtorum
2223 331 2340 363 durante

1296 370 1329 399 δε
1351 369 1462 399 alterius
1485 377 1585 398 eorum
1607 366 1711 397 diutius
1729 365 1868 408 viventis,
1884 365 1918 395 &
1940 373 1989 401 per
2004 366 2122 398 Annum
2140 370 2281 408 integrum
2294 357 2359 411 poi}

1295 407 1420 437 Obitum
1444 406 1546 437 ultimo
1568 404 1692 444 ipsorum
1715 412 1917 447 morientium,
1936 402 1977 433 Ita
1999 412 2093 435 tamen
2113 408 2194 444 quod
2208 409 2358 442 Successor

1295 446 1384 485 Regis
1404 445 1613 476 Praemorientis
1635 443 1741 474 dietam
1766 442 1929 485 Amicitiam
1950 443 1984 472 &
2003 441 2109 473 Pacem
2131 446 2200 479 infra
2216 458 2322 479 annum
2343 461 2358 481 a

1296 484 1354 514 Die
1374 482 1482 514 Obitus
1500 482 1539 513 sui
1565 481 1777 513 Praedecefforis
1791 481 1931 511 tenebitur
1950 489 2002 523 per
2012 481 2070 511 suas
2084 481 2222 523 Litteras,
2240 486 2357 525 Magno

1294 523 1344 552 suo
1364 522 1464 559 Sigillo
1487 521 1630 559 sigillatas,
1647 521 1720 551 hanc
1742 519 1909 550 Amicitiam
1935 518 2088 549 Ratificare
2110 522 2144 552 &
2157 521 2338 558 Confirmare

1294 561 1459 598 dictamque
1472 559 1704 591 Ratisicationem
1719 560 1752 591 &
1763 558 2023 588 Confirmationem
2042 557 2118 596 Regi
2132 559 2278 598 Superstiti
2288 552 2359 595 Νοῖ

1294 598 1417 636 tificare,
1431 597 1654 635 Transmittere‚
1672 598 1705 628 &
1722 597 1896 628 Deliberare.

1332 636 1378 666 Ιτ
1388 645 1407 666 Ε
1416 644 1461 673 M,
1478 636 1557 674 quod
1566 658 1576 674 ,
1594 636 1713 666 durante
1724 636 1867 667 Termino
1885 635 2023 673 praedic'to
2036 634 2122 673 Bella,
2139 635 2275 677 Guerrae,
2293 639 2362 672 Ho-

1296 674 1433 711 stilitates,
1450 675 1482 705 ὃ(
1497 673 1656 704 Inimicitiae
1670 684 1860 713 quaecunque,
1877 675 1951 704 inter
1965 674 2096 713 praefatos
2106 677 2228 705 Franciae
2241 676 2280 712 ό,
2294 682 2362 708 Λη-

1293 713 1356 749 gliae
1379 716 1462 750 Reges
1485 713 1727 751 eorumdemque,
1746 722 1776 744 ut
1797 714 1826 743 su
1849 723 1875 743 ra
1890 713 1994 751 fertur,
2011 711 2149 743 Haeredes
2164 713 2198 744 ὃς
2213 714 2364 748 Successo-

1296 761 1354 790 res,
1374 750 1510 782 Vaffallos
1527 751 1561 782 δε
1581 751 1735 790 Subditos,
1752 752 1786 782 δε
1859 751 2030 783 nfoederatos
2052 752 2246 791 quoscumque
2267 756 2315 793 qui
2333 758 2363 787 in

1297 789 1426 827 praesenti
1442 789 1598 828 TraCtatu,
1618 799 1647 820 ut
1683 790 1863 828 raemittitur,
1878 790 2095 828 Comprehendi
2109 792 2259 830 voluerint,
2278 797 2364 825 Nec-

1297 838 1356 857 non
1373 829 1445 859 inter
1459 827 1534 858 dicta
1548 827 1643 859 Incliti
1668 838 1726 859 ima
1742 828 1860 868 Regna,
1879 828 2000 867 Patrias,
2019 829 2052 859 ὅ(
2066 829 2207 861 Dominia
2224 831 2268 861 sua
2285 841 2364 870 quae-

1296 876 1411 904 cunque
1429 867 1592 904 ubicunque
1613 866 1763 903 locorum,
1780 877 1828 905 per
1849 867 1986 905 Terram,
2005 867 2108 906 Mare,
2126 868 2238 900 Littora
2254 870 2362 911 Maris,

1297 905 1330 935 &
1345 905 1440 943 Aquas
1455 905 1552 935 dulces
1564 906 1689 935 omnino
1705 905 1860 936 cessabunt.

1336 942 1383 973 Ιτ
1393 952 1409 974 E
1422 952 1449 974 M
1459 967 1469 983 ,
1488 943 1568 981 quud
1586 953 1688 973 omnes
1703 945 1736 974 ὃ(
1751 944 1851 982 singuli
1862 943 2006 982 utriusque
2019 943 2161 976 dictorum
2175 946 2343 986 Principum
2352 972 2363 988 ‚

1299 991 1457 1020 eorumque
1475 981 1634 1012 Haeredum
1659 982 1693 1012 &
1718 982 1938 1020 Succeffomm,
1958 991 2004 1012 aut
2025 993 2125 1014 eorum
2150 985 2275 1025 alterius,
2291 987 2365 1024 ipso-

1299 1030 1421 1058 rumque
1437 1020 1623 1059 Alligatorum
1641 1021 1668 1050 in
1681 1020 1737 1051 hac
1750 1019 1825 1052 Pace
1838 1021 2109 1061 comprehensorum
2128 1021 2238 1054 Vassalli
2251 1027 2284 1056 ὅ(
2300 1026 2365 1056 sub-

1299 1059 1369 1098 diti,
1385 1059 1441 1091 sive
1464 1059 1515 1089 lint
1536 1058 1696 1097 Principes,
1722 1059 1954 1098 Archiepiscopi,
1980 1058 2129 1099 Episcopi,
2147 1060 2263 1103 Duces,
2282 1063 2365 1094 Mar-

1299 1099 1417 1128 chiones
1427 1120 1436 1136 ,
1453 1097 1602 1137 Comites,
1621 1097 1754 1136 Baiones,
1773 1097 1962 1136 Mercatores,
1978 1106 2026 1128 aut
2038 1100 2155 1136 cujuivis
2171 1100 2266 1132 Status
2279 1102 2365 1133 Con-

1300 1135 1450 1166 ditionisve
1471 1137 1607 1175 existant,
1633 1137 1748 1167 durante
1769 1135 1843 1167 Pace
1861 1137 2020 1175 antedicta,
2042 1138 2132 1167 ubivis
2151 1138 2282 1170 locorum
2301 1142 2366 1174 Seffi

1303 1176 1406 1205 mutuis
1425 1173 1538 1205 Officiis
1557 1175 1775 1214 prosequantur,
1799 1175 1832 1206 &
1853 1174 1972 1206 honesta
1995 1174 2158 1206 Affectione
2179 1179 2367 1220 pertractent,

1301 1213 1462 1252 possintque
1482 1214 1584 1251 libere,
1605 1218 1683 1253 tute,
1699 1215 1731 1245 ὅ(
1746 1216 1842 1245 secure
1856 1214 1908 1244 abs
1923 1224 1958 1245 ue
1972 1214 2088 1251 alicujus
2103 1214 2240 1255 Offensa,
2259 1227 2305 1248 aut
2319 1219 2369 1249 sal-

1302 1263 1342 1282 vo
1360 1252 1535 1291 Conduc‘tu,
1553 1253 1609 1283 sive
1625 1252 1774 1292 Licentia,
1793 1253 1896 1292 ubique
1904 1225 2082 1283 qurlustrare
2098 1263 2146 1291 per
2161 1253 2302 1295 Terram,
2339 1267 2368 1288 er

1304 1290 1403 1329 Mare,
1421 1292 1454 1322 &
1478 1291 1572 1329 Aquas
1589 1292 1684 1321 dulces
1708 1291 1872 1331 Navigare,
1889 1292 1959 1322 hinc
1973 1292 2093 1331 indeque
2107 1293 2141 1323 ad
2159 1291 2283 1332 Portus,
2335 1305 2372 1326 o-

1307 1331 1412 1368 minia,
1432 1329 1584 1361 Distriems
1605 1330 1790 1368 quoscunque
1813 1331 1956 1368 utriusque
1968 1330 2091 1368 ipsorum
2106 1330 2290 1371 Principum,
2308 1333 2372 1364 suo-

1301 1378 1425 1407 rumque
1446 1367 1601 1399 Haeredum
1625 1369 1658 1399 &
1684 1368 1886 1400 Succefforum
1907 1370 1975 1399 citra
1991 1369 2025 1399 &
2040 1369 2109 1400 ultra
2124 1369 2208 1401 Mare
2224 1371 2372 1403 Accedere

1304 1407 1396 1443 (dum
1413 1415 1507 1438 tamen
1526 1407 1694 1438 Numerum
1707 1408 1892 1438 Armatorum
1901 1407 2028 1439 Centum
2043 1407 2122 1438 simul
2139 1418 2197 1439 non
2212 1411 2369 1448 excedant)

1303 1445 1396 1484 cisque
1409 1446 1541 1484 quamdiu
1554 1447 1695 1477 voluerint
1714 1446 1844 1485 Morari,
1863 1446 2004 1482 Mercari,
2023 1445 2146 1486 Merces,
2165 1447 2371 1487 Mercimonia,

1303 1485 1409 1521 Arina,
1428 1486 1460 1515 δε
1471 1484 1579 1523 Jocalia
1593 1494 1787 1523 quaecunque,
1807 1486 1826 1516 si
1839 1486 1946 1516 statuta
1964 1484 2148 1525 Municipalia
2161 1487 2278 1518 antehac
2293 1488 2372 1519 sanc-

1303 1523 1357 1552 cita
1381 1533 1440 1552 non
1463 1523 1594 1562 obstent,
1614 1523 1719 1554 Emere
1735 1524 1767 1554 ὃς
1787 1523 1917 1554 Vendere
1933 1533 1940 1553 ε
1964 1523 2010 1553 Ac
2027 1533 2056 1554 ut
2072 1526 2110 1554 eis
2124 1525 2273 1565 placuerit,
2292 1527 2371 1558 illinc

1303 1561 1337 1590 ad
1361 1560 1453 1591 Partes
1475 1563 1615 1601 proprias,
1633 1563 1676 1591 vel
1697 1562 1779 1601 alibi,
1798 1562 1885 1593 libere
1908 1563 2038 1601 quotiens
2059 1563 2187 1594 duxerint
2207 1565 2372 1595 abeundum

1305 1599 1396 1638 abire,
1414 1610 1482 1630 cum
1504 1603 1555 1631 iuis
1566 1609 1612 1631 aut
1630 1601 1780 1631 conductis
1795 1601 1838 1632 vel
1854 1601 2047 1632 commodatis
2061 1601 2210 1641 Navigiis,
2228 1603 2374 1642 Plaustris,

1307 1637 1470 1676 Vehiculis,
1487 1637 1591 1677 Equis,
1610 1639 1782 1677 Armaturis,
1800 1639 2016 1677 Mercimoniis,
2033 1639 2199 1678 Sarcinulis,
2218 1642 2320 1681 Bonis,
2337 1642 2373 1673 ὃς

1305 1675 1404 1707 Rebus
1417 1677 1470 1707 suis
1483 1677 1716 1716 quibuscunque,
1731 1679 1784 1708 abs
1798 1688 1832 1708 ue
1850 1678 1907 1708 ullo
1922 1678 2146 1718 Impedimento,
2164 1679 2298 1719 Offensa,
2316 1681 2372 1711 Ar-

1305 1714 1452 1745 restatione
1466 1718 1507 1746 ob
1523 1715 1642 1747 Causam
1658 1716 1768 1746 Marcae
1832 1725 1997 1746 ntramarcae
2010 1716 2246 1758 Reprelaliarum,
2260 1727 2307 1750 aut
2320 1719 2374 1750 alia

1305 1752 1492 1785 Distric'tione
1511 1754 1697 1793 quacunque,
1713 1755 1772 1785 tam
1796 1756 1826 1785 in
1847 1753 1956 1792 Terra,
1972 1756 2059 1792 quam
2077 1756 2105 1785 in
2120 1756 2216 1796 Mari,
2233 1759 2267 1789 &
2281 1757 2374 1796 Aquis

1303 1791 1450 1832 dulcibus,
1487 1793 1712 1824 uemadmodum
1734 1792 1833 1824 Patriis
1852 1793 1881 1823 in
1904 1793 2022 1832 propriis
2035 1792 2098 1824 haec
2116 1797 2215 1825 omnia
2227 1797 2372 1835 facerent,

1306 1839 1353 1861 aut
1367 1832 1405 1860 eis
1418 1841 1447 1862 ea
1491 1841 1555 1862 cere
1569 1831 1676 1862 liceret.

1344 1872 1359 1886 ”⁵
1381 1868 1427 1900 Ιτ
1438 1879 1456 1900 r.
1467 1878 1513 1908 ixi,
1531 1871 1610 1909 quod
1625 1871 1722 1901 omnia
1741 1868 1867 1901 Munera
1884 1869 1941 1900 five
1954 1869 2053 1900 Onera
2067 1871 2104 1901 ab
2117 1871 2214 1910 aliquo
2229 1872 2374 1904 difflnrum

1305 1905 1489 1947 Principum,
1506 1909 1536 1939 in
1557 1909 1676 1947 cujusvis
1689 1918 1789 1939 eorum
1806 1908 1962 1940 Patriarum
1979 1909 2035 1940 sive
2052 1909 2267 1942 DominIOrum
2283 1912 2375 1943 Parti—

1309 1950 1358 1976 bus
1371 1948 1440 1978 citra
1453 1956 1499 1978 aut
1515 1948 1586 1979 infra
1601 1948 1732 1988 Triginta
1749 1948 1848 1978 Annos
1864 1956 1928 1979 ante
1939 1946 2046 1978 Datam
2059 1947 2242 1981 Praesentium
2257 1951 2373 1991 imposi-

1304 1994 1331 2016 ta
1353 1985 1566 2018 Mercatoribus
1583 1988 1617 2019 &
1632 1987 1758 2018 Subditis
1772 1987 1880 2018 alterius
1896 1986 2038 2026 Principis
2055 1987 2147 2026 ejusve
2163 1988 2323 2020 Haeredum
2339 1991 2374 2022 &

1303 2023 1507 2056 Succefforum
1527 2027 1647 2065 nociva,
1665 2027 1784 2057 durante
1807 2025 1861 2056 hac
1886 2025 1962 2056 Pace
1975 2026 2088 2065 penitus
2101 2026 2154 2058 sint
2171 2027 2322 2067 Extindta,
2339 2030 2374 2062 ὃς

1304 2064 1385 2103 quod
1402 2064 1464 2095 talia
1477 2073 1524 2096 aut
1538 2064 1710 2104 confimilia,
1728 2064 1783 2095 hac
1799 2064 1938 2096 Amicitia
1949 2063 2084 2104 durante,
2099 2076 2114 2096 a
2133 2066 2224 2097 modo
2242 2077 2302 2098 non
2318 2069 2374 2098 im·

1303 2111 1461 2141 ponantur·,
1485 2103 1574 2135 Salvis
1596 2113 1690 2135 tamen
1710 2104 1820 2142 semper
1839 2103 1933 2142 quoad
1961 2103 2011 2134 alia
2032 2105 2166 2135 omnibus
2186 2104 2374 2145 Regionum,

1305 2141 1434 2172 Urbium
1448 2165 1457 2180 ,
1481 2143 1514 2173 ὅ(
1537 2142 1690 2174 Locorum
1714 2142 1758 2173 Le
1779 2142 1841 2173 ibus
1855 2165 1866 2181 ‚
1892 2141 2019 2180 Statutis,
2043 2143 2077 2174 &
2099 2142 2374 2184 Consuetudinibus,

1304 2181 1404 2218 quibus
1423 2181 1513 2212 nichil
1527 2182 1621 2222 quoad
1640 2191 1741 2213 eorum
1775 2191 1823 2212 ura
1836 2190 1886 2220 per
1902 2180 2046 2212 Praemissa
2061 2181 2242 2223 Derogatum
2259 2183 2374 2215 censea-

1305 2227 1359 2249 tur.

1343 2257 1472 2297 ITEM,
1492 2258 1572 2298 quod
1594 2270 1694 2292 omnes
1714 2258 1894 2291 Mercatores
1916 2259 1964 2292 etsi
1984 2259 2105 2298 Veneti,
2123 2259 2298 2300 Florentini,
2318 2261 2375 2293 five

1302 2295 1453 2334 Januenses
1467 2297 1530 2338 fixit,
1549 2298 1653 2336 poffint
1664 2309 1712 2338 per
1730 2297 1814 2329 Mare
1827 2300 1860 2330 &
1875 2298 1973 2337 Aquas
1988 2298 2094 2337 dulces,
2113 2299 2236 2340 Armati,
2253 2301 2298 2332 vel
2313 2310 2376 2331 non

1306 2334 1428 2374 Armati,
1443 2347 1513 2368 cum
1531 2338 1582 2368 suis
1617 2339 1716 2376 ropriis
1731 2337 1891 2375 Mercibus,
1906 2346 1953 2368 aut
1967 2337 2084 2376 Alienis,
2099 2338 2128 2368 in
2146 2338 2291 2377 Navibus,
2302 2337 2376 2370 Car-

1306 2374 1386 2412 racis,
1404 2384 1450 2406 aut
1465 2375 1570 2415 Galays
1609 2378 1708 2416 ropriis
1721 2375 1778 2408 sive
1791 2376 1908 2414 Alienis,
1925 2377 1953 2406 in
1962 2375 2063 2414 Regna
2079 2376 2205 2408 Franciae
2219 2378 2376 2417 &Angliae

1306 2413 1339 2443 &
1352 2423 1452 2443 eorum
1467 2423 1627 2454 utrumque,
1644 2417 1715 2454 tute,
1734 2415 1839 2453 libere,
1856 2415 1889 2446 &
1904 2416 2000 2446 secure
2012 2416 2117 2454 venire,
2132 2416 2164 2446 ὃ(
2179 2417 2216 2446 ab
2232 2416 2299 2446 hinc
2315 2425 2375 2454 quo

1305 2451 1391 2482 velint
1403 2453 1615 2490 abire,durantc
1632 2454 1768 2485 Amicitia
1781 2453 1938 2494 antediCta,
1965 2453 2171 2492 uandocunque
2187 2455 2220 2486 &
2233 2454 2375 2492 quotiens-

1306 2499 1418 2529 cunque
1439 2492 1605 2530 voluerint‚
1627 2493 1730 2532 absque
1754 2491 1919 2529 Violentia,
1980 2491 2117 2533 isturbio,
2145 2491 2299 2532 Molestia,
2325 2501 2373 2524 aut

1307 2527 1484 2560 Gravamine
1505 2541 1678 2569 quocunque
1701 2541 1748 2571 per
1768 2531 1852 2561 didos
1873 2533 1994 2560 Franciae
2016 2529 2054 2565 ῤ’
2071 2530 2183 2568 Angliae
2198 2533 2297 2571 Reges,
2317 2532 2373 2561 sive

1304 2577 1407 2597 eorum
1429 2569 1548 2607 aliquem
1558 2592 1568 2608 ,
1587 2579 1633 2600 aut
1656 2569 1825 2600 eorumdem
1840 2567 1979 2598 Haeredes
1992 2568 2025 2599 &
2039 2568 2215 2600 Succelsores
2229 2570 2287 2601 five
2301 2570 2374 2608 ipso-

1306 2616 1372 2636 rum
1389 2615 1434 2637 aut
1450 2607 1563 2645 alicujus
1576 2618 1675 2639 eorum
1691 2608 1824 2638 Subditos
1838 2606 2032 2646 quoscunque.
2357 2633 2359 2636 .

1341 2643 1386 2674 Ιτ
1399 2653 1417 2674 E
1426 2653 1454 2675 M
1463 2669 1472 2682 ,
1489 2646 1558 2676 dieti
1579 2646 1795 2677 Ambaffiatores
1811 2647 1843 2677 &
1857 2645 2053 2676 Commissarii
2068 2649 2191 2676 Franciae
2205 2644 2244 2682 ὠ·
2258 2645 2371 2685 Angliae

1305 2683 1458 2720 Principum
1498 2686 1687 2723 raea'i'elorum,
1705 2696 1760 2723 pro
1782 2684 1960 2722 Principibus
1982 2684 2052 2724 suis,
2069 2686 2103 2715 &
2121 2685 2303 2716 Nominibus
2320 2696 2371 2716 eo-

1305 2730 1368 2750 rum
1393 2732 1426 2753 ac
1482 2723 1607 2753 aeredum
1630 2724 1664 2754 &
1686 2723 1886 2755 Succefforum
1911 2723 2043 2762 suorum,
2062 2723 2257 2755 Promiserunt
2273 2724 2372 2763 quod,

1305 2758 1420 2790 durante
1441 2760 1592 2799 Tempore
1616 2761 1771 2801 praedicsto,
1788 2761 1903 2793 Neuter
1926 2762 2071 2793 didtorum
2084 2763 2270 2802 Principum,
2290 2763 2371 2794 Nul-

1305 2796 1400 2835 lusque
1421 2808 1522 2830 eorum
1541 2799 1718 2840 Haeredum,
1741 2809 1788 2832 aut
1809 2799 2026 2840 Succefforum,
2052 2809 2152 2832 contra
2174 2803 2259 2832 alium
2278 2801 2371 2841 ejusve

1306 2836 1444 2873 Alligatos
1464 2838 1497 2868 ὃς
1517 2837 1738 2870 Confoederatos
1757 2839 1924 2878 praedictos,
1943 2849 2083 2870 eorumve
2099 2839 2235 2872 Haeredes
2249 2841 2281 2872 δε
2298 2840 2373 2871 Suc-

1305 2875 1442 2914 cfflbrec,
1463 2876 1616 2915 quidquam
1638 2887 1717 2918 aget,
1734 2879 1838 2917 faciet,
1863 2879 2011 2916 tractabit,
2035 2877 2082 2909 vel
2103 2879 2277 2916 attemptabit
2298 2886 2373 2918 quo-

1305 2922 1420 2952 cunque
1440 2916 1470 2945 in
1491 2915 1592 2955 Loco,
1611 2915 1666 2947 sive
1681 2918 1710 2947 in
1724 2916 1835 2954 Terra,
1852 2917 1952 2948 sivein
1968 2916 2059 2955 Mari,
2078 2916 2230 2947 occasione
2241 2915 2371 2952 quacun-

1304 2961 1376 2990 que,
1401 2954 1567 2992 nullumque
1589 2956 1728 2993 praestabit
1749 2956 1910 2992 Auxilium,
1934 2955 2114 2994 Consilium,
2132 2954 2177 2985 vel
2201 2954 2369 2992 Assensum,

1306 2991 1385 3027 quod
1410 3001 1460 3031 per
1480 2993 1580 3024 Alium
1605 2994 1650 3024 vel
1674 2994 1754 3025 Alios
1769 2994 1874 3032 aliquid
1892 2993 1958 3033 fiat,
1977 3002 2088 3032 agatur,
2104 2992 2317 3031 trad’tet‘urffi'el
2329 3002 2374 3024 at-

1306 3037 1458 3071 temptetur
1473 3031 1502 3061 in
1517 3031 1722 3069 Praejudicium
1738 3033 1783 3064 vel
1798 3032 1879 3063 Dam
1900 3042 1971 3063 num
1983 3032 2110 3069 alterius,
2125 3029 2228 3069 ejusve,
2246 3039 2276 3061 ut
2293 3041 2370 3070 prae-

1306 3068 1414 3098 dictum
1429 3068 1487 3107 est,
1508 3070 1694 3110 Alligatorum
1710 3073 1744 3103 δε
1761 3070 1874 3102 Confoe
1894 3078 2052 3101 eratorum:
2079 3068 2117 3100 Et
2133 3069 2152 3100 fi
2169 3078 2219 3108 per
2236 3069 2369 3101 Alterum

1306 3116 1406 3137 eorum
1424 3107 1500 3138 secus
1517 3107 1582 3146 fiat,
1598 3119 1645 3140 aut
1665 3110 1756 3148 aliqua
1777 3109 1845 3140 Belli
1867 3109 1981 3147 suspitio
1999 3115 2097 3138 contra
2113 3107 2240 3138 Alterum
2252 3131 2262 3145 ,
2278 3108 2371 3147 ejusve

1306 3154 1337 3186 ut
1359 3146 1529 3183 praedietum
1543 3147 1602 3186 est,
1621 3147 1755 3187 Alligatos
1769 3149 1803 3180 &
1818 3147 2041 3178 Confoederatos
2052 3146 2228 3185 praebeatur,
2245 3148 2380 3185 Princeps·

1307 3185 1345 3213 iic
1362 3185 1390 3213 in
1404 3186 1578 3215 contrarium
1597 3186 1702 3224 aliquid
1727 3187 1922 3224 Attemptans,
1940 3184 1985 3216 vel
2008 3183 2077 3215 Belli
2099 3184 2279 3224 suspitionem
2298 3186 2373 3216 infc-

1307 3232 1386 3261 rens,
1404 3223 1484 3261 super
1498 3224 1555 3254 hoc
1568 3223 1728 3255 admonitus
1744 3225 1778 3256 &
1792 3224 1949 3263 requisitus,
1967 3222 2047 3254 illico
2060 3222 2137 3254 illam
2150 3220 2222 3254 Belli
2239 3223 2374 3264 Suspirio-

1306 3269 1374 3290 nem
1391 3262 1511 3300 auferet,
1529 3263 1563 3293 &
1577 3263 1768 3293 incontinenti
1781 3262 1971 3292 ammovebit.
2374 3265 2378 3268 ”

1345 3298 1389 3330 Ιτ
1400 3310 1418 3331 Ε
1430 3309 1469 3338 iu,
1485 3301 1566 3339 quod
1581 3301 1715 3331 Termini
1728 3311 1762 3331 ac
1776 3300 1896 3331 Limites
1907 3299 2009 3330 Terrae
2023 3299 2069 3330 seu
2080 3298 2275 3331 Marchiarum
2290 3300 2375 3332 Cale-

1308 3337 1364 3375 fiae,
1378 3339 1414 3369 de
1429 3339 1602 3370 Obedientia
1617 3343 1694 3377 Regis
1708 3339 1822 3376 Angliae
1838 3341 1867 3369 in
1883 3337 2024 3368 Confinio
2039 3337 2238 3370 Comitatuum
2245 3338 2375 3370 Boioniae

1306 3376 1341 3406 &
1360 3376 1579 3417 Guyennmum,
1594 3386 1734 3417 ponentur
1749 3379 1783 3408 δε
1799 3377 1983 3416 reducentur,
2000 3385 2034 3407 ac
2051 3379 2325 3417 manutenebuntur,
2343 3386 2376 3409 ut

1307 3414 1441 3447 haetenus
1453 3417 1565 3447 fuerunt
1579 3416 1612 3447 ὅ(
1627 3425 1703 3447 crant
1715 3425 1780 3446 ante
1796 3415 1960 3446 descensum
1975 3415 2059 3452 ipsius
2068 3414 2156 3454 Regis
2165 3417 2194 3446 in
2205 3415 2327 3447 Calesia:
2337 3415 2381 3448 Et·

1307 3451 1428 3484 Castella
1442 3455 1486 3485 seu
1503 3455 1639 3486 Fortilitia
1654 3463 1719 3493 quae
1735 3453 1827 3492 Capta
1839 3452 2042 3485 &Substraeta
2055 3453 2166 3485 fuerunt
2179 3457 2278 3493 aRegis
2285 3457 2376 3486 Fran-¹

1306 3493 1352 3520 ciae
1366 3491 1577 3533 obedientiam
1591 3493 1634 3524 die
1648 3502 1707 3530 quo
1720 3492 1775 3532 ipse
1782 3495 1842 3521 Rex
1855 3490 1969 3529 Angliae
1983 3491 2118 3530 applicuit
2131 3492 2263 3532 Calesiae,
2272 3495 2374 3532 utpote.

1307 3530 1412 3567 Ardre,
1430 3532 1455 3561 la
1470 3532 1622 3569 Montare,
1640 3531 1782 3570 Lysques,
1802 3530 1945 3569 Fyennes,
1963 3530 2132 3570 ostinghes,
2149 3532 2182 3562 &
2195 3532 2248 3562 hiis
2261 3532 2373 3569 similia,

1305 3577 1369 3611 quae
1385 3579 1432 3605 per
1445 3570 1535 3608 ipsum
1543 3574 1638 3607 Regem
1647 3569 1758 3606 Angliae
1767 3592 1775 3606 ,
1781 3569 1844 3600 suos
1852 3567 2080 3607 Commissarios,
2085 3577 2132 3600 aut
2140 3569 2373 3607 Confoederatos,

1305 3616 1353 3640 qui
1370 3607 1419 3637 sibi
1436 3608 1464 3637 in
1481 3608 1534 3638 hac
1549 3608 1733 3646 Expeditione
1748 3607 1936 3644 adhaeserunt,
1953 3607 2114 3647 detinentur
2131 3608 2164 3638 &
2177 3613 2371 3646 occupantur,

1306 3644 1496 3683 Reponentur
1508 3648 1537 3676 in
1551 3657 1586 3678 eo
1602 3647 1679 3678 Statu
1691 3656 1750 3686 quo
1767 3656 1844 3677 nunc
1859 3646 1921 3676 sunt
1935 3647 1989 3676 una
2004 3655 2072 3677 cum
2085 3646 2210 3677 Subditis
2223 3646 2370 3677 distorum

1306 3682 1454 3714 Locorum
1478 3686 1507 3714 in
1530 3685 1703 3717 obedientia
1727 3687 1804 3722 Regis
1823 3687 1963 3720 Franciae,
1979 3686 2040 3723 pari
2062 3685 2207 3715 modo&
2226 3682 2321 3714 forma
2335 3691 2368 3715 ut

1305 3730 1383 3752 erant
1402 3731 1466 3753 ante
1486 3723 1597 3754 dictum
1618 3724 1807 3761 Descensum,
1825 3722 1862 3753 Et
1882 3723 1901 3753 si
1923 3724 1976 3754 hiis
2000 3724 2049 3762 qui
2063 3723 2137 3754 dicta
2158 3722 2279 3765 Castena
2293 3721 2367 3752 deti-

1305 3770 1392 3798 nent,
1406 3760 1566 3793 desisterent
1586 3764 1654 3793 huic
1675 3762 1806 3793 Articulo
1829 3771 1942 3798 parere,
1960 3764 2020 3791 Rex
2041 3764 2182 3799 Francia,
2199 3759 2293 3798 ejusve
2308 3760 2371 3791 Lo-

1305 3807 1491 3837 cumtenens,
1508 3803 1610 3837 poterit
1632 3811 1680 3831 eos
1695 3800 1728 3831 ad
1743 3802 1801 3831 hoc
1812 3799 1853 3830 Vi
1870 3801 1904 3831 &
1917 3799 2052 3831 Potentia
2067 3800 2221 3833 Armorum
2238 3806 2308 3828 com
2330 3800 2370 3830 el-

1304 3837 1360 3869 lere
1379 3848 1385 3868 t
1409 3836 1448 3868 Et
1470 3838 1670 3870 Detinentibus
1689 3839 1767 3870 dieta
1779 3837 1908 3870 Castella'
1921 3847 1982 3869 non
2005 3838 2083 3869 dabit
2095 3840 2157 3866 Rex
2171 3835 2285 3874 Angliae
2332 3848 2366 3869 u-

1304 3877 1417 3915 xilium,
1435 3876 1613 3917 Subsidium,
1630 3887 1676 3908 aut
1692 3877 1844 3914 Favooem,
1862 3877 2082 3917 quinyme,n⁶n
2095 3881 2226 3912 poterunt
2240 3883 2271 3905 ut
2284 3875 2369 3906 Con-

1302 3916 1431 3948 foederati
1453 3914 1667 3955 Comprehendi
1688 3917 1716 3945 in
1737 3916 1793 3947 isto
1814 3916 1952 3946 Tra&atu
1966 3936 1977 3953 ‚
2009 3913 2058 3945 nisi
2079 3912 2309 3956 diffisCastellis
2331 3915 2367 3946 &

1301 3955 1453 3986 Fortalitiis
1471 3955 1600 3992 primitus
1621 3954 1742 3985 reductis
1757 3956 1788 3986 in
1798 3954 1917 3994 pristino
1929 3953 2026 3990 Statu,
2042 3958 2101 3988 quo
2116 3959 2192 3982 etant
2214 3961 2279 3985 ante
2299 3954 2365 3986 De-

1301 3993 1427 4024 scensurn
1444 3991 1510 4022 disti
1524 3996 1601 4030 Regis
1617 3992 1747 4031 Angla,
1765 3993 1903 4024 Praeterea
1917 3988 1938 4022 fi
1949 3990 2034 4033 aliqui
2047 3989 2191 4021 distomm
2208 3990 2359 4024 Locorum

1299 4031 1413 4064 Subditi
1423 4031 1525 4065 fuerint
1537 4032 1613 4071 capti
1625 4030 1749 4063 lnermes
1763 4032 1798 4064 ὃς
1808 4039 1885 4063 extra
1898 4028 2073 4060 Exercitium
2083 4025 2206 4061 Guerrae
2218 4040 2268 4070 pei·
2282 4030 2362 4098 Sdiib-

2315 4074 2370 4099 1205

2391 1873 2406 1890 ·
2420 1874 2489 1903 xti.

2393 1922 2460 1950 50¹2
