2555 4266
674 240 784 283 ET
877 240 1144 286 ACTA

0 336 35 358 ¹¹1·
49 322 93 357 D·
110 333 204 370 sonas,
222 330 298 368 Res,
318 325 546 368 Merchandisas,
562 338 609 360 aut
622 330 701 362 Bona
726 341 905 369 quaecunque
926 329 1042 367 alicujus
1061 327 1106 356 vel
1127 324 1177 356 ali·

0 374 66 433 35⁶³.-

113 380 234 409 quorum
250 369 361 400 Subditi
375 369 419 399 seu
436 369 623 399 Subditorum
639 370 872 401 Excellentiffimi
887 370 920 399 &
944 364 1175 397 Christianiffimi

113 409 251 445 Principis
268 407 380 444 Angliae
395 407 434 441 ὠ·
449 411 570 437 Franciae
584 411 662 445 Regis
676 408 836 446 Capere,&
849 418 893 439 eas
908 406 952 436 vel
961 416 991 435 ea
1007 406 1036 434 in
1053 404 1174 445 aliquem

111 448 230 479 Locum
247 446 290 475 vel
309 445 430 476 Portum
447 446 543 476 eidem
560 445 745 476 illustrissimo
760 451 908 476 Scottorum
922 447 987 479 Regi
1010 443 1173 483 subject-um·

112 486 282 521 Adducere,
302 494 360 514 non
384 485 480 515 licebit
505 485 690 515 Illustriffimo
712 485 878 515 Scottorum
900 481 976 519 Regi
996 502 1005 517 ‚
1023 489 1071 509 aut
1090 480 1174 508 ³110OE

112 523 235 555 Subdito
250 523 307 553 sive
325 522 415 562 Ligeo
430 524 479 553 suo
496 533 538 553 eas
554 524 597 553 vel
614 533 644 552 ea
661 523 717 553 five
732 523 856 559 aliquam
878 520 991 549 Partem
1014 516 1177 548 earumdem

114 557 238 599 Emere,
256 562 301 592 seu
323 561 515 598 quovismodo
535 562 570 592 ad
591 561 757 591 Utilitatem
780 560 858 589 suam
880 557 1055 593 Receptare,
1074 554 1178 592 absque

114 599 262 631 Consensu
282 599 347 638 Ejus
363 601 405 630 vel
420 599 547 637 Eorum,
565 599 599 629 ad
618 599 717 636 Quem
735 597 779 627 vel
795 597 834 640 ad·
845 596 930 632 Quos
948 594 1026 624 Bona
1046 594 1090 624 seu
1104 592 1178 636 <Res

115 638 278 677 hujusmodi
299 648 362 668 ante
377 648 478 668 eorum
494 637 670 673 Captionem
685 638 751 666 vere
767 635 959 677 pertinebant}
988 633 1079 676 Qiod
1096 636 1115 675 ¹¹.
1130 641 1178 675 pet

114 677 241 715 aliquem
260 687 363 707 eorum
377 678 531 714 quicquam
545 677 573 704 in
597 676 772 704 contrarium
796 671 958 711 hujusmodi
983 671 1181 701 Ordinationis

116 716 225 747 facturn
247 715 291 745 vel
314 723 510 752 attemptatum
535 714 634 749 fuerit,
660 722 729 742 tunc
752 712 900 748 PeribnE,
927 710 1023 747 Bona,
1048 709 1121 745 Re„
1144 710 1178 738 &

119 754 329 785 Merchandisae
350 761 525 791 quaecunque
546 751 722 787 hujusmodi,
738 751 776 780 sic
800 750 903 787 Empta
915 749 959 779 seu
978 748 1119 791 Recepta,
1139 747 1182 777 Illi

120 794 167 825 vel
185 792 259 832 lllis,
274 792 308 822 ad
332 792 428 829 Quem
452 790 497 820 vel
509 789 544 820 ad
563 789 648 827 Qios
660 789 737 819 Bona
752 788 910 827 hujusmodi
925 790 991 818 vere
1006 788 1181 830 pertinebant

124 831 245 869 (Dolo,
261 829 384 866 Fraude,
403 828 522 858 Malove
541 829 655 866 ingenio
670 828 837 858 cessantibus
850 827 1092 866 quibuscumque)
1111 833 1183 855 inte-

123 871 233 908 graliter
253 869 446 899 Restituentur
465 876 514 905 per
535 866 571 896 fic
592 865 725 897 Ementes
741 866 796 896 five
819 866 1019 902 Recipientes,
1040 873 1076 893 eo
1093 863 1183 892 modo

123 918 183 947 quo
197 907 300 938 restitui
315 906 448 936 deberent
458 928 468 943 ,
483 905 502 934 fi
518 914 532 934 a
547 904 668 935 Subditis
682 904 749 935 dicti
765 904 944 934 Illustriffimi
961 903 1096 939 Principis
1111 905 1185 931 Scot-

123 953 212 977 torum
224 948 302 982 Regis
319 944 410 981 Capta
426 943 538 973 fuissent
549 967 557 981 ,
576 944 609 973 δε
626 943 827 974 nichilominus
845 943 883 973 fic
898 942 1095 978 Attemptans,
1113 949 1186 971 tam-

126 995 210 1023 quam
228 983 356 1013 Violator
376 983 477 1012 harum
491 982 690 1021 Treugarum,
708 983 828 1022 graviter
844 982 876 1012 &
891 991 945 1019 pro
962 980 1050 1010 modo
1071 981 1102 1010 &
1121 988 1188 1016 qua-

124 1024 200 1055 litate
213 1020 350 1051 Criminis
363 1023 490 1057 punietur
510 1031 516 1049 ε

123 1094 128 1095 ⁷
167 1061 245 1098 Qiae
267 1061 367 1090 omnia
384 1061 416 1090 ὃ(
428 1059 547 1099 singula,
566 1059 656 1089 modo
672 1061 705 1091 &
720 1059 813 1089 forma
828 1053 1190 1096 praemiffis,Excellentisfi-

123 1109 191 1134 ,mus
210 1099 244 1129 &
267 1096 523 1128 Christianiffimus
545 1098 678 1135 Princeps
692 1097 805 1135 Angliae
820 1096 858 1132 ῤ’
873 1099 995 1126 Franciae
1010 1097 1070 1124 Rex
1085 1093 1191 1124 Obser-

127 1138 224 1174 vabit,
240 1136 273 1167 &
296 1146 345 1173 per
367 1136 429 1167 suos
443 1136 577 1166 Subditos
589 1137 622 1167 &
639 1136 742 1175 Ligeos
754 1136 891 1172 iimiliter,
908 1134 1066 1174 aequaliter,
1081 1133 1114 1163 ὃς
1128 1129 1191 1161 effi-

127 1177 232 1207 caciter
249 1175 391 1206 observari
406 1175 506 1212 faciet,
522 1176 551 1204 in
570 1175 632 1205 casu
648 1185 705 1213 quo
719 1175 808 1212 aliqua
822 1173 957 1210 Persona,
974 1171 1099 1214 Naves,
1110 1169 1192 1214 Mer·-

127 1214 284 1251 cliandisae,
304 1213 380 1251 Res,
399 1213 444 1244 vel
463 1213 542 1243 Bona
562 1223 752 1251 quaecumque
776 1212 844 1242 dieti
862 1210 1036 1241 Illustriffimi
1054 1210 1193 1252 Principis

129 1257 278 1283 Scottorum
299 1255 392 1290 Regis,
411 1262 456 1281 aut
480 1252 594 1289 alicujus
618 1251 663 1281 seu
686 1253 842 1289 aliquorum
865 1249 977 1280 Subditi
993 1249 1039 1279 vel
1056 1247 1191 1278 Subdito-

131 1302 196 1322 rutn
213 1292 270 1328 ejus
284 1290 374 1327 Capta
390 1290 492 1320 fuerint
508 1300 556 1327 per
570 1290 692 1328 aliquem
706 1290 750 1319 vel
765 1289 887 1328 aliquos,
904 1297 962 1317 non
978 1286 1131 1330 Subditum
1147 1285 1192 1315 vel

133 1340 194 1360 nori
209 1329 341 1359 Subditos
358 1328 598 1358 Excellentiffimo
614 1329 646 1359 &
663 1326 900 1358 Christianiffimo
913 1325 1038 1364 Principi
1053 1328 1118 1362 Regi
1125 1327 1192 1354 An-

130 1368 194 1406 gliae
210 1365 247 1402 &
265 1370 385 1397 Franciae
399 1366 565 1406 supradicto.

169 1406 243 1436 ΙΤΕ
256 1414 302 1444 M,
327 1405 407 1436 simili
433 1404 523 1434 modo
543 1403 760 1435 Concordatum
780 1404 821 1434 est
846 1403 925 1443 quod
939 1426 948 1441 ,
972 1403 1008 1440 fi,
1030 1401 1194 1444 durantibus

127 1442 256 1481 Treugis
278 1443 440 1482 supradietis
457 1465 466 1481 ,
493 1445 638 1481 contingat
662 1444 783 1481 aliquam
802 1443 921 1473 Navem
942 1441 1049 1471 alterius
1071 1440 1195 1470 Partitim

132 1483 333 1522 praeditf'tarum
355 1481 545 1519 Naufragium
568 1483 639 1519 pati,
657 1491 703 1511 aut
724 1483 828 1518 rumpi,
852 1481 884 1510 ὃς
904 1481 994 1517 aliqua
1011 1479 1195 1509 Personarum

135 1521 316 1552 existentium
336 1522 366 1549 in
391 1519 470 1549 Navi
488 1520 525 1551 fic
540 1520 735 1556 Naufragium
753 1519 826 1556 passa
840 1520 883 1549 vel
901 1519 981 1556 rupta
995 1516 1136 1556 Superstes
1151 1526 1195 1546 re-

134 1560 266 1590 manserit
288 1558 470 1596 (ceffantibus
484 1559 512 1587 in
536 1558 568 1588 ea
590 1567 663 1594 parte
684 1558 771 1596 dolo,
795 1558 908 1595 fraude,
926 1558 958 1588 ὃς
981 1557 1056 1587 malo
1081 1556 1196 1594 ingenio

135 1596 376 1636 quibuscumque)
400 1595 622 1634 Mercliandisae,
642 1596 733 1634 Bona,
760 1598 793 1626 &
820 1596 878 1625 Res
905 1604 1110 1634 quaecumque,
1130 1603 1194 1631 quae

134 1637 171 1666 de
192 1635 268 1666 dieta
282 1634 362 1664 Navi
377 1634 503 1671 projecta
519 1634 584 1672 fint,
601 1644 636 1664 ex
649 1635 749 1666 eadem
763 1634 903 1672 Ertracfta,
920 1634 966 1664 vel
981 1635 1009 1663 in
1028 1633 1104 1662 Mari
1121 1632 1193 1664 Col-

132 1675 222 1711 ]etsta,
239 1673 285 1704 vel
307 1673 342 1703 ad
360 1672 483 1703 Terram
505 1672 668 1711 Venientia,
687 1673 731 1703 seu
752 1674 814 1703 alifis
838 1674 940 1710 quovis
963 1672 1054 1702 modo
1068 1671 1194 1703 Salva&

133 1712 260 1750 Salvata,
277 1720 328 1750 per
348 1721 397 1740 eos
421 1711 455 1742 ad
478 1721 599 1751 quorum
622 1722 720 1742 manus
738 1711 811 1749 Res,
855 1710 1054 1748 {archandisae,
1071 1712 1105 1742 &
1118 1709 1196 1741 Bona

133 1750 291 1788 hujusmodi
305 1749 484 1787 devenerint,
503 1750 659 1781 nullatenus
676 1750 870 1790 Diffipentur,
887 1749 1091 1779 Diminuantur
1121 1749 1198 1779 Alie-

125 1793 255 1827 Qientur,
273 1788 461 1826 Dividantur,
479 1798 532 1818 nec
549 1790 650 1827 quovis
670 1790 762 1819 modo
776 1789 994 1825 Subtrahantur,
1012 1796 1059 1818 aut
1106 1798 1195 1818 once-

133 1829 242 1866 lentur,
260 1825 299 1857 set
323 1827 363 1857 int
401 1837 429 1857 ra
449 1827 504 1857 fine
516 1827 708 1858 diminutione
721 1837 899 1867 quacumque
913 1826 1107 1857 Gubernatori
1124 1826 1196 1857 illius

133 1864 270 1896 Dominii
291 1866 348 1896 five
397 1866 460 1904 oei,
479 1866 506 1895 in
533 1865 623 1904 Qiod
645 1866 689 1897 vel
712 1867 810 1905 Quem
825 1867 901 1896 dieta
915 1865 992 1896 Bona
1004 1865 1195 1903 devenerunt,

134 1905 179 1935 seu
199 1906 256 1943 ejus
276 1904 437 1941 Deputato,
457 1903 570 1934 fideliter
597 1905 630 1935 δε
653 1905 706 1934 fine
731 1905 824 1935 fraude
844 1905 1031 1935 deliberentur
1043 1912 1127 1942 atque
1139 1912 1195 1934 tra-

133 1943 250 1982 dantur,
269 1944 303 1974 ad
324 1942 421 1973 Usum
445 1943 489 1973 vel
512 1942 676 1974 Utilitatem
689 1943 762 1973 Illius
776 1945 820 1973 vel
836 1942 969 1981 Illorum,
987 1942 1021 1972 ad
1037 1942 1136 1985 Qem
1153 1943 1198 1973 vel

134 1982 170 2012 ad
195 1983 281 2021 Qios
304 1981 382 2012 Bona
404 1981 475 2019 ipsa,
501 1983 540 2012 rei
559 1983 672 2013 veritate
694 1982 835 2019 inspecta,
862 1983 1002 2020 pertinere
1023 1987 1196 2019 noicuntur,

135 2020 353 2057 Conservanda3
368 2019 427 2050 Cui
447 2020 494 2050 vel
520 2020 650 2059 Quibus,
668 2020 738 2052 infra
755 2021 872 2057 spatium
889 2021 968 2050 unius
983 2020 1056 2050 Anni
1067 2042 1076 2057 ,
1092 2030 1107 2049 a
1123 2029 1197 2050 tem-

134 2069 207 2099 pore
222 2060 348 2090 Notitiae
367 2058 516 2098 Naufragii
530 2060 576 2089 vel
594 2059 731 2096 Rupturfe
746 2059 840 2090 Navis
856 2059 1013 2093 huiusmodi
1026 2068 1197 2097 computati-

136 2098 184 2136 di,
202 2098 296 2128 licebit
315 2107 367 2134 pro
386 2096 616 2136 Recuperatione
630 2099 663 2128 ὃς
680 2097 875 2129 Restitutione
888 2097 1016 2135 Rerum,
1033 2096 1195 2128 Mercandi-

135 2136 243 2174 sarum,
259 2137 292 2166 &
310 2136 455 2166 Bonorum
472 2135 632 2173 hujusmodi
648 2136 778 2175 Prosequi
794 2146 891 2167 coram
905 2136 1008 2174 Judice
1026 2137 1055 2165 in
1072 2135 1104 2166 ea
1120 2146 1197 2173 parte

137 2183 322 2212 competente
341 2185 346 2204 :
373 2173 431 2204 Cui
454 2174 490 2204 lie
515 2174 696 2214 Prosequenti
715 2175 761 2205 vel
784 2175 1021 2214 prosequentibus
1041 2174 1146 2205 realiter
1164 2174 1198 2205 &

137 2213 322 2244 effe&ualiter
349 2213 437 2251 tradi,
463 2213 586 2251 liberari,
608 2215 641 2245 ὃς
663 2213 767 2244 restitui
786 2213 904 2250 debent,
925 2213 1028 2244 Solutis
1049 2222 1145 2243 tamen
1165 2214 1199 2244 &

141 2251 252 2283 Refusis
277 2251 410 2290 Expensis
433 2252 466 2282 &
487 2251 654 2288 Sumptibus
674 2253 898 2290 rationabilibus,
916 2252 996 2283 facTtis
1013 2252 1088 2282 circa
1103 2250 1202 2282 Colle-

140 2292 267 2322 ctionem
289 2290 322 2319 &
344 2289 533 2320 Salvationem
562 2290 710 2321 Bonorum
735 2290 925 2327 eorumdem,
950 2290 1068 2320 Proviso
1094 2290 1202 2328 semper

140 2329 222 2366 quod
236 2329 355 2358 Persona
367 2329 400 2360 Sc
415 2328 545 2359 Personae
558 2328 699 2369 Superstes
714 2331 758 2360 vel
772 2328 951 2366 Superstites,
968 2338 1001 2359 et<
1017 2328 1051 2359 ea
1070 2329 1151 2360 Navi
1165 2329 1199 2360 ad

138 2367 262 2398 Terram
287 2368 443 2404 venientes,
458 2367 492 2397 ad
514 2367 615 2398 statum
637 2369 711 2406 quta
727 2367 866 2399 effizistum
882 2368 915 2399 &
931 2376 1060 2398 tenorem
1076 2367 1203 2399 Praesen-

142 2408 215 2438 tium
230 2407 409 2445 Treugarum
423 2405 510 2436 libere
525 2406 712 2438 dimittentur.

180 2444 228 2475 IT
238 2455 255 2475 E
265 2453 309 2482 M,
328 2443 398 2474 simil
416 2443 507 2474 modo
522 2444 738 2476 Concordatum
762 2445 803 2476 est
818 2444 896 2484 quod
906 2469 915 2483 ,
931 2445 967 2484 fi,
985 2445 1068 2476 dietis
1084 2445 1206 2485 Treugis

141 2484 320 2519 durantibus,
339 2482 427 2520 aliqua
443 2482 537 2512 Navis
553 2484 634 2514 unius
649 2483 754 2522 Partis,
774 2484 818 2515 vel
837 2485 962 2523 alterius,
978 2483 1125 2522 Peribnis,
1144 2484 1205 2516 Re-

143 2523 212 2559 bus,
231 2521 452 2558 Merchandisis,
468 2530 515 2551 aut
539 2520 624 2553 Bonis
647 2522 776 2560 Onusta,
794 2522 850 2553 five
867 2522 980 2560 Rupta,
999 2523 1057 2553 five
1080 2533 1133 2561 pro
1149 2523 1202 2554 Vi-

141 2561 283 2591 <Qualibus
298 2560 334 2590 de
354 2559 512 2591 neceffitate
525 2561 562 2590 eis
579 2561 609 2590 in
630 2561 705 2591 Mari
724 2562 931 2600 supervenienti
954 2561 1090 2591 Emendis
1106 2561 1206 2599 Appli-

140 2600 232 2629 cuerit
247 2600 276 2628 in
293 2599 416 2636 aliquem
434 2598 553 2628 Portum
568 2600 612 2629 vel
629 2600 745 2631 Locum
760 2600 845 2630 alium
860 2601 974 2637 alicuius
988 2600 1115 2630 Partium
1133 2610 1206 2637 prae-

141 2638 296 2673 dic‘tarum,
315 2647 368 2674 pro
388 2636 443 2675 qua
458 2636 627 2668 Reficienda
642 2638 761 2669 Navem
777 2638 863 2677 ipsam
874 2661 883 2674 ‚
902 2638 1050 2677 Personas,
1074 2637 1205 2676 Merces,

142 2675 203 2706 Res
213 2698 222 2713 ,
240 2676 274 2706 &
289 2675 366 2706 Bona
379 2684 515 2706 contenta
526 2677 555 2705 in
574 2676 674 2707 eadem
690 2686 819 2716 oporteat
827 2677 861 2707 ad
868 2677 990 2707 Terram
1001 2677 1204 2715 deponi‚quod

142 2715 172 2744 in
189 2714 254 2756 ‘hoc
273 2712 346 2744 Casu
361 2713 512 2757 Personae,
530 2713 660 2752 Merces,
680 2715 754 2753 Res,
769 2716 802 2746 &
823 2715 902 2746 Bona
926 2716 981 2754 ipsa
1001 2717 1039 2746 iic
1061 2715 1205 2754 depoiiia,

141 2754 245 2790 abique
257 2752 485 2792 impedimento,
503 2753 536 2784 &
551 2753 607 2784 fine
621 2753 771 2784 Solutione
786 2754 952 2792 Custumae,
972 2756 1001 2784 in
1011 2754 1127 2785 eandem
1140 2754 1204 2784 Na-

144 2792 222 2829 vim,
239 2800 308 2821 cum
327 2791 448 2821 Refecta
466 2792 566 2830 fuerit,
583 2792 627 2823 vel
644 2794 671 2822 in
686 2793 768 2823 aliam
782 2802 971 2831 reponantur,
989 2795 1023 2824 ὃς
1045 2793 1132 2822 Ιίὺετὲ
1155 2794 1206 2823 ab-

141 2829 299 2867 ducantur,
318 2829 437 2872 Proviso
453 2832 548 2860 tamen
569 2831 650 2868 quod
665 2841 717 2868 pro
733 2830 897 2870 Mercibus,
915 2831 1030 2869 Rebus,
1051 2830 1153 2870 Bonis,
1170 2832 1204 2862 &

144 2868 376 2910 Merchaiidisis,
385 2867 492 2897 ibidem
515 2878 567 2905 pro
583 2869 708 2900 emendis
725 2869 902 2900 Victualibus
920 2872 958 2900 eis
980 2870 1134 2901 necessariis
1154 2881 1205 2910 pro

145 2905 283 2936 Numero
305 2906 490 2936 Perlonarum
517 2907 663 2945 Venditis,
689 2907 840 2939 Custumae
860 2910 894 2940 &
917 2918 1018 2940 caetera
1036 2908 1161 2939 Devetia
1177 2910 1207 2938 iii

145 2944 179 2975 ea
195 2954 271 2982 parte
286 2944 381 2975 debite
396 2945 429 2975 δε
445 2944 562 2975 fideliter
575 2946 776 2984 persolvantur.

185 2983 315 3020 ITEM,
334 2983 416 3013 simili
433 2982 524 3013 modo
538 2982 757 3015 Concordatum
780 2984 821 3015 est
847 2985 944 3023 quod,
963 2985 983 3015 fi
1001 2985 1075 3024 Qus
1094 2984 1130 3015 de
1153 2984 1209 3015 una

148 3020 229 3053 Parte
244 3021 370 3052 Partium
386 3021 584 3059 praedie'tarum
600 3022 718 3062 Capiat,
733 3023 816 3053 dietis
831 3022 949 3062 Treugis
964 3023 1145 3060 durantibus,
1161 3024 1211 3052 ali-

148 3060 228 3097 quod
250 3060 425 3090 Fortalitium
447 3059 527 3098 super
558 3061 638 3091 aliam
665 3061 798 3100 Partem,
823 3060 899 3101 Ipse,
922 3062 1002 3099 super
1027 3062 1060 3092 &
1083 3061 1211 3092 adversus

148 3107 234 3137 quern
246 3098 407 3137 hujusmodi
427 3097 603 3130 Fortalitium
618 3098 746 3138 Captum
760 3099 861 3138 fuerit,
879 3101 981 3140 poterit
994 3100 1061 3130 illud
1076 3099 1211 3139 Recupe-

149 3145 208 3167 rare
226 3147 276 3174 per
287 3137 362 3167 viam
379 3137 459 3167 Faffi
473 3138 518 3167 vel
530 3138 624 3176 aliter,
642 3147 726 3178 prout
743 3139 843 3169 melitis
861 3140 981 3176 poterit,
1002 3139 1034 3167 ὃς
1051 3139 1135 3169 etiam
1160 3148 1213 3174 po-

152 3177 214 3206 terit
229 3175 333 3206 Punire
350 3175 547 3206 Malefac‘tores
560 3178 591 3207 in
608 3176 641 3208 ea
653 3187 731 3216 parte
744 3176 900 3207 secundum
918 3178 1084 3216 exigentiam
1100 3175 1210 3215 Casfis,

152 3212 186 3243 &
200 3215 371 3246 tenebuntur
394 3213 615 3246 Conservatores
632 3215 720 3246 Partis
736 3216 824 3253 illius,
844 3217 923 3254 cujus
941 3215 1075 3246 Subditus
1096 3215 1213 3246 Fortali-

153 3252 225 3282 tium
240 3252 400 3292 hujusmodi
412 3254 536 3291 ceperit,
555 3254 575 3273 ‘¹‘
590 3254 760 3285 Succurrere
780 3255 813 3285 &
831 3253 935 3292 Juvare
953 3254 1061 3292 ipsum,
1079 3254 1157 3293 super
1180 3255 1213 3284 &

151 3289 274 3321 adversus
292 3291 393 3329 Qiem
418 3291 579 3328 hujusmodi
597 3292 774 3323 Fortalitium
789 3292 915 3328 Captum
937 3292 1037 3330 fuerit,
1062 3293 1096 3323 ad
1118 3291 1214 3330 [psum

157 3328 410 3371 Recuperandum,
429 3331 515 3368 quam
530 3331 631 3365 citius,
648 3332 682 3362 &
695 3332 781 3370 quam
801 3331 974 3370 diligentius,
993 3331 1158 3370 Sumptibus
1182 3331 1212 3360 il-

155 3366 208 3409 lius
220 3366 307 3397 Partis
321 3367 523 3407 Offendentis3
541 3369 605 3407 vel,
625 3369 645 3399 fi
670 3371 757 3407 magis
776 3369 925 3407 placuerit,
949 3369 1010 3407 Ipse
1030 3369 1108 3407 super
1129 3378 1216 3405 quern

154 3404 316 3442 hujusmodi
330 3406 505 3438 Fortalitium
521 3406 647 3447 Captum
664 3407 765 3446 fuerit,
782 3408 937 3447 Requirere
957 3409 1061 3446 poterit
1081 3409 1113 3439 δε
1130 3408 1217 3438 Sum-

159 3453 237 3473 mare
253 3442 417 3488 Regem&
432 3444 649 3476 Conservatores
661 3447 769 3477 alterius
789 3447 877 3477 Partis
896 3447 940 3476 seu
964 3457 1064 3478 eorum
1088 3445 1215 3484 Deputa-

160 3491 223 3519 tos,
242 3482 322 3520 quod
343 3482 404 3512 Sibi
428 3482 524 3514 Reddi
546 3484 651 3515 faciant
670 3486 703 3515 &
720 3484 845 3516 Restitui
868 3485 978 3516 dietum
1001 3485 1082 3515 suurn
1105 3485 1220 3515 Fortali-

159 3521 251 3554 tium,
269 3519 302 3549 δε
317 3519 514 3552 Malefaetores
530 3524 578 3560 qui
590 3523 751 3561 hujusmodi
765 3523 942 3554 Fortalitium
966 3532 1117 3562 ceperunt,
1137 3523 1217 3561 quod

159 3557 214 3595 Ipsi
230 3567 283 3595 pro
300 3555 383 3602 Posse
395 3558 486 3603 facere
495 3560 528 3590 &
538 3561 708 3600 perimplere
722 3563 913 3600 tenebuntur,
927 3562 1029 3601 absque
1043 3561 1128 3599 dolo,
1148 3562 1223 3593 frau-

160 3597 213 3633 de,
232 3597 266 3628 &
284 3595 359 3625 malo
371 3605 500 3632 ingenio.

199 3635 326 3679 ΙΤΕΜ,
345 3633 426 3678 simili
448 3635 538 3665 modo
560 3636 779 3670 Concordatum
802 3638 844 3669 est
863 3639 962 3678 quod,
978 3638 1015 3676 si,
1032 3637 1153 3677 Treugis
1170 3638 1223 3668 du-

162 3674 303 3717 ranti-bus,
319 3672 414 3714 aliquis
432 3673 476 3702 vel
488 3673 573 3711 aliqui
594 3676 789 3715 de'Vaffailis,
808 3677 917 3716 Ligeis,
934 3678 978 3706 vel
995 3676 1121 3707 Subditis
1143 3678 1224 3706 unius

162 3711 289 3742 Partium
303 3709 500 3754 praedffitarum
516 3711 675 3751 Deliquerit
687 3715 733 3744 vel
747 3714 930 3753 Deliquerint
942 3717 971 3744 in
986 3716 1147 3746 Territorio
1159 3716 1226 3745 alte-

164 3751 220 3781 rius
234 3749 337 3794 Partis,
358 3748 437 3779 liceat
454 3747 548 3792 Parti,
566 3751 594 3780 in
611 3753 690 3790 cujus
705 3753 868 3783 Territorio
883 3753 921 3783 sic
933 3753 1080 3790 deliquerit
1098 3754 1144 3783 vel
1157 3753 1227 3783 deli-

165 3790 294 3827 querint,
314 3788 403 3825 ipsum
420 3787 453 3816 &
465 3786 541 3830 ipsos
556 3798 654 3825 capere
667 3791 700 3820 &
713 3791 812 3827 punire
832 3790 989 3821 secundum
1013 3791 1103 3828 Leges
1123 3791 1224 3821 Patriae

165 3828 195 3857 in
211 3837 265 3865 qua
282 3828 320 3857 fic
335 3827 483 3867 deliquerit
503 3825 547 3854 vel
562 3826 728 3865 deliquerint
741 3851 751 3865 ,
766 3828 922 3859 secundum
938 3830 1105 3867 exigentiam
1120 3829 1230 3860 Delioi

163 3875 216 3902 per
234 3866 306 3902 ipsos
323 3866 368 3895 vel
383 3865 474 3904 ipium
486 3864 629 3894 cornmiffi
640 3865 685 3895 vel
699 3868 864 3905 perpetrati,
883 3867 903 3898 fi
917 3870 988 3898 vero
1005 3867 1041 3897 fic
1051 3867 1229 3906 Delinquens

167 3903 212 3933 vel
229 3902 432 3942 Delinquentes
446 3901 554 3938 Captus
573 3902 615 3932 vel
633 3901 716 3941 Capti
734 3913 794 3933 non
809 3905 892 3935 fuerit
906 3914 951 3936 aut
966 3905 1087 3943 fuerint,
1107 3914 1138 3935 ut
1156 3916 1229 3944 prae-

170 3941 310 3980 mittitur,
329 3942 373 3972 sed
389 3946 416 3972 ie
429 3941 567 3971 retraxerit
587 3941 630 3971 vel
648 3943 807 3972 retraxerint
826 3943 855 3971 in
875 3943 1050 3973 Dominium
1067 3945 1148 3980 ipsius
1170 3945 1230 3974 Re-

170 3980 212 4018 gis
225 3982 300 4017 cujus
312 3980 422 4010 Subditi
435 3979 556 4017 fuerint,
573 3978 791 4009 Conservatores
811 3979 881 4010 iliius
898 3980 986 4011 Partis
1007 3981 1052 4011 Re
1074 3983 1143 4012 uiliti
1157 3990 1235 4012 tene-

171 4019 280 4048 buntur
294 4018 426 4049 Liberare
441 4017 594 4048 Personam
610 4017 656 4047 vel
671 4016 804 4048 Personas
824 4018 985 4056 hujusmodi
1006 4019 1058 4050 Ma
1070 4020 1232 4051 efaetorum

173 4056 345 4099 puniendaS,
363 4065 394 4087 ut
414 4056 577 4094 praefertur,
596 4055 850 4086 Conservatoribus
869 4056 978 4087 alterius
1001 4057 1090 4088 Partis
1113 4058 1170 4089 hoc
1193 4069 1237 4088 re-

1231 233 1263 276 l?
1306 236 1346 279 [J
1386 239 1418 279 13
1459 238 1490 279 [a
1528 240 1547 281 I
1586 242 1623 282 (3
1665 240 1711 285 li.
2233 256 2286 298 149

1215 323 1261 366 seu
1275 323 1450 361 effugerint,
1469 327 1505 355 ita
1520 335 1548 356 ut
1565 327 1626 365 capi
1645 336 1703 357 non
1720 324 1837 365 poffiiit,
1860 328 1936 366 Rex,
1951 329 2029 368 cujus
2045 328 2157 362 Subditi
2179 329 2276 360 extite-

1214 369 1284 396 rint,
1305 361 1390 392 debet
1404 373 1452 392 eos
1465 373 1532 393 niox
1555 368 1692 401 perpetuo
1712 365 1895 396 forisbannire
1917 368 1952 396 ab
1974 371 2105 400 omnibus
2124 369 2208 399 Locis
2220 369 2275 399 suae

2299 324 2424 358 Anu.i)

2312 370 2399 405 1453·

1213 399 1482 437 Ditionistibjeetis,
1503 411 1573 438 quos
1587 412 1691 433 eittunc
1707 403 1786 433 nullo
1796 413 1930 440 umquam
1945 415 2071 443 tempore
2087 406 2211 438 restituet
2220 412 2274 436 nec
2296 410 2357 432 Hm.
2377 405 2406 433 6»

1214 439 1356 479 permittet
1372 439 1482 481 ingredi
1497 440 1541 481 vel
1564 441 1718 471 inhabitare
1744 442 1838 478 Loca,
1857 451 1886 472 ut
1906 444 2065 481 praefeiiur,
2083 446 2137 475 siae
2160 444 2274 475 Ditioni

1214 475 1354 518 subjefita,
1373 480 1423 505 nili
1440 475 1638 520 Maletaftores
1656 480 1704 516 ipi'i
1721 482 1793 515 prius
1814 480 1945 509 subierint
1958 480 2111 519 justitiam,
2132 484 2163 513 ὃς
2189 484 2273 522 plene

1212 514 1387 557 satisfecerint
1409 514 1485 556 alteri
1509 513 1602 554 Parti,
1620 526 1718 547 contra
1741 527 1828 554 quam
1851 519 1888 548 iic
1911 522 2150 558 atteniptaverint,
2169 521 2205 552 de
2220 521 2276 551 At-

1214 561 1357 596 temptatis
1378 552 1537 596 huiusmodi
1555 553 1588 583 &
1610 553 1747 590 Delu-itis,
1768 565 1815 591 per
1835 556 1924 593 ipsos,
1946 565 1975 586 ut
1997 557 2156 594 praefertur,
2176 569 2273 596 perpe-

1215 599 1317 628 tratis,
1343 590 1380 621 Et
1405 591 1470 621 licet
1494 591 1594 629 aliquis
1616 593 1675 622 talis
1702 592 1872 623 Malefictor
1892 595 1928 623 sic
1950 594 2079 624 Bannitus
2102 596 2204 632 fuerit,
2228 598 2274 627 seu

1214 629 1318 667 absque
1340 629 1525 666 Bannitione,
1552 630 1620 661 licut
1647 631 1810 669 praefertur,
1830 631 1936 668 Capzus
1960 633 2095 668 extiterit,
2115 634 2276 664 nichilomi-

1217 679 1267 698 nus
1282 669 1450 698 tenebuntur
1469 666 1688 698 Conservatores
1707 669 1792 699 Partis
1809 669 1894 707 illius,
1914 670 1992 706 cujus
2015 671 2090 699 idem
2111 670 2276 702 Maiefaetor

1217 707 1352 737 Subditus
1366 707 1502 744 eittiterit,
1522 706 1664 745 Reparaie
1686 707 1860 745 Attemptata
1882 709 1917 738 de
1937 707 2021 738 Bonis
2037 708 2197 745 hujusmodi
2214 709 2279 740 Ma-

1217 745 1387 775 lefaetorum
1401 768 1409 782 ,
1426 754 1562 782 quatenus
1576 745 1704 776 sufficere
1719 747 1861 784 poterint,
1879 746 1897 775 fi
1913 749 1983 776 vero
2000 747 2074 776 idem
2096 746 2281 785 Malefadtor,

1219 784 1256 813 fic
1272 783 1382 820 Captus
1394 784 1450 814 sive
1468 783 1682 822 Depreheniiis,
1701 795 1761 814 non
1779 785 1876 814 habeat
1889 785 1916 813 in
1935 784 2021 814 Bonis
2037 784 2112 813 unde
2129 783 2282 815 satisfacere

1220 822 1341 860 poterit,
1357 822 1385 851 in
1403 822 1460 852 hoc
1475 821 1548 852 Casu
1571 833 1606 852 eo
1628 823 1739 862 gravius
1755 824 1884 862 punietur
1898 823 1930 853 &
1951 823 2010 853 luet
2031 823 2060 851 in
2077 820 2226 860 Corpore,
2245 823 2283 852 Et

1220 860 1329 899 insuper
1349 861 1397 898 qui
1422 859 1640 892 Malefafilzorem
1663 861 1824 898 hujusmodi
1846 861 1963 891 scienter
1989 861 2188 899 Receptaverit
2203 882 2212 897 ,
2237 869 2283 891 aut

1222 898 1381 929 Confilium
1396 900 1421 928 ei
1439 899 1547 929 dederit
1562 899 1608 930 seu
1627 900 1765 930 Favorem
1776 922 1786 937 ,
1804 899 1837 930 ad
1854 899 1972 929 eandem
1996 900 2025 928 in
2052 899 2185 928 omnibus
2200 898 2285 928 Satis-

1222 938 1376 968 faffionem
1391 937 1424 967 &
1441 937 1565 967 Poenam
1578 939 1734 978 tenebitur,
1752 939 1786 968 ad
1800 948 1884 976 quarn
1899 937 2057 968 faciendam
2069 938 2102 967 &
2113 936 2286 967 subeundam

1223 984 1364 1006 teneretur
1378 975 1540 1013 hujusmodi
1557 976 1743 1015 Malefac‘tor,
1761 977 1779 1006 fi
1794 976 1884 1014 posset
1901 975 2091 1016 Apprehendi.

1265 1013 1389 1050 ITEM,
1409 1014 1490 1044 simili
1505 1015 1594 1045 modo
1608 1014 1828 1046 Concordatum
1846 1014 1887 1044 est
1902 1015 1999 1053 quod,
2018 1014 2054 1049 si,
2073 1013 2177 1044 eisdem
2191 1013 2287 1044 Treu-

1227 1053 1270 1088 gis
1283 1053 1463 1090 durantibus,
1482 1053 1584 1092 aliquid
1600 1064 1697 1085 contra
1718 1053 1827 1084 easdem
1843 1054 1886 1082 vel
1903 1055 2022 1092 aliquam
2045 1052 2160 1083 Partem
2177 1062 2289 1082 earum-

1227 1090 1312 1127 dem,
1333 1100 1381 1127 per
1397 1091 1519 1121 Terram
1534 1092 1591 1122 five
1605 1102 1654 1130 per
1670 1091 1772 1129 Mare,
1790 1092 1850 1121 fieri
1874 1092 1917 1122 vel
1938 1092 2097 1128 attemptari
2118 1092 2291 1129 contigerit,

1228 1138 1277 1166 per
1295 1129 1354 1158 hoc
1370 1138 1464 1159 tamen
1483 1130 1630 1168 praesentes
1643 1131 1769 1170 Treugae
1783 1140 1842 1159 non
1857 1139 1957 1168 erunt,
1976 1139 2030 1160 nec
2046 1129 2233 1159 censebuntur
2243 1137 2291 1159 aut

1228 1168 1426 1204 reputabuntur
1443 1168 1550 1206 Ruptae
1561 1192 1569 1206 ,
1589 1168 1758 1207 Infirmatae,
1776 1169 1822 1199 vel
1840 1168 2017 1206 Annullatae,
2034 1167 2070 1198 set
2088 1168 2292 1198 nichilominus

1229 1206 1257 1235 in
1279 1205 1326 1235 suo
1344 1205 1465 1236 Robore
1488 1208 1691 1245 permanebunt
1715 1209 1748 1238 ὃ(
1765 1207 1887 1245 vigore,
1903 1216 1957 1237 nec
1975 1206 2114 1243 Guerrae,
2131 1206 2180 1235 nisi
2198 1206 2292 1236 obser-

1229 1243 1291 1274 vata
1305 1243 1398 1273 formfi
1422 1245 1451 1273 in
1467 1246 1564 1282 primo
1580 1246 1710 1276 Articulo
1725 1245 1846 1285 superius
1868 1246 1940 1276 inter
1963 1244 2106 1283 Principes
2125 1243 2294 1282 declarata)

1231 1292 1283 1320 pro
1298 1292 1333 1311 eo
1350 1282 1407 1311 fieri
1420 1282 1524 1313 debent
1539 1284 1574 1313 ab
1590 1284 1644 1314 una
1657 1294 1734 1322 parte
1748 1284 1794 1314 vel
1810 1283 1914 1320 altera,
1931 1293 1985 1314 nec
2001 1283 2084 1313 Prisae
2096 1281 2294 1320 Personarum,

1231 1331 1285 1351 nec
1303 1319 1505 1351 Distric‘tiones
1521 1330 1566 1351 aut
1588 1322 1743 1361 Captiones
1760 1322 1924 1359 Bonorum,
1943 1331 1997 1351 nec
2011 1320 2182 1351 Obfidiones
2206 1320 2294 1351 Villa-

1230 1369 1312 1396 rum,
1329 1358 1519 1396 Castrorum,
1537 1359 1582 1390 seu
1607 1360 1832 1398 Fortalitiorum,
1848 1370 1903 1391 nec
1919 1359 2106 1397 Homicidia,
2123 1358 2294 1390 Murthrave

1231 1407 1409 1435 quaecunque
1423 1398 1451 1426 in
1469 1399 1645 1428 contrarium
1667 1398 1880 1429 Praemissorum
1905 1408 1920 1428 a
1937 1408 2120 1437 quocumque
2136 1399 2294 1435 attemptari

1232 1437 1290 1466 five
1303 1437 1464 1471 committi,
1482 1436 1519 1467 set
1532 1438 1730 1474 reparabuntur
1746 1437 1779 1467 &
1793 1447 1962 1474 reponentur
1980 1439 2007 1466 in
2023 1436 2125 1467 statum
2145 1436 2295 1474 pristinum

1232 1476 1265 1505 &
1282 1474 1410 1505 debitum
1426 1474 1567 1505 Maleficia
1583 1475 1616 1505 &
1638 1476 1807 1512 Attemptata
1822 1475 2000 1513 hujusmodi,
2017 1485 2132 1505 necnon
2155 1474 2290 1514 Interpri-

1231 1513 1267 1543 sa:
1281 1522 1468 1551 quaecumque
1490 1523 1538 1550 per
1557 1512 1778 1545 Conservatores
1801 1514 1835 1545 &
1857 1513 2075 1543 commissarios
2095 1513 2166 1543 illius
2189 1512 2294 1551 Partis,

1232 1552 1310 1586 cuius
1324 1551 1436 1581 Subditi
1458 1551 1496 1582 fic
1518 1554 1764 1590 attemptaverint,
1789 1551 1997 1582 offenderintve
2018 1551 2227 1591 malefecerint,
2244 1553 2294 1590 qui

1232 1593 1303 1620 vero
1319 1590 1515 1620 contrafecerit
1540 1590 1693 1628 (videlicet)
1712 1590 1860 1620 movendo
1877 1589 2038 1628 Guerram,
2057 1599 2242 1628 praeterquam
2264 1591 2295 1621 in

1232 1627 1329 1659 forma
1345 1629 1467 1666 superius
1483 1628 1612 1666 recitata,
1630 1629 1687 1659 five
1705 1629 1890 1665 Obsidendo,
1909 1628 2093 1665 Invadendo,
2109 1638 2154 1658 aut
2168 1627 2294 1666 Capien-

1233 1667 1273 1697 do
1297 1667 1382 1698 Villas
1400 1667 1444 1698 vel
1467 1667 1607 1697 Fortalitia
1620 1690 1629 1703 ,
1653 1676 1699 1698 aut
1717 1667 1860 1698 Faciendo
1882 1666 2051 1697 Homicidia
2071 1666 2126 1696 five
2149 1665 2297 1705 Munhra,

1232 1715 1346 1744 propter
1361 1706 1476 1743 aliquod
1494 1706 1703 1744 Attemptatum
1721 1714 1755 1736 ex
1767 1705 1847 1736 Parte
1862 1705 1963 1742 altera,
1979 1714 2025 1734 aut
2043 1713 2142 1742 praeter
2157 1705 2292 1735 Auctori-

1231 1753 1319 1775 tatem
1335 1746 1369 1776 &
1386 1744 1540 1776 Decretum
1557 1743 1786 1781 Conservatoiis‚
1802 1744 1932 1775 faciendo
1951 1743 2037 1773 Pr'rsas
2049 1743 2233 1773 Personarum
2250 1742 2295 1774 vel

1232 1782 1433 1814 Distridtiones
1451 1783 1495 1814 seu
1511 1782 1663 1820 Captiories
1678 1783 1842 1820 Bonorum,
1862 1793 1897 1813 eo
1916 1783 1976 1820 ipso
1993 1782 2075 1813 cadet
2092 1792 2107 1812 a
2122 1780 2214 1812 Causa
2229 1782 2274 1812 sua
2285 1804 2294 1819 ,

1234 1823 1268 1853 &
1292 1822 1494 1852 nichilominus
1512 1823 1641 1859 punietur
1659 1823 1736 1860 juxta
1759 1821 1865 1852 Delii-Iti
1886 1820 1924 1851 sui
1948 1821 2137 1859 exigentiam,
2153 1829 2200 1850 aut
2220 1820 2299 1850 resti-

1234 1869 1293 1905 tuet
1307 1869 1362 1929 gut
1375 1861 1519 1931 dreparabit
1541 1861 1616 1892 alteri
1632 1860 1707 1892 Parti
1721 1870 1810 1892 omne
1824 1859 1891 1891 illud
1910 1860 1938 1890 in
1952 1869 2011 1900 quo
2025 1868 2087 1889 eam
2101 1858 2186 1897 laefit,
2204 1859 2237 1889 ὃς
2252 1868 2301 1889 ce-

1233 1909 1274 1938 pit
1291 1910 1304 1930 a
1344 1910 1374 1930 ea
1395 1911 1451 1930 em.

1271 1938 1318 1969 IT
1328 1948 1345 1969 Ε
1358 1948 1403 1976 M,
1422 1938 1639 1970 Concordatum
1655 1939 1696 1969 est
1712 1938 1792 1969 fimili
1805 1937 1892 1968 modo
1901 1937 1997 1975 quod,
2013 1935 2299 1975 fi,praedi<stisTreu·

1233 1977 1276 2014 gis
1289 1977 1468 2015 durantibus,
1487 1979 1582 2016 aliquis
1598 1978 1785 2009 Subditorum
1802 1978 1881 2008 unius
1899 1976 1987 2006 Partis
2003 1978 2048 2007 vel
2064 1976 2173 2006 alterius
2185 1985 2299 2006 contra-

1236 2016 1282 2046 hat
1300 2015 1345 2046 vel
1365 2017 1439 2056 quasi
1460 2016 1505 2047 ieu
1528 2017 1670 2054 delinquat
1689 2016 1760 2046 infra
1782 2017 1935 2055 Regnum,
1955 2015 2098 2051 Terram,
2114 2015 2169 2044 sive
2192 2013 2299 2043 Domi-

1235 2055 1315 2085 nium
1333 2055 1402 2085 illius
1420 2054 1505 2085 Partis
1517 2056 1597 2093 cujus
1619 2057 1654 2086 ita
1671 2054 1849 2085 Contrahens
1869 2055 1914 2084 vel
1938 2053 2114 2091 Delinquens
2136 2051 2178 2081 est
2195 2051 2301 2081 Subdi-

1235 2102 1297 2131 tus,
1313 2096 1346 2124 ὃς
1365 2102 1469 2124 eittunc
1485 2094 1567 2125 causa
1582 2094 1686 2124 vitandi
1698 2093 1840 2132 Justitiam
1858 2092 1882 2122 se
1897 2093 2056 2123 subtraxerit
2077 2092 2109 2122 δε
2129 2089 2247 2127 effugiat
2268 2092 2299 2120 iri

1235 2131 1352 2162 Locum
1366 2142 1579 2172 quemcumque
1592 2132 1733 2162 subditum
1744 2133 1799 2162 five
1814 2131 1969 2167 subjeetum
1978 2131 2056 2160 alteri
2071 2139 2104 2159 ex
2117 2129 2221 2160 eisdem
2233 2129 2301 2159 Par—

1235 2172 1308 2201 tibus
1324 2172 1403 2209 cujus
1417 2171 1550 2202 Subditus
1566 2181 1625 2201 non
1639 2172 1781 2207 extiterat,
1799 2171 1832 2201 &
1848 2171 1914 2200 illue
1928 2169 2057 2200 deveniat
2073 2167 2178 2198 Homo
2196 2167 2301 2206 Ligeus

1234 2209 1304 2239 illius
1320 2209 1424 2247 Partis,
1441 2210 1643 2240 nichilominus
1665 2210 1852 2248 compelletur
1867 2208 1900 2239 ad
1919 2206 2186 2248 Respondendum,
2198 2207 2231 2236 &
2253 2205 2304 2236 Sa-

1235 2247 1450 2287 tisfaciendum,
1468 2258 1500 2278 ac
1515 2247 1703 2278 Subeundum
1713 2247 1871 2287 Justitiam,
1888 2247 1924 2276 de
1934 2246 2043 2276 Debito
2058 2245 2114 2275 five
2124 2244 2242 2288 Delicto
2249 2246 2300 2274 suo

1237 2287 1397 2325 hujusmodi
1413 2297 1513 2318 coram
1527 2286 1782 2317 Conservatoribus
1795 2287 1980 2322 Treugarum
1994 2283 2135 2321 utriusque
2144 2283 2248 2319 Partis,
2269 2283 2304 2312 fi·

1237 2336 1274 2356 ve
1297 2335 1397 2356 eorum
1423 2326 1587 2363 Deputatis,
1610 2327 1692 2364 aeque
1718 2334 1748 2355 ut
1773 2324 1964 2355 Satisfatsturus
1987 2323 2020 2353 δε
2037 2321 2187 2352 Subiturus
2209 2320 2304 2351 fuiffet

1238 2364 1257 2383 ²¹²
1274 2365 1293 2395 fi
1310 2364 1497 2402 permansisset
1511 2364 1561 2394 sub
1574 2363 1645 2394 Fide
1659 2365 1692 2395 &
1714 2363 1859 2403 Ligeantia
1874 2362 1954 2399 ipfius
1975 2361 2065 2392 Partis
2082 2361 2161 2398 cujus
2176 2359 2301 2390 Terram

1238 2402 1272 2433 &
1288 2402 1461 2434 Doniinium
1477 2402 1594 2442 effugit,
1613 2402 1631 2432 si
1648 2404 1718 2433 vero
1741 2403 1770 2432 in
1786 2400 1844 2431 sols,
1858 2400 1939 2437 Fuga
1962 2398 2127 2437 perstiterit,
2146 2408 2200 2428 nec
2216 2398 2304 2429 deve-

1238 2443 1311 2472 nerit
1327 2441 1432 2472 Homo
1447 2442 1550 2480 Ligeus
1562 2442 1634 2471 illius
1656 2440 1757 2478 Partis,
1775 2442 1805 2469 in
1821 2440 1899 2476 cujus
1913 2439 2036 2482 Terram
2056 2437 2175 2476 effugit,
2192 2446 2229 2466 eo
2244 2436 2304 2481 Ca-

1238 2480 1268 2510 su
1283 2480 1457 2512 Remittetur
1475 2481 1507 2510 ὃ(
1525 2478 1700 2510 Restituetur
1720 2479 1759 2509 illi
1782 2478 1875 2515 Parti,
1893 2486 1973 2515 cnjus
1996 2476 2102 2513 Ligeus
2122 2477 2155 2508 ὃς
2170 2475 2306 2506 Subditus

1240 2519 1348 2555 fuerat,
1366 2529 1418 2557 pro
1430 2518 1541 2557 Justitia
1554 2518 1589 2548 de
1606 2528 1642 2548 eo
1656 2528 1739 2554 prout
1758 2517 1808 2547 fibi
1824 2516 1966 2546 videbitur
1981 2514 2126 2551 facienda;
2144 2513 2174 2544 Si
2187 2516 2260 2545 vero
2275 2524 2306 2545 a-

1241 2557 1322 2596 liquis
1338 2557 1526 2588 Subditorum
1549 2558 1630 2587 unius
1646 2556 1772 2587 Partium
1785 2555 1986 2593 praedictarum
2001 2553 2027 2584 se
2045 2552 2182 2584 subtrahat
2199 2554 2229 2583 iti
2245 2551 2309 2583 Re-

1260 2606 1330 2627 num
1348 2597 1392 2626 seu
1416 2596 1593 2626 Dominiurn
1616 2595 1724 2626 alterius
1747 2604 1882 2633 tanquam
1907 2592 2065 2632 Fugitivus,
2093 2591 2245 2629 Proditor,
2271 2592 2306 2622 &-

1239 2605 1383 2672 Pebellis,
1400 2635 1551 2666 &ibidem
1567 2635 1717 2673 reperiatur
1736 2633 1784 2663 sub
1806 2632 2001 2662 Assecutantia
2023 2640 2071 2661 aut
2092 2630 2167 2661 salvo
2181 2629 2306 2660 Condu-

1242 2674 1308 2712 eiu,
1326 2673 1393 2704 Pars
1408 2674 1468 2710 illa,
1484 2673 1528 2703 seu
1538 2671 1768 2710 Gardianus,vel
1779 2671 1938 2708 DepUtatus
1953 2669 2095 2708 ejusdem,
2113 2670 2190 2707 cujus
2208 2669 2237 2698 in
2246 2667 2307 2699 Re-

1238 2721 1298 2751 gno
1312 2712 1357 2743 seu
1376 2712 1518 2742 Dominio
1532 2711 1690 2748 hujusmodi
1713 2710 1862 2747 Fugitivus
1884 2710 1931 2740 seu
1956 2707 2126 2738 Malefactor
2147 2716 2307 2750 receptatur

1240 2753 1274 2782 &
1289 2751 1472 2789 affecuratur,
1488 2751 1631 2788 requiiitus
1644 2750 1722 2788 super
1738 2750 1795 2779 hoc
1810 2758 1857 2787 per
1869 2748 1953 2778 aliam
1968 2747 2098 2783 Partem,
2117 2745 2293 2776 Gardianum

1240 2790 1285 2820 seu
1304 2790 1481 2828 Deputatum
1504 2788 1645 2826 ejusdcm,
1663 2788 1804 2818 tenebitur
1828 2786 1898 2816 infra
1922 2785 2115 2824 Qadraginta
2137 2783 2228 2823 Dies,
2244 2769 2308 2820 poti

1241 2827 1466 2864 Requiiitionem
1480 2828 1641 2866 sequenteS,
1659 2836 1782 2857 omnem
1798 2825 2023 2856 Affecurantiam
2041 2825 2074 2855 &
2092 2823 2207 2854 Salvum
2221 2821 2307 2852 Cori-

1240 2867 1363 2898 du&um
1381 2866 1542 2905 hujusmodi
1568 2865 1702 2904 Fugitivo
1728 2864 1874 2895 concessas
1900 2863 2069 2899 Annullare,
2091 2862 2124 2892 &
2147 2861 2259 2900 Ipsum,
2278 2869 2311 2892 ut

1241 2905 1361 2944 superius
1373 2906 1414 2935 est
1427 2905 1603 2943 expressum,
1623 2903 1780 2934 Remittere
1795 2902 1828 2933 ὃς
1841 2901 2009 2944 Destinare,
2028 2901 2060 2930 &
2080 2910 2252 2943 quamquam
2268 2908 2309 2930 ta-

1242 2945 1275 2974 lis
1289 2944 1424 2975 Proditor
1438 2953 1483 2974 aut
1501 2942 1626 2973 Rebellis
1641 2943 1742 2973 offerat
1759 2943 1803 2979 ei,
1820 2940 1854 2971 ad
1865 2950 1950 2978 quem
1966 2940 2051 2970 taliter
2059 2938 2240 2982 subterfugit,
2254 2937 2309 2976 Ju-

1243 2993 1405 3013 ramentum
1422 2983 1576 3021 Ligeantiae
1588 2981 1634 3012 seu
1649 2980 1816 3017 Fidelitatis,
1832 2981 1860 3009 in
1877 2980 1935 3009 hoc
1951 2977 2027 3021 Casu
2042 2987 2103 3008 non
2117 2978 2267 3021 recipietur
2275 2975 2309 3005 ad

1246 3021 1422 3060 Ligeantiam
1439 3021 1484 3051 seu
1497 3020 1709 3059 Juramenrum,
1727 3018 1871 3057 quousque
1880 3017 2072 3059 Qadraginta
2081 3015 2153 3059 Dies
2166 3016 2230 3059 lap-li
2246 3014 2309 3044 fue-

1244 3061 1300 3089 rint
1313 3059 1377 3099 post
1391 3059 1577 3090 Oblationem
1589 3057 1747 3096 hujusmodi
1767 3056 1924 3095 Juramenti
1945 3056 1979 3086 δε
1998 3055 2155 3092 Ligeantiae
2170 3055 2257 3084 taliter
2271 3052 2313 3083 fa-

1249 3099 1333 3128 Clam.

1284 3135 1328 3167 IT
1339 3146 1357 3166 E
1368 3145 1395 3166 Μ
1405 3159 1414 3171 ,
1434 3136 1515 3166 fimili
1531 3134 1620 3165 modo
1632 3157 1641 3173 ,
1661 3132 1880 3164 Concordatum
1892 3131 1933 3162 est
1947 3130 2043 3171 quod,
2060 3131 2222 3162 durantibus
2237 3137 2310 3172 prjae-

1246 3174 1368 3205 sentibus
1389 3175 1527 3217 Treugis,
1545 3183 1605 3204 non
1626 3173 1822 3204 Admitteiitur
1844 3181 1897 3201 nec
1922 3170 2110 3213 Recipientur
2130 3169 2163 3199 ad
2185 3167 2311 3204 Officia,

1247 3223 1302 3243 nec
1319 3214 1396 3253 super
1419 3213 1537 3243 Assilam
1552 3235 1562 3250 ,
1589 3221 1642 3241 nec
1667 3212 1701 3242 ad
1723 3210 1929 3249 perhibendum
1948 3208 2163 3239 Testimonium
2184 3205 2313 3248 Personae

1247 3251 1387 3288 Infames,
1407 3250 1715 3288 Rebelles,iFugitivi,
1734 3249 1894 3280 Proditores
1917 3248 1998 3278 unius
2022 3246 2108 3289 Partis
2127 3245 2172 3288 vel
2188 3244 2313 3287 alterius,

1248 3299 1295 3320 aut
1309 3290 1447 3321 ConviCti
1463 3300 1511 3326 per
1527 3288 1662 3326 Affisarn,
1679 3289 1716 3319 set
1730 3287 1819 3326 Boni,
1839 3286 1962 3323 Fideles,
1982 3287 2015 3316 ὃς
2029 3283 2121 3323 Justi,
2140 3282 2314 3321 Fidedigiiae,

1249 3330 1282 3360 &
1299 3339 1359 3359 non
1372 3329 1504 3366 suspectae
1522 3327 1660 3357 Personat.
2153 3360 2157 3365 ,

1288 3367 1301 3397 Ι
1313 3376 1336 3397 τ
1346 3376 1364 3396 Ε
1375 3375 1402 3397 M
1412 3391 1421 3405 ,
1440 3367 1519 3397 simili
1530 3364 1864 3403 modo,Concordatum
1876 3361 1916 3393 est
1933 3361 2012 3399 quod
2024 3383 2033 3397 ,
2052 3359 2211 3403 durantibus
2218 3359 2312 3390 Treu-

1250 3407 1291 3444 gis
1305 3405 1482 3443 huiusmodi,
1502 3405 1593 3435 nullus
1607 3405 1686 3434 unius
1702 3403 1791 3434 Partis
1813 3402 1858 3433 vel
1876 3403 1983 3431 alterius
2002 3399 2175 3441 Ingrediatur
2190 3397 2314 3441 Terras,

1253 3444 1375 3482 Boscos,
1403 3444 1537 3475 Nemora
1549 3466 1557 3480 ,
1586 3442 1728 3479 Forestas,
1756 3441 1798 3471 W
1800 3449 1932 3476 arennas,
1959 3437 2052 3473 Loca,
2077 3435 2217 3480 Dominia
2237 3446 2315 3480 quae-

1254 3493 1369 3521 cunque
1392 3484 1507 3517 alicuius
1531 3482 1641 3512 Subditi
1663 3481 1770 3512 alterius
1793 3479 1878 3521 Partis
1895 3475 1976 3519 caiisa
2005 3474 2151 3513 Venandi,
2168 3473 2316 3518 piscandi,

1256 3521 1446 3559 Aucupandi,
1466 3521 1634 3559 Disportum
1653 3528 1698 3549 aut
1716 3518 1854 3549 Solatium
1871 3525 1898 3544 iii
1919 3513 2022 3556 eisdem
2037 3512 2210 3550 Exercendi,
2230 3513 2315 3543 aliave

1254 3569 1435 3600 quacumque
1452 3559 1488 3588 de
1506 3558 1603 3595 causa,
1617 3557 1722 3595 absque
1748 3554 1878 3585 Licentia
1899 3562 1955 3588 ejus
1978 3551 2023 3595 vel
2038 3560 2152 3590 eorum,
2170 3552 2205 3582 ad
2231 3560 2317 3594 quem

1256 3599 1301 3629 vel
1320 3608 1390 3636 quos
1408 3597 1504 3627 Locus
1519 3598 1563 3626 vel
1579 3597 1658 3626 Loca
1673 3596 1726 3633 ipsa
1749 3595 1866 3632 pertinet
1882 3592 1926 3620 seu
1941 3598 2096 3632 pertinent,
2110 3600 2162 3634 ⁴aut
2178 3590 2316 3632 Deputati

1257 3638 1313 3675 sui,
1331 3636 1415 3674 petita
1432 3635 1562 3672 primitiis
1581 3635 1613 3664 ὃ(
1637 3632 1772 3671 optenta,
1790 3630 1826 3660 Et
1847 3629 1867 3659 fi
1882 3636 2029 3671 contingat
2043 3628 2163 3666 Bestias,
2182 3631 2225 3658 ieu
2247 3628 2319 3656 Ani-

1258 3676 1340 3705 malia
1354 3675 1467 3710 alicuius
1484 3672 1596 3701 Subditi
1615 3672 1725 3701 alterius
1743 3669 1868 3699 Partium
1888 3666 2086 3704 praedictarum
2102 3668 2126 3697 F
2129 3666 2253 3702 undum,
2272 3665 2316 3695 A-

1259 3724 1345 3751 grum
1360 3736 1369 3751 ,
1396 3711 1533 3741 Solumve
1554 3709 1665 3740 Subditi
1687 3709 1796 3738 alterius
1818 3706 1903 3735 Partis
1921 3706 2048 3744 ingredi,
2067 3707 2100 3736 &
2122 3705 2252 3748 ⁴Gramen
2270 3710 2318 3732 aut

1258 3752 1388 3781 Herbam
1409 3749 1515 3779 ibidem
1533 3748 1704 3777 crescentem
1725 3744 1888 3782 depiscere,
1905 3744 1998 3774 aliove
2015 3743 2104 3774 modo
2120 3743 2157 3772 illi
2180 3751 2259 3779 cujus
2274 3740 2318 3770 est

1259 3790 1361 3821 Solum
1375 3788 1506 3825 Injuriam
1525 3786 1579 3815 sive
1596 3785 1764 3821 Dampnutn
1781 3783 1900 3819 inferre,
1915 3783 1995 3820 quod
2009 3784 2050 3813 ob
2064 3783 2120 3813 hoc
2139 3789 2233 3822 neutra
2252 3779 2321 3823 anr-

1258 3830 1331 3859 tium
1346 3824 1504 3865 hujusmodi
1525 3824 1692 3861 Dainpnum
1708 3822 1752 3850 seu
1768 3821 1901 3859 injuriam
1921 3821 1971 3851 fibi
1984 3821 2071 3852 faetas
2085 3820 2195 3858 propria
2210 3819 2322 3848 Aucto-

1262 3868 1340 3897 ritate
1357 3865 1516 3899 ulciscatur,
1532 3861 1569 3891 set
1585 3861 1651 3890 illud
1676 3859 1862 3890 Malefaetum
1880 3859 2037 3889 secundum
2056 3858 2166 3895 Legem
2178 3857 2225 3900 ,ὃς
2237 3855 2323 3900 Coti-

1262 3905 1434 3936 suetudinem
1445 3925 1453 3939 ,
1472 3900 1628 3930 observatas
1643 3899 1670 3928 in
1688 3898 1816 3928 Partibus
1837 3899 1887 3929 ubi
1905 3898 2073 3936 Dampnum
2088 3897 2121 3925 ὃς
2143 3894 2243 3933 Iniuria
2261 3895 2324 3925 talia

1263 3944 1336 3975 facta
1350 3943 1431 3978 sunt,
1443 3938 1626 3969 effectualiter
1641 3937 1853 3975 emendabitur,
1877 3945 1907 3966 ut
1922 3936 1961 3965 est
1970 3935 2088 3973 justum.
2106 3972 2111 3977 .

1300 3981 1372 4011 ΙΤΕ
1384 3989 1429 4016 Μ,
1446 3987 1476 4008 ut
1490 3976 1615 4014 Treugae
1628 3975 1792 4013 supradietae
1811 3985 1846 4005 eo
1868 3974 1978 4004 firmius
1997 3974 2029 4003 &
2048 3971 2147 4002 melius
2170 3971 2323 4002 observen-

1266 4028 1330 4057 tur,
1348 4028 1407 4056 quo
1428 4016 1540 4045 cuilibet
1563 4023 1597 4044 ex
1619 4012 1741 4044 Subditis
1761 4013 1887 4043 Partium
1910 4010 2107 4053 praedifflirum
2130 4008 2330 4049 Conquerenti

1267 4058 1383 4088 liberior
1397 4062 1483 4091 pateat
1499 4052 1612 4084 facultas
1621 4051 1762 4090 Justitiam
1797 4050 1978 4089 rosequendi,
1996 4048 2170 4079 Ordinatum
2190 4049 2224 4079 &
2242 4047 2326 4078 Con-

173 4095 360 4132 quirentibus,
377 4103 425 4125 aut
439 4103 539 4126 eorum
555 4095 701 4133 Deputatis
718 4094 746 4123 in
766 4093 898 4124 Marchia
912 4095 962 4124 ubi
976 4094 1124 4133 deliquerit
1133 4095 1179 4127 vel
1187 4096 1238 4126 de-
1270 4094 1420 4125 cordatum
1437 4092 1477 4122 est
1493 4091 1590 4129 quod,
1611 4091 1631 4120 fi
1642 4092 1702 4129 quis
1718 4101 1753 4123 ex
1775 4089 1898 4120 bubditis
1917 4088 2025 4118 alterius
2040 4085 2167 4117 Partium
2180 4087 2328 4124 praedicta-

173 4132 553 4202 liqperintbfissierloliidem
569 4133 769 4165 Malefac'tores
786 4133 812 4163 se
826 4132 1053 4171 occultaverint,
1070 4134 1238 4166 latitaverint

231 4182 280 4201 om.
329 4192 336 4200 ι
389 4194 394 4200 .
455 4191 460 4198 .

1272 4142 1338 4165 rum
1353 4132 1506 4171 quicquam
1522 4129 1707 4168 Depraedatus
1725 4129 1808 4160 fuerit
1824 4127 1868 4158 seu
1881 4126 2089 4164 attemptaverit
2097 4125 2167 4156 infra
2181 4125 2332 4156 Marchias

1751 4166 1783 4197 G
2287 4171 2334 4193 aut

2322 2369 2342 2389 ³*
2363 2370 2418 2402 Xi.

2327 2417 2392 2448 332.
