2555 4266
46 2590 66 2609 ⁸
87 2591 172 2618 xm.

178 158 256 200 188

25 242 101 274 Ann-
115 239 158 270 D·
172 242 274 273 loannes
286 240 399 271 Thomas
409 263 419 279 ,
434 239 467 270 ὃς
479 235 625 276 Johannes
632 232 814 278 Farnanduf,
831 240 886 261 nec
903 238 1004 273 eorum
1019 227 1135 273 aliquis,
1153 225 1227 273 Hee-

46 288 130 318 ¹502-
175 282 251 312 redes
262 281 307 311 seu
324 278 460 316 Affignari
477 277 531 314 iui,
550 274 586 304 de
601 281 647 304 aut
665 282 693 302 in
708 273 845 309 aliquibus
861 269 978 310 Patrzis,
994 267 1107 303 insulis,
1119 265 1232 310 Terris,

24 324 88 350 Hev-
108 325 135 356 7,
176 320 264 350 Locis
277 342 286 358 ,
310 319 354 348 seu
375 316 533 346 Provinciis
549 336 558 350 ,
582 310 775 348 imposterum
790 309 826 339 de
848 316 928 337 novo
941 309 991 337 iub
1005 306 1182 337 Auooritate
1197 308 1230 338 δε

174 357 320 390 Potestate
334 355 514 386 Przesentium
533 352 690 381 Literarum
705 347 865 378 nostrarum
880 344 1078 390 Inveniendis,
1097 343 1236 382 Recupe-

174 398 282 434 randis,
301 398 333 426 δε
347 390 592 428 Diicoopenendis
609 413 618 426 .,
645 388 695 417 nisi
711 386 842 423 primitiis
856 394 871 414 a
884 384 1005 423 praefatis
1022 386 1152 422 Hugone,
1167 385 1237 414 Zbo-

163 429 221 467 'ma
239 431 430 472 Asshehurste,
447 429 580 468 Jahanne
603 424 738 466 Gunfizhes
752 447 762 463 ‚
780 426 815 457 &
830 422 970 463 Prancrfio
986 423 1238 467 Licentiatnopti-

176 468 288 505 nuerin't
306 495 315 509 ,
339 470 490 508 aliqualiter
512 468 538 498 se
562 468 752 498 intromittant
770 486 780 500 ,
804 472 859 494 nec
876 469 982 493 eorum·
993 463 1092 500 aliquis
1107 466 1134 491 lc
1149 467 1240 492 intro-'-

187 521 276 542 intrat.

176 523 186 544 λ
214 550 252 580 Et
271 544 350 586 quod
366 548 394 576 in
409 545 499 583 Casu,
519 553 578 581 quo
595 543 682 574 iidem
698 539 849 571 aichardus
867 539 995 582 Warde,
1007 538 1153 576 Johannes
1169 537 1241 566 Tho-

175 599 232 619 mas
242 612 250 626 ,
269 589 300 616 &t
313 584 458 624 Johannes
473 583 636 614 Farnandus
646 606 655 619 ,
673 591 720 612 aut
736 589 834 610 eorum
850 578 966 615 aliquis,
979 582 1025 607 ieu
1040 576 1178 620 Haeredes
1191 584 1238 605 aut

176 625 314 659 Aiiianati
330 625 370 654 sui
384 623 418 654 ad
435 622 594 662 hujusmodi
611 620 731 657 Insulas,
748 619 870 655 Patrias,
888 616 1049 655 Regiones,
1065 616 1099 646 &
1109 614 1162 658 alra
1180 613 1241 656 Lo-

177 676 222 696 ca—
232 660 366 702 praediffli
380 686 390 701 ,
414 672 484 693 cum
506 669 608 692 eorum
633 659 769 690 Navibus
784 658 817 689 &
836 655 956 699 Rebus,
973 662 1026 696 pro
1042 652 1128 696 Bonis
1143 662 1172 694 in
1187 661 1241 695 eis-

179 705 245 734 dem
261 701 374 739 hirnus,
392 701 489 731 Patriis
500 724 510 738 ‚
534 701 567 730 δε
585 699 642 729 aliis
659 697 746 727 Locis
765 694 904 736 praedicitis
929 691 1116 735 Aequirendis
1127 714 1135 728 ‚
1153 692 1179 720 {e
1196 689 1239 720 di—

180 751 308 778 vertere,
320 748 368 771 aut
380 740 503 778 aliquem
524 738 571 769 vel
592 738 699 775 aliquos
718 735 782 765 illuc
805 738 917 761 rnlttere
939 731 973 761 ὅ(
988 729 1128 760 destinare
1144 727 1242 772 volue-

179 782 233 811 rin:
243 803 252 818 ,
268 779 462 816 decreverint,
480 779 514 809 &
529 776 726 815 disposuerint,
743 770 823 810 quod
838 778 915 800 tunc·
928 772 978 806 ipsi
997 769 1030 800 &
1045 777 1150 814 eorumv
1161 767 1244 807 quili-

176 819 229 850 bet
244 819 343 848 omnia
356 819 390 848 &
407 817 575 849 omnimoda
589 813 694 844 custus
710 812 742 841 &
759 809 872 845 Onera,
890 817 958 838 cum
975 806 1095 850 praefatis
1108 808 1222 849 Hugoqte
1233 828 1243 843 ,

178 858 280 889 Thon-:a
296 855 490 896 Asfhehurste,
505 854 638 894 Johamae
659 847 795 888 Gmrslzlur
809 870 818 885 ,
834 849 868 878 ὃ(
883 845 1039 884 Francisco,
1057 855 1136 888 circa
1148 845 1244 882 hujus*-

179 896 261 928 modi
271 895 298 925 V
301 897 404 935 iagium
420 892 603 932 exponenda,
619 889 793 926 (videlicet),
806 886 923 923 quilibet
937 894 1039 914 corum
1051 893 1131 922 Juxta
1140 883 1245 928 Raram

179 934 326 967 Portionis
349 933 426 970 suae,
452 940 537 970 prout
557 932 627 960 inter
648 936 698 956 eos
721 928 857 963 poterunt
880 923 1057 954 concordare
1072 945 1082 959 ,
1102 931 1245 959 quotiens-

179 983 283 1011 cumq,
302 973 335 1002 ali
359 972 414 1002 uod
438 968 597 1006 hujusmodi
621 965 755 1003 Viagium
775 964 911 1000 incipient
927 984 936 1000 ,
963 964 996 992 &
1013 963 1048 991 ab
1064 962 1122 991 hoc
1139 960 1245 999 Regno

180 1011 281 1044 nostro
295 1012 329 1041 ad
371 1011 450 1039 atrias
464 1010 497 1039 ὃς
511 1007 561 1036 alia
580 1006 659 1035 Loca
673 1002 806 1040 praedicta
822 999 992 1039 acquirenda
1009 1001 1043 1032 &
1057 999 1245 1036 recuperanda

178 1052 206 1082 se
229 1051 368 1081 divertent
381 1069 391 1086 ‚
415 1047 452 1076 de
470 1054 600 1082 ternpore
619 1045 648 1073 in
668 1050 796 1080 tempuS,
810 1040 938 1077 solvere,
952 1038 1017 1069 dare
1033 1039 1067 1070 &
1082 1038 1245 1078 supportare

180 1089 357 1122 tenebuntur.

217 1126 256 1158 Et
270 1125 393 1162 insuper,
736 1158 742 1164 ι
828 1157 833 1162 .
885 1156 890 1161 ι

218 1164 319 1202 Cum,
334 1165 406 1194 inter
419 1169 535 1198 caetera,
551 1160 578 1189 in
594 1166 757 1195 praenotatis
772 1155 906 1188 Articulis
925 1153 1068 1192 expressa,
1088 1153 1245 1186 Concesse-

179 1204 266 1235 rimus
280 1201 402 1240 praefatis
415 1202 539 1237 Hugom‘,
556 1197 663 1228 Thomae
678 1195 872 1235 Arshehurste,
890 1192 1020 1233 Johanm·
1039 1194 1195 1233 Gunsizlus,
1213 1195 1247 1224 &

180 1241 320 1282 Francisco
332 1263 342 1278 ,
368 1238 449 1277 quod
470 1238 519 1276 ipsi
535 1262 544 1275 ,
564 1239 598 1268 &
616 1245 718 1267 eorum
741 1235 880 1272 quilibet,
897 1232 1036 1263 Haercdes
1052 1234 1086 1264 &
1109 1232 1246 1271 Affignati

179 1281 218 1312 sui
235 1289 322 1311 unam
336 1278 455 1309 Navem
471 1299 480 1314 ,
507 1276 710 1313 cujuscumque
725 1272 848 1312 Portagii
868 1272 968 1309 fuerit,
983 1280 1052 1301 cum
1071 1271 1250 1302 omnimodis

181 1319 286 1357 Bonis,
302 1314 505 1353 Mercandisis,
521 1317 555 1347 &
565 1313 766 1345 Mercimoniis
782 1312 819 1342 de
833 1310 997 1342 Crescentia
1008 1309 1160 1340 Patriarurn
1170 1332 1180 1348 ,
1200 1309 1249 1339 In-

182 1357 302 1389 {uiarum
318 1380 327 1394 ‚
353 1355 571 1386 Provinciarum
589 1376 598 1391 ,
623 1353 799 1387 Terrarum,
818 1351 851 1381 &
873 1350 1024 1380 Locorum
1040 1358 1252 1385 quorumcum-

205 1406 240 1426 ue
261 1393 477 1434 saepedietomm
492 1392 641 1423 Carcatam
662 1393 696 1422 «St
717 1388 862 1432 Qnustarn
880 1413 890 1425 ,
919 1389 947 1418 in
968 1387 1027 1419 hoc
1042 1386 1178 1427 Regnum
1198 1397 1251 1417 no-

182 1406 272 1465 arum
295 1433 406 1472 Angliae
422 1456 432 1471 ,
453 1432 556 1463 totiens
579 1431 708 1468 quotiens
729 1429 779 1459 irbi
801 1428 959 1466 placuerit,
974 1426 1091 1457 durante
1105 1427 1251 1456 Termino

184 1474 323 1511 Qinque
348 1473 502 1502 Annorum
515 1493 526 1509 ‚
551 1470 654 1508 absque
675 1469 813 1506 aliquibus
835 1465 986 1497 Custumis
1001 1488 1011 1504 ,
1036 1465 1170 1496 Subsidiis
1187 1489 1196 1501 ,
1216 1466 1250 1495 ὃ(

182 1513 239 1542 aliis
258 1511 388 1542 Deveriis
401 1509 498 1540 Nobis
514 1518 566 1547 pro
580 1509 683 1539 eisdem
699 1505 855 1543 solvendis,
878 1503 1053 1534 Conducere
1067 1527 1077 1542 ,
1096 1506 1128 1534 &
1142 1504 1250 1534 Trans—

183 1559 312 1589 pnrtare,
330 1560 364 1581 ac
388 1549 501 1579 libitum
516 1547 597 1578 suurn
612 1545 679 1577 inde
694 1545 787 1576 facere
800 1543 912 1582 pollent
929 1543 962 1573 δε
976 1541 1119 1580 valerent,

222 1589 306 1625 Nos,
320 1590 378 1627 jam
394 1586 649 1617 animadvertentes
671 1584 837 1615 laudabilem
858 1581 1050 1612 Intentionetn
1064 1580 1249 1619 praefatorum
1304 1590 1314 1593 ·

186 1630 307 1665 Hugonis
321 1651 331 1665 ,
356 1625 463 1656 Thome
483 1623 660 1668 Axfh'ehurste
674 1645 684 1661 ,
704 1621 846 1661 Johannii·
866 1619 1003 1660 Gunfialus
1015 1642 1025 1658 ,
1044 1621 1078 1651 &
1097 1619 1249 1658 Fruwffi,

186 1676 274 1706 quam
286 1665 321 1697 ad
336 1664 494 1695 Honorem
504 1664 538 1694 ἃ
549 1662 711 1693 Utilitatem
726 1662 807 1699 hujus
822 1659 939 1697 Regni,
953 1658 1097 1696 nostrique
1110 1658 1252 1696 Compla-

186 1706 319 1737 cericiam
334 1703 438 1734 habent
454 1703 488 1734 &
501 1709 621 1741 gerunt,
639 1699 837 1737 penfiinresque
851 1703 951 1727 eorum
969 1697 1084 1736 grandia
1098 1696 1205 1727 Custus
1219 1697 1253 1738 ὃς

189 1743 289 1773 Onera
307 1742 403 1780 gravia
413 1765 422 1780 ,
432 1742 516 1772 etiam
532 1740 661 1770 Pericula
675 1740 734 1769 tam
751 1737 938 1768 Personarum
953 1736 1040 1773 quam
1056 1735 1204 1766 Bonorum
1220 1736 1256 1767 δε

186 1781 299 1812 Rerum
314 1781 426 1811 suorum
439 1784 706 1818 quorumcumque,
722 1777 751 1807 in
765 1777 825 1807 tam
839 1775 916 1814 gravi
932 1774 1143 1819 Tempestuoso
1153 1797 1162 1812 ,
1177 1774 1255 1818 Peri-

188 1819 286 1851 culoso
300 1818 463 1857 Longoque
485 1817 577 1848 Maris
593 1816 727 1855 Negotio
750 1825 816 1854 quae
837 1813 991 1857 veresimile
1004 1814 1066 1844 sunt
1082 1813 1200 1857 paliuri,
1219 1822 1253 1843 ex

188 1857 360 1890 habundanti
373 1857 473 1888 Gratia
488 1855 583 1887 nostra
598 1854 800 1886 Conceffimus
812 1855 845 1885 ὅ(
855 1853 1019 1884 Licentiam
1032 1852 1178 1889 dedimus,
1199 1862 1252 1889 pro

187 1898 289 1928 Nobis
302 1897 335 1928 &
347 1895 518 1927 Haeredibus
532 1894 650 1932 nostris,
670 1894 789 1931 pra-:fatis
802 1891 1042 1930 &agonistam
1056 1889 1234 1930 Arslrehnrsle
1243 1915 1254 1929 ‚

188 1935 317 1975 Johanm'
332 1934 468 1973 Gunsalus
480 1957 491 1971 ,
516 1935 550 1966 &
571 1931 711 1972 Francifio
725 1955 735 1969 ,
763 1933 796 1963 δε
811 1940 912 1961 eorum
929 1930 1064 1968 cuilibet,
1083 1930 1254 1961 Haeredibus

188 1977 223 2007 ὅ(
236 1974 388 2012 Assignatis
403 1974 455 2004 suis
469 1973 503 2004 &
519 1982 621 2003 eorum
635 1970 782 2010 cujussibet
791 1993 801 2010 ,
816 1969 898 2012 quod
914 1969 963 2007 ipsi
978 1970 1012 2001 &
1025 1978 1126 2000 eorum
1139 1969 1257 2008 quilibet

190 2023 278 2044 unam
292 2014 376 2044 :iliam
390 2012 510 2043 Navem
528 2010 658 2048 Portagii
671 2009 801 2040 Centum
816 2010 850 2040 ὃς
865 2008 973 2048 Viginti
989 2007 1166 2046 Dohorum,
1185 2017 1256 2040 cum

190 2052 294 2089 Bonis,
311 2051 430 2088 Rebus,
447 2049 610 2089 Jocalibus‚
629 2049 708 2079 Auro
723 2050 755 2080 &
773 2049 901 2087 Argento
912 2071 921 2084 ,
939 2046 1106 2085 caeterisque
1118 2046 1256 2077 Mercari-

189 2090 254 2121 difis
271 2091 304 2121 &
320 2089 524 2120 Mercitnoniis
535 2111 544 2126 ,
561 2090 596 2118 de
614 2087 777 2118 Crescentia
793 2087 948 2117 Patriarum
964 2109 974 2124 ,
991 2085 1166 2125 insularum,
1185 2085 1257 2116 Pro·

190 2129 369 2166 vinciarum‚
389 2130 421 2160 ὃς
435 2128 555 2158 aliorum
573 2127 739 2164 Locorum,
757 2135 805 2163 per
822 2125 892 2163 ipsos
909 2126 946 2155 lic
966 2124 1156 2164 imposterum
1172 2126 1258 2156 novi—

192 2176 234 2198 ter
249 2166 523 2206 Recuperandorum
540 2186 549 2203 ,
572 2164 721 2196 Carcatam
742 2166 775 2197 ὃς
796 2163 961 2200 onustam,
978 2165 1007 2193 in
1026 2163 1084 2194 hoc
1100 2163 1236 2202 Regnum
1247 2186 1255 2201 ‚

187 2205 414 2245 Jurisditstiones,
431 2207 466 2236 δε
481 2205 634 2235 Territoria
649 2203 744 2233 nostra
757 2212 939 2241 quaecunque
955 2203 1056 2233 totiens
1077 2204 1210 2240 quotiens
1223 2202 1259 2233 fia

192 2245 223 2274 bi
246 2244 404 2282 placuerit,
430 2244 548 2274 durante
567 2243 709 2273 Termino
730 2242 873 2280 Qinque
894 2242 1045 2272 Annorum
1058 2263 1067 2279 ,
1094 2251 1109 2271 a
1126 2249 1258 2280 tempore

193 2282 429 2320 Recuperationis
450 2282 605 2312 insularum
625 2282 658 2311 &
680 2280 835 2311 Patriarum
855 2280 1056 2318 praedistarum
1069 2281 1204 2320 proximo
1223 2281 1257 2311 &

194 2322 358 2352 immediate
379 2322 557 2360 sequentium
571 2343 581 2359 ,
607 2319 779 2350 Conducere
805 2320 838 2350 ὃ(
864 2318 1069 2356 Transportare
1084 2341 1094 2357 ‚
1120 2318 1258 2356 ibidemq;

195 2361 376 2398 Dircaeae,
390 2370 424 2392 ac
438 2359 473 2391 de
487 2359 572 2395 Bonis
581 2382 591 2398 ,
608 2357 709 2390 Rebus
719 2381 727 2396 ‚
748 2357 932 2389 Mercandisis
941 2380 950 2397 ‚
965 2356 1126 2396 Jocalibus,
1141 2358 1262 2389 caetcn's-

194 2410 251 2438 que
266 2399 416 2430 Praemisfis
433 2399 561 2429 Libitum
579 2398 659 2428 suum
671 2397 765 2428 facere
778 2397 884 2435 possint
906 2399 939 2429 &
956 2396 1066 2428 valeant
1080 2419 1090 2434 ,
1106 2397 1139 2428 ὃ(
1156 2406 1259 2435 eorum

193 2438 329 2469 Haeredes
344 2440 377 2470 δε
395 2437 535 2475 Assignati
551 2437 653 2476 possint
669 2438 702 2468 &
718 2437 827 2467 valeant
840 2458 849 2473 ,
879 2436 913 2466 &
933 2445 1033 2465 eorum
1049 2435 1165 2474 quilibet
1178 2435 1263 2474 posiit

195 2477 229 2509 ἒ(
246 2478 351 2516 valent,
367 2477 444 2508 licite
458 2478 491 2508 δε
514 2478 633 2514 impune
650 2499 660 2514 ‚
686 2475 791 2513 absque
813 2475 951 2512 aliquibus
976 2473 1145 2512 Custumis,
1163 2474 1262 2504 Subsi-

195 2517 248 2546 diis
264 2539 274 2554 ,
297 2517 343 2546 seu
364 2516 422 2546 aliis
445 2515 595 2553 Deveriis,
614 2514 713 2545 Nobis
728 2524 782 2553 pro
798 2514 905 2544 eisdem
919 2522 965 2543 aut
980 2513 1073 2551 aliqua
1087 2513 1260 2544 eorumdem

194 2554 319 2584 Parcella
331 2554 449 2592 debitis,
467 2553 568 2584 Nobis
584 2554 738 2592 aliqualiter
751 2552 891 2583 solvendis
909 2575 918 2590 ‚
941 2553 974 2582 ἃ
994 2552 1073 2590 absq;
1088 2553 1184 2590 aliquo
1201 2551 1259 2581 Im-

193 2592 359 2631 pedimento
373 2615 383 2630 ,
407 2592 589 2630 Impetitione
606 2616 615 2632 ,
641 2591 875 2623 Contradic'lione
890 2614 900 2629 ,
928 2590 1153 2627 hflolestarione‚
1176 2591 1222 2622 seu
1244 2593 1259 2607 ⁸

199 2631 376 2662 Gravamine
388 2639 575 2668 quocumque
596 2630 686 2661 nostri
700 2639 747 2662 aut
762 2629 977 2661 Officiariorurn
990 2629 1037 2660 seu
1056 2629 1262 2660 Ministrorurn

199 2668 366 2701 nostrorum
383 2678 642 2706 quorumcumque.

238 2707 275 2738 Et
290 2706 417 2744 ulterius,

236 2745 335 2782 crim,
353 2746 423 2776 inter
442 2752 561 2781 caetera,
578 2744 607 2773 in
627 2743 728 2774 Literis
742 2743 846 2773 nostris
860 2742 1025 2773 Parentibus
1050 2744 1184 2781 (quarum
1203 2745 1264 2774 Da-

201 2792 228 2815 ta
246 2783 287 2815 est
308 2783 381 2821 apud
403 2781 660 2822 W'estmomisterinm
680 2781 761 2811 disto
789 2781 907 2811 decimo
927 2790 1008 2811 nono
1024 2781 1070 2811 die
1088 2780 1160 2813 Maii
1177 2782 1264 2813 Anno

200 2822 300 2860 Regni
313 2821 402 2852 nostri
420 2820 638 2857 Sextodecimo)
655 2829 790 2851 contenta
809 2821 842 2851 &
857 2818 1012 2857 specificata
1024 2842 1034 2857 ,
1058 2822 1141 2851 certis
1160 2820 1264 2851 Conli-

199 2862 388 2892 derationibus
412 2859 483 2890 Nos
503 2860 688 2889 moventibus
705 2882 715 2897 ,
742 2858 972 2889 Concesserimus
994 2859 1114 2896 praefatis
1134 2858 1264 2897 Johanm'

199 2899 334 2969 Guffrlus
345 2900 378 2930 ὅ(
392 2898 529 2937 Francisco
545 2898 624 2937 quod
636 2898 724 2928 ess'ent
737 2898 949 2935 imperpetuum
970 2896 1116 2935 lndigenae
1130 2901 1163 2928 ὅ(
1179 2898 1263 2935 Lipei

201 2949 242 2969 no
269 2940 290 2969 ri
304 2939 337 2970 &
354 2936 512 2968 Haeredum
530 2936 708 2975 nostrorum,
724 2937 756 2966 &
776 2938 804 2965 in
822 2937 957 2965 omnibus
975 2935 1072 2965 Cauiis
1087 2960 1096 2973 ‚
1113 2936 1244 2974 Qerelis
1256 2960 1265 2975 ,

202 2977 302 3008 Rebus
317 2999 326 3015 ‚
353 2976 388 3007 &
406 2975 534 3006 Materiis
558 2976 784 3014 quibuscumque
804 2974 974 3005 haberentur
987 2997 996 3013 ‚
1015 2975 1263 3014 pertractarentur,

203 3016 237 3046 &
256 3016 493 3052 gubernarentur,
513 3023 645 3052 tanquam
658 3023 717 3045 veri
731 3015 764 3045 &
781 3012 875 3043 fideles
891 3012 971 3051 Ligei
986 3012 1075 3043 nostri
1091 3013 1162 3043 infra
1181 3013 1263 3052 Reg-

204 3064 275 3085 num
291 3053 420 3083 nostrum
435 3052 545 3091 Angliae
555 3052 690 3089 oriundi,
706 3052 740 3082 ὃς
755 3061 814 3081 nori
828 3052 908 3083 aliter
925 3060 977 3081 nec
994 3051 1049 3081 alio
1065 3052 1171 3090 modo,

241 3092 389 3132 Qiodque
409 3091 493 3121 iidem
517 3090 661 3129 J'ohmr'nes
676 3089 812 3129 Gunfhlus
825 3091 858 3122 &
874 3089 1030 3130 Franctfim·
1046 3091 1079 3121 ὃς
1096 3100 1195 3120 omnes
1213 3090 1265 3121 Li-

203 3131 263 3160 beri
277 3131 315 3160 iiii
328 3131 468 3160 solverent
482 3139 529 3161 aut
544 3130 614 3159 solvi
629 3129 769 3166 facerent,
787 3131 820 3160 δε
836 3138 937 3159 eorum
952 3129 1068 3165 quilibet
1081 3128 1206 3159 solveret·
1216 3139 1264 3161 aut

205 3170 273 3199 solvi
293 3169 397 3199 faceret
410 3170 473 3198 talia
485 3167 654 3204 Custumas,
670 3167 813 3205 Subsidia,
831 3169 864 3197 ὃς
877 3168 929 3198 alia
944 3167 1146 3205 Deveria‚pro
1161 3167 1267 3206 Bonis,

206 3207 354 3237 Mercibus
370 3229 380 3245 ‚
408 3206 594 3237 Mercandifis
609 3228 619 3243 ‚
646 3207 679 3237 &
705 3204 904 3236 Mercimoniis
922 3206 974 3236 suis
988 3229 998 3244 ,
1017 3207 1048 3236 in
1062 3205 1200 3236 Reonum
1215 3217 1268 3237 no-

209 3246 305 3286 struin-
315 3246 426 3282 Angliae
442 3244 644 3287 Adducendish,
664 3244 711 3273 vel
724 3253 800 3273 exrra
814 3245 888 3274 idem
902 3244 1042 3279 Regnum
1061 3232 1190 3274 noffrum
1207 3245 1269 3274 An-

210 3285 273 3321 gliae
286 3284 462 3321 hducendis,
480 3284 570 3321 qualia
587 3284 764 3320 Alienigenae
780 3282 876 3313 Nobis
889 3282 1014 3321 solvant,
1027 3292 1076 3314 aut
1095 3283 1202 3313 solvere
1219 3284 1268 3314 de-

211 3324 297 3360 bent,
316 3323 359 3353 vel
378 3322 602 3358 consueverunt,

248 3360 287 3390 Et
312 3361 390 3397 quod
413 3361 501 3390 iidem
523 3360 667 3398 Johrmner
687 3358 822 3399 Gurtfidus
843 3360 876 3390 &
899 3359 1054 3398 Franmscur
1071 3358 1211 3390 solverent
1234 3360 1268 3390 &

211 3407 313 3428 eorum
326 3400 392 3428 alter
405 3399 523 3429 solveret
541 3398 639 3428 Nobis
656 3398 689 3428 &
704 3398 875 3428 Haeredibus
888 3398 989 3427 nostris
1010 3406 1054 3428 tot
1070 3398 1103 3428 &
1116 3407 1192 3428 tanta
1206 3396 1270 3428 Cu-

211 3436 332 3471 stumas,
349 3437 489 3474 Subsidia,
508 3439 541 3468 &
555 3437 606 3466 alia
624 3436 762 3474 Deveria,
781 3445 834 3474 pro
851 3436 934 3465 Bonis
950 3437 983 3466 ὃς
1002 3435 1186 3467 Mercaridifis
1201 3435 1253 3466 suis

208 3483 296 3542 9er
313 3474 483 3511 Alienigenae
500 3474 600 3505 Nobis
613 3474 722 3505 solvere
737 3476 770 3506 ὃς
785 3473 901 3505 reddere
916 3483 1096 3512 tenerentur,
1261 3458 1272 3474 ³

290 3522 321 3542 os
333 3522 408 3542 tarne

250 3550 303 3580 Ob
319 3524 532 3592 certastC’ausas³
548 3550 616 3582 Nos
630 3552 689 3589 jam
706 3552 1008 3587 moventes,praefatos
1019 3549 1181 3588 Johannem
1196 3552 1274 3579 Gun-

210 3588 333 3628 salus&
349 3590 515 3627 franciscum
531 3590 566 3620 ad
588 3589 741 3621 Custumas
758 3591 790 3619 ἃ
811 3589 935 3619 Subfidia
953 3612 962 3626 ,
987 3588 1087 3619 Nobis
1105 3599 1158 3627 pro
1171 3598 1274 3618 eorum

216 3628 301 3658 Bonis
311 3652 320 3665 ,
341 3626 525 3658 Mercandisis
535 3650 544 3666 ‚
560 3629 594 3659 &
606 3627 803 3658 Mercimoniis
812 3650 821 3666 ,
838 3628 918 3658 sicuti
930 3628 1107 3666 Alienigenas
1122 3627 1274 3666 solvenda,

219 3706 286 3735 tiam
300 3705 393 3734 facere
405 3706 564 3734 uberiorem
574 3726 583 3742 ,

217 3667 400 3704 nolentes,ut
411 3665 579 3705 praedietum
595 3666 649 3705 est,
661 3666 798 3705 On'erari,
815 3667 905 3698 seteis
920 3667 953 3697 &
967 3676 1067 3696 eorum
1082 3667 1191 3704 utrique
1199 3666 1277 3697 Gra—

232 3780 236 3785 ,
256 3742 305 3772 De
319 3743 416 3773 Gratia
431 3741 527 3773 nostra
540 3742 646 3778 speciali
669 3742 814 3774 Dedimus
835 3743 868 3773 &
882 3742 1099 3780 Conceffimus,
1117 3752 1150 3773 ac
1167 3742 1273 3773 Licen-

218 3787 285 3809 tiam
302 3780 412 3811 Damus
425 3783 459 3812 &
473 3780 671 3810 concedimus
688 3791 738 3817 per
758 3781 923 3820 Praesentes,
942 3792 994 3819 pro
1011 3782 1108 3812 Nobis
1123 3782 1156 3811 &
1170 3781 1271 3812 Haere-

221 3818 302 3847 dibus
315 3819 436 3858 nostris,
452 3819 573 3859 'praefatis
586 3818 714 3857 Johanm·
727 3820 861 3858 Gunfizlus
878 3822 910 3852 δε
926 3820 1066 3860 Francifio
1083 3819 1163 3858 quod
1179 3820 1227 3857 ipsi
1242 3821 1276 3851 δε

222 3865 320 3885 eornm
335 3858 403 3887 alter
416 3881 425 3894 ‚
451 3856 587 3888 Haere‘dts
609 3857 648 3886 sui
669 3866 716 3887 aut
729 3857 863 3888 l-laeredes
877 3869 977 3889 eorum
992 3860 1118 3895 alterius,
1136 3858 1198 3889 talia
1212 3857 1275 3888 Cu-

223 3892 342 3935 stumas,
359 3895 504 3934 Subsidia,
530 3897 562 3926 δε
580 3895 632 3925 alia
652 3895 775 3925 Deveria
787 3918 796 3933 ,
815 3906 868 3932 pro
884 3896 986 3934 Bonis,
1007 3896 1170 3934 Mercibus,
1193 3896 1274 3926 Mer-

224 3931 354 3974 candriis,
372 3935 406 3963 δε
421 3932 620 3965 Mercirnoniis
633 3934 682 3964 suis
696 3934 979 3973 quibuscumque,in
992 3935 1127 3975 Regnum
1145 3933 1274 3964 nostrum

225 3968 337 4011 Angliae
354 3971 568 4003 Adducendisve
579 3981 654 4002 eXtra
671 3972 748 4002 idern
765 3972 902 4005 Regnum
921 3973 1081 4004 Educendis
1094 3996 1103 4010 ,
1128 3973 1217 4012 qualia
1229 3973 1275 4002 :ilii

225 4005 308 4043 Liger
321 4008 407 4038 nostri
422 4011 492 4039 infra
507 4011 643 4048 Regnum
658 4010 786 4040 nostrum
800 4011 909 4049 Angliae
921 4012 1036 4042 oriundi
1046 4011 1143 4043 Nobis
1158 4011 1275 4048 solvant,

223 4053 271 4074 aut
291 4043 552 4088 soli-leredeberent
575 4048 607 4079 δε
629 4049 835 4079 consueverunt
851 4071 861 4087 ,
885 4050 968 4081 dietis
987 4050 1087 4082 Literis
1108 4048 1227 4087 nostris,
1244 4050 1274 4081 in

218 4090 391 4114 contrarium
405 4085 471 4117 inde
485 4086 578 4124 factis,
595 4096 654 4117 non
668 4086 851 4118 obstantibus.
912 4096 917 4100 ·

639 128 1853 189 coNVENTIONES‚L1TERAE,

1316 222 1438 254 Proviso
1468 221 1577 259 semper
1604 219 1684 259 quod
1715 228 1770 251 nec
1797 217 1924 257 praediffi
1950 217 2095 257 Johams
2131 216 2269 260 Gunsalue
2305 225 2354 251 aut
2374 215 2452 248 Ann.
2462 215 2507 248 D.

1283 261 1437 301 Franctfius
1450 284 1460 300 ‚
1491 261 1543 291 sub
1562 259 1661 290 colore
1684 265 1731 289 aut
1761 258 1922 289 velamento
1945 258 2026 295 hujus
2045 258 2135 289 nostri
2156 259 2258 289 indulti
2272 281 2282 296 ,
2307 265 2354 290 aut
2398 260 2484 295 1502.

1281 301 1425 340 Privilegii
1473 300 1592 329 aliorum
1615 297 1695 328 Bona
1717 297 1770 327 sub
1789 305 1893 336 eorum
1916 294 2098 328 Nominibus
2121 306 2256 335 tanquam
2283 308 2355 336 pro·
2369 299 2434 324 Hm.
2454 305 2482 331 7.

1282 342 1340 379 pria
1363 342 1393 370 in
1421 323 1559 377 liegnum
1583 335 1712 366 nostrum
1739 334 1922 365 introducant
1935 356 1946 371 ‚
1967 334 2018 364 sub
2042 334 2132 366 Poena
2164 336 2355 369 confiscatio-

1284 382 1325 410 nis
1346 378 1496 448 {tamum
1516 377 1554 408 fic
1577 373 1816 406 introductorum
1835 396 1846 411 ,
1868 373 1902 404 &
1928 371 2094 404 Amiffionis
2107 373 2252 415 Privilegii
2267 375 2357 407 nostri

1311 428 1347 448 l'ae
1368 428 1376 447 l
1422 441 1427 446 .

1289 429 1308 458 p
1322 457 1368 487 Eo
1383 455 1465 494 quod
1477 452 1601 493 expressa
1615 452 1725 482 mentio
1739 449 1776 481 de
1790 459 1862 481 vero
1876 448 1986 480 Valore
2000 449 2110 480 Annuo
2126 450 2358 494 Praemifforum5

1285 505 1331 529 aut
1350 496 1387 525 de
1409 494 1465 525 aliis
1488 493 1584 524 Donis
1608 492 1665 522 live
1689 488 1930 521 Conceffionibus
1944 511 1955 527 ‚
1981 497 2031 525 per
2046 488 2116 518 Nos
2129 489 2231 521 eisdem
2245 495 2358 532 Hugoni

1285 534 1386 573 Elyot,
1403 531 1510 562 Thomae
1526 528 1687 567 Asshehurst
1702 552 1712 567 ‚
1733 526 1863 570 thanm'
1877 525 2034 567 Gunsblus‚
2052 527 2086 558 &
2101 525 2240 567 Francfio
2254 553 2265 569 ‚
2290 541 2357 564 ante

1287 573 1351 602 haec
1368 580 1499 608 tempora
1518 570 1599 600 factis
1615 592 1624 606 ,
1651 569 1682 598 in
1698 567 1878 606 praeieniibus
1897 567 2021 596 minime
2037 565 2111 596 faeta
2124 565 2235 606 existit,
2251 579 2298 602 aut
2309 572 2359 602 ali.

1289 610 1393 647 quibus
1407 608 1539 645 Statutis,
1559 607 1707 644 Aetubus,
1726 606 1783 636 sive
1806 604 2043 636 Ordinationibus
2055 627 2065 643 ,
2091 612 2140 636 aut
2154 603 2359 641 Resffiffioni;

1289 649 1359 684 bus,
1377 648 1441 676 inde
1454 648 1483 676 in
1499 647 1673 676 contrarium
1687 644 1783 682 factis,
1799 643 1896 683 editis,
1914 642 2068 682 ordinatis,
2086 643 2144 674 five
2155 645 2293 686 provisis,
2311 654 2360 680 aut

1286 686 1377 754 aliqssia
1399 684 1451 754 albia
1484 684 1533 715 Re
1552 706 1561 723 ‚
1580 683 1676 714 Causa
1695 705 1706 721 ‚
1718 683 1765 714 vel
1780 682 1904 715 Materia
1926 691 2123 722 quacumque,
2141 683 2172 714 in
2185 683 2283 722 aliquo
2299 686 2360 718 nori

1287 726 1339 755 obi
1354 726 1413 755 anti
1436 733 1476 754 us.
2135 749 2139 754 ,

1326 762 1364 793 Et
1386 763 1522 801 ulterius,
1547 770 1582 792 ex
1606 760 1730 791 uberiori
1753 759 1852 790 Gratia
1875 759 1994 796 nostra,
2020 757 2224 791 Conceffimus
2236 761 2360 800 praefatis

1288 804 1414 845 I-Irqgom'³
1429 800 1536 831 Thomae
1551 798 1728 844 AssQhurst,
1745 798 1875 837 Johanm'
1889 797 2044 867 singulus,
2061 800 2095 830 ὃς
2109 798 2266 839 Francisco,
2276 802 2357 839 qubd

1287 843 1336 878 ipii
1353 841 1472 870 habeant
1486 841 1632 877 praesentes
1645 839 1752 869 Literas
1766 837 1872 867 nostras
1892 847 1920 866 iri
1965 838 2107 868 ancellaria
2122 837 2236 876 nostra,
2254 840 2360 878 absque·

1289 881 1384 917 aliquo
1406 878 1476 908 Fine
1490 878 1544 913 ‚seu
1568 877 1667 908 Feodo
1685 900 1694 914 ‚
1723 885 1771 906 aut
1795 876 1933 912 aliquibus
1952 874 2068 906 finibus
2094 876 2141 907 seu
2160 876 2270 915 ,Feodis
2304 883 2359 917 pro

1290 919 1394 948 eisdem
1411 916 1514 948 Literss
1530 915 1632 946 nostris
1648 923 1694 945 aut
1711 914 1804 951 aliqua
1818 913 1901 945 Parte
1916 914 2105 958 eorumdem,-
2120 922 2168 945 aut
2213 926 2233 946 o
2246 901 2362 957 Magno

1289 956 1390 995 Sigillo
1411 955 1512 986 nostro
1527 978 1536 993 ,
1560 955 1596 985 ad
1617 953 1836 998 opusnostrum
1850 954 1882 983 in
1895 952 2060 993 Hanaperio
2076 952 2162 984 dietae
2174 925 2363 988 gancellariae

1291 996 1394 1026 nostrae
1406 993 1559 1033 aliqualiter
1575 992 1733 1030 solvendis;
1893 1021 1896 1024 ,
2002 1030 2005 1032 μ
2068 1030 2070 1032 ¹
2099 1020 2101 1023 ,
2165 1020 2169 1024 ,
2340 1021 2344 1025 ,

1327 1034 1367 1065 Et
1389 1033 1532 1063 Volumus
1555 1033 1588 1063 δε
1610 1031 1808 1062 concedimus
1823 1039 1872 1067 per
1886 1028 2041 1060 Praesentes
2055 1029 2135 1068 quod
2150 1029 2362 1064 Reverendiffi-

1291 1082 1356 1104 mus
1386 1073 1414 1102 in
1442 1071 1562 1102 Christo
1583 1069 1665 1100 Pater
1688 1067 1856 1100 willielmus
1876 1068 2017 1108 Episcopus
2037 1067 2232 1110 Londonienfix
2252 1071 2362 1104 Custos

1294 1111 1398 1149 Magni
1417 1110 1504 1150 Sigilli
1526 1108 1636 1148 nostri,
1664 1107 1842 1139 Auctoritate
1861 1108 2002 1147 praeientis
2024 1105 2226 1138 Conceffionis
2238 1109 2344 1142 n'ostrae

1292 1150 1351 1181 fieri
1366 1151 1450 1181 faciat
1463 1150 1496 1180 &
1511 1147 1619 1187 sigillari
1632 1155 1678 1179 tot
1692 1148 1725 1178 &
1740 1146 1802 1177 talia
1820 1145 1934 1183 Brevia,
1953 1144 2007 1189 sub
2017 1144 2130 1215 Maffio
2147 1135 2361 1186 Sigillojnostriv}

1293 1189 1434 1228 sigillanda
1451 1211 1461 1226 ‚
1483 1187 1609 1218 Custodi
1635 1186 1692 1221 sive
1715 1185 1834 1216 Clerico
1853 1184 2008 1222 Hanaperii
2022 1192 2062 1215 no
2104 1183 2286 1225 'dirigend23
2305 1197 2359 1226 pro

1293 1228 1506 1260 Exoneratione
1530 1226 1674 1263 dictorum
1698 1224 1812 1255 Finium
1834 1224 1867 1254 ὃ(
1892 1223 2075 1261 Feodorum,
2093 1226 2165 1261 qu'ot
2179 1225 2214 1256 &
2228 1226 2318 1264 qualia
2331 1227 2362 1257 in

1292 1268 1344 1298 hac
1361 1277 1437 1305 parre
1462 1265 1611 1296 necessaria
1633 1264 1737 1294 fuerint
1752 1263 1786 1294 &
1799 1262 1947 1300 requisita,
1964 1262 2042 1299 absq3
2062 1261 2158 1300 aliquo
2171 1264 2228 1294 alio
2241 1264 2365 1296 Waran-

1291 1316 1325 1337 to
1333 1316 1385 1375 Iau:
1402 1304 1604 1375 Ρςοῑεεὲἑίοῃε
1617 1312 1703 1342 penes
1717 1300 1785 1332 Nos
1798 1302 1828 1331 in
1843 1302 1896 1332 bac
1913 1309 1992 1340 parte
2004 1300 2150 1332 faciendis.

1348 1355 1366 1374 n
1386 1354 1484 1383 cujus,
1537 1352 1564 1373 ci

1333 1425 1424 1456 Teste
1439 1424 1522 1464 Rege
1536 1422 1610 1463 apud
1626 1416 1901 1462 Wstmmstemm,
1917 1429 1998 1451 nono
2015 1417 2063 1451 die
2075 1415 2257 1453 Decembris.

1988 1499 2044 1528 Per
2054 1497 2138 1538 spsum
2153 1500 2258 1538 Regem.

1295 1646 1323 1673 ᾗ
1347 1648 1396 1681 De
1413 1649 1498 1680 Pacis
1507 1644 1625 1679 Foedere
1640 1641 1841 1690 observando,
1851 1641 2077 1691 Juramentum
2095 1646 2184 1691 Regis
2191 1646 2360 1682 Scotorum.
2378 1643 2394 1661 ⁶
2409 1644 2495 1673 XIII·

1351 1739 1479 1775 Th’oth
1497 1740 1534 1786 of
1545 1742 1641 1787 Kinge
1655 1737 1763 1786 James
1783 1735 2038 1786 forObftrvinge
2057 1726 2154 1783 ofthe
2170 1731 2308 1775 ‘frutici
2379 1691 2414 1721 43

1760 1786 1799 1832 of
1809 1789 1913 1820 Peace.

1296 1880 1326 1948 I
1344 1883 1458 1923 james,
1479 1883 1512 1922 by
1525 1871 1572 1912 the
1586 1878 1674 1912 Gracc
1691 1879 1727 1920 of
1738 1871 1814 1911 Gode
1827 1878 1931 1924 ,King
1940 1878 1979 1910 of
1986 1868 2143 1911 Scotlande
2157 1881 2292 1924 Pro'mzfi,
2307 1885 2368 1916 and
2379 1873 2456 1906 Ann.
2471 1874 2518 1908 D>

1343 1924 1375 1963 by
1399 1922 1447 1952 the
1469 1921 1541 1960 Holy
1564 1920 1748 1958 Euvangelies
1768 1920 1828 1949 and
1848 1923 1941 1948 Canon
1959 1916 1992 1957 of
2010 1917 2057 1948 the
2070 1918 2143 1960 Ηοζγ
2157 1920 2257 1960 Μεῃξ»,
2274 1923 2308 1963 h)-
2320 1936 2362 1955 ,Μ
2402 1922 2490 1952 1502.

1300 1962 1398 2002 Bodily
1412 1961 1550 1998 touched,
1567 1964 1659 1990 Swere
1673 1958 1737 1988 that
1750 1961 1765 1988 1
1773 1957 1866 1997 shall,
1877 1957 1929 1997 fiir
1941 1967 1984 1995 my
1994 1964 2092 1996 parte,
2108 1958 2178 1989 wele
2191 1961 2253 1990 and
2261 1963 2363 2004 trewly
2384 1957 2434 1981 An-
2454 1953 2498 1984 18.

1298 2004 1372 2040 Kepe
1397 1998 1457 2030 and
1467 1999 1589 2040 Obserise
1609 1999 1657 2029 the
1675 2001 1785 2028 Treatie
1796 1996 1831 2036 of
1839 1995 1993 2036 Perpetaell
2002 1996 2081 2026 Peade
2094 1997 2155 2027 and
2166 2001 2293 2039 Anime,
2310 2003 2371 2032 and
2383 1995 2416 2019 H·
2436 2001 2464 2027 7·

1297 2051 1379 2080 every
1393 2038 1503 2070 Article
1520 2037 1556 2077 of
1564 2037 1610 2068 tlte
1617 2037 1713 2078 sime,
1732 2048 1797 2067 now
1816 2035 1899 2077 lately
1909 2033 2008 2075 paffed
2016 2035 2077 2064 and
2089 2034 2242 2067 concluded
2259 2039 2364 2081 byfiaef.
2383 2036 2422 2058 Ex
2438 2033 2499 2065 And

1289 2079 1403 2121 ficiente
1417 2079 1566 2108 Auctorite
1582 2100 1591 2116 ,
1615 2077 1675 2106 and
1693 2079 1721 2106 in
1742 2076 1790 2105 the
1811 2075 1918 2105 Names
1933 2072 2012 2113 ost
2023 2073 2072 2104 the
2077 2074 2146 2113 sizid
2157 2077 2234 2115 Kin'g
2246 2089 2282 2108 on
2301 2079 2367 2110 that
2383 2077 2449 2106 '08'—

1301 2129 1364 2148 oone
1378 2120 1474 2147 Partie
1486 2139 1496 2155 ‚
1519 2117 1579 2146 and
1596 2114 1641 2145 the
1664 2114 1749 2153 Right
1763 2113 1924 2144 Excellente
1936 2112 1984 2142 the
2001 2112 2086 2150 Right
2098 2112 2176 2152 High
2188 2116 2249 2146 and
2257 2118 2368 2159 Mghij

1301 2160 1396 2187 Prince
1419 2156 1521 2194 Henry
1539 2179 1548 2192 ,
1575 2154 1607 2195 by
1628 2153 1675 2184 the
1696 2157 1784 2184 Grace
1803 2152 1841 2191 of
1855 2153 1934 2189 God,
1954 2150 2051 2190 Kinge
2063 2151 2101 2193 of
2108 2151 2153 2182 En
2175 2154 2292 2195 elande',
2310 2157 2366 2189 and

1301 2195 1400 2226 Lorde
1414 2195 1452 2224 of
1463 2193 1572 2224 Irlande
1588 2204 1622 2222 on
1636 2193 1701 2222 that
1715 2192 1793 2223 othre
1801 2190 2029 2231 Partie‚herenge
2037 2193 2116 2221 Date
2129 2197 2143 2222 t
2187 2194 2288 2224 xx'ieisrh
2299 2193 2371 2236 Da]

1301 2233 1337 2274 of
1343 2233 1390 2263 the
1406 2232 1523 2262 Moneth
1541 2230 1575 2271 os
1581 2231 1715 2271 January
1727 2230 1780 2270 last
1789 2230 1900 2270 paffed‚
1919 2230 1980 2260 and
1989 2230 2036 2259 the
2042 2228 2118 2267 same
2139 2241 2170 2260 as
2177 2229 2227 2270 fer
2239 2244 2271 2262 as
2283 2234 2314 2264 in
2328 2246 2369 2266 me

1303 2277 1326 2303 is
1343 2271 1445 2311 Ifhall
1456 2270 1532 2312 cause
1543 2275 1571 2301 in
1584 2271 1703 2310 likeuffe
1715 2278 1743 2301 to
1756 2270 1787 2301 be
1803 2267 1949 2309 Observed
1962 2268 2022 2299 and
2033 2271 2106 2308 Kept
2122 2267 2156 2309 by
2171 2281 2213 2310 my
2227 2272 2370 2312 Subgietts,

1340 2349 1416 2380 And
1426 2352 1455 2379 in
1472 2351 1515 2378 W
1517 2346 1608 2387 itneffi’
1624 2346 1720 2386 ofthis
1733 2357 1775 2388 my
1790 2348 1899 2387 Promys
1914 2346 1975 2377 and
1988 2345 2079 2384 ceth,
2097 2348 2115 2376 I
2125 2337 2200 2378 haria
2211 2337 2373 2390 sicbstribed

1303 2388 1358 2419 thir
1372 2399 1413 2428 my
1431 2390 1568 2424 Writenge
1582 2387 1656 2416 with
1668 2398 1744 2422 myne
1755 2397 1833 2416 owne
1848 2386 1951 2416 Hande
1960 2392 1993 2416 at
2006 2385 2050 2417 Gl
2075 2394 2150 2416 vune
2166 2386 2213 2417 the
2229 2393 2278 2418 xm
2299 2391 2368 2430 Day·

1303 2427 1339 2468 of
1344 2427 1391 2458 the
1406 2425 1524 2457 Moneth
1538 2424 1574 2466 of
1580 2425 1725 2456 Decembre
1735 2449 1744 2464 ,
1762 2425 1821 2456 and
1828 2424 1930 2464 ofoare
1947 2427 2047 2464 Reigne
2061 2431 2074 2454 t
2120 2425 2192 2456 xvth
2208 2429 2279 2458 Tere.
2347 2432 2355 2436 ’

2137 2498 2276 2545 JAM'ES
2293 2501 2338 2539 R.

1306 2659 1400 2701 Super
1421 2653 1619 2700 Juramentis
1646 2654 1734 2699 Regis
1760 2653 1916 2684 Scotorum
1940 2646 2177 2693 Instrumenmm
2190 2649 2366 2688 publicum.

1306 2744 1383 2805 IN
1407 2743 1489 2774 Dm
1514 2741 1702 2772 Nosrrrir:
1730 2739 1871 2770 AMEN.
2391 2741 2525 2780 AnuDJ

1375 2779 1561 2850 Peerpi-aesens
1576 2779 1728 2809 Publicum
1744 2777 1972 2808 lustramentum
1988 2776 2101 2809 cunffls
2115 2786 2244 2816 appareat
2258 2777 2375 2811 eviden-
2414 2794 2501 2825 1502.

1307 2831 1351 2852 rel'
1385 2830 1401 2849 U

1345 2830 1434 2889 Aqnno
1454 2843 1586 2887 'Domini
1606 2854 1765 2886 Millesimo
1787 2852 2030 2892 Quingentefitno
2047 2852 2193 2894 secundo,
2210 2853 2374 2888 Indiffione
2392 2827 2515 2899 gria

1306 2897 1397 2935 sexti,
1414 2893 1600 2927 pontificatus
1615 2892 1787 2926 Sanc'tiffimi
1803 2895 1832 2923 in
1847 2891 1965 2923 Christo
1978 2892 2066 2924 Patris
2085 2894 2120 2924 &
2137 2892 2263 2924 Domini
2282 2894 2371 2926 nostri
2389 2906 2430 2930 Ex
2444 2906 2504 2932 Au.

1310 2936 1435 2966 Domini
1451 2933 1628 2972 Alexandri,
1640 2932 1749 2964 Divina
1762 2931 1960 2970 Providentia,
1979 2933 2062 2970 Papae
2071 2935 2148 2963 Sexti
2154 2932 2264 2971 ,Auno
2281 2933 2370 2964 unde-
2388 2948 2455 2979 ngr,
2499 2934 2506 2938 ⁴

1307 2976 1407 3011 cimo,
1424 2973 1533 3004 Mensis
1547 2974 1620 3003 vero
1637 2971 1810 3003 Decembris
1825 2969 1885 3000 Die
1898 2969 2044 3008 Decimo,

1347 3012 1380 3043 In
1395 3011 1522 3043 Ecclesia
1537 3009 1762 3049 Men-cpolitani
1774 3008 1938 3044 Giasouensx
1955 3032 1965 3047 ‚
1989 3017 2080 3046 prope
2099 3006 2244 3038 dexteram
2257 3007 2374 3042 Partem

1309 3051 1528 3120 magnlssitltffls„
1538 3051 1568 3080 in
1583 3049 1682 3081 eadem
1694 3048 1818 3080 Ecclesia
1832 3032 2017 3086 Ctlasguenfi,
2032 3045 2103 3077 infra
2115 3045 2254 3085 Regnum
2267 3047 2378 3082 Scotiae

1309 3099 1423 3122 notorie
1448 3097 1533 3120 ltuata

1348 3111 1550 3159 Praesenubus'
1562 3135 1632 3158 tunc
1652 3125 1761 3157 ibidem
1789 3123 1845 3155 Me
1865 3123 1996 3156 Notario
2014 3121 2140 3153 Publico
2159 3122 2316 3164 subscripto
2335 3126 2373 3160 &

1308 3166 1447 3199 Testibus
1460 3166 1530 3196 infra
1543 3165 1647 3202 scriptis
1655 3187 1664 3202 ,

1348 3205 1460 3243 Egregii
1480 3203 1701 3235 Praei'cantiffimi
1724 3203 1757 3234 ὅτ
1780 3199 1954 3233 praenobiles
1974 3198 2060 3238 Viri,
2086 3198 2236 3232 Dominus
2257 3200 2376 3234 Thamar

1311 3247 1405 3284 Darcy
1432 3243 1516 3273 Miles
1540 3252 1593 3280 pro
1611 3241 1744 3279 Corpore
1758 3237 1992 3271 Excerientiffimi
2009 3239 2038 3268 in
2051 3236 2171 3269 Christo
2184 3238 2322 3278 Principis
2335 3243 2372 3274 δε

1312 3283 1437 3313 Domini
1452 3284 1580 3318 Hemici,
1599 3280 1659 3310 Dei
1670 3279 1775 3319 gratia,
1789 3281 1868 3315 Regis
1883 3275 1997 3315 Anglia
2009 3275 2049 3312 ὦ
2063 3277 2204 3316 anr'ae,
2215 3289 2248 3308 ac
2260 3281 2376 3311 Domini

1311 3321 1452 3351 Hiberniae
1466 3318 1640 3350 Illustriffirni
1648 3343 1657 3355 ,
1667 3317 1805 3356 ipsiusque
1815 3316 1898 3346 Villae
1908 3315 2029 3347 Berwici
2045 3314 2232 3355 capitaneus,
2250 3317 2285 3349 &
2297 3320 2378 3350 Hm.

1311 3363 1381 3390 ricus
1396 3359 1558 3395 Bahungton
1573 3357 1718 3394 Clericus,
1735 3355 1828 3386 Sacrae
1849 3354 2023 3393 Theologiae
2043 3353 2206 3392 Professor,
2222 3355 2306 3392 ipfius
2314 3357 2376 3388 Ex-

1314 3397 1499 3428 cellentiffimi
1515 3395 1653 3432 Principis
1670 3395 1760 3433 Regis
1774 3393 1885 3433 Angliae
1903 3391 2078 3429 Consiliarii,
2096 3390 2247 3432 Oratores,
2265 3394 2376 3436 Legati,

1315 3435 1470 3473 Deputati‚
1488 3435 1522 3464 δε
1545 3432 1660 3463 Nuncii
1685 3433 1829 3470 speciales,
1848 3432 1960 3469 plenam
1971 3430 2143 3461 Potestatern
2157 3432 2192 3462 δε
2209 3431 2376 3465 Audierin-

1315 3470 1376 3504 te‘m
1390 3483 1423 3502 ac
1438 3470 1609 3502 Mandatum
1628 3471 1756 3509 generale
1769 3472 1802 3501 &
1817 3469 1951 3507 speciale,
1968 3469 2007 3498 eis
2017 3467 2053 3498 ad
2071 3468 2248 3508 [nfrasaipm
2263 3473 2301 3502 ab
2313 3473 2375 3510 ipso

1315 3509 1559 3581 ssfflffltiffimo
1581 3508 1714 3547 Principe
1732 3510 1849 3539 Henrico
1868 3510 1938 3545 Rege
1956 3506 2072 3544 Angliae
2090 3507 2154 3540 dam
2176 3510 2211 3540 δε
2225 3509 2378 3551 concessa,

1409 3559 1448 3580 tes

1354 3588 1405 3619 De
1429 3571 1551 3624 qiiorum
1578 3584 1719 3616 Potestate
1732 3609 1742 3624 ,
1766 3583 1967 3622 Auctoritatis,
1991 3583 2025 3615 &
2050 3582 2192 3616 Mandato
2213 3584 2377 3624 hujusmodi

1318 3627 1408 3658 michi
1428 3625 1556 3656 Notario
1573 3624 1694 3655 Publico
1711 3624 1865 3661 subscripto
1879 3646 1891 3662 ,
1919 3632 1977 3660 per·
1988 3622 2093 3653 Literas
2108 3623 2179 3655 diffl
2194 3623 2380 3656 Excellentis—

1318 3666 1380 3696 fimi
1402 3664 1538 3701 Principis
1555 3666 1633 3701 Regis
1650 3662 1763 3700 Angliae
1777 3685 1786 3699 ,
1811 3662 1870 3700 ejus
1889 3661 1926 3691 M
1983 3672 2003 3692 ο
2020 3660 2118 3700 sigillo
2137 3662 2286 3701 sigillatas,
2310 3673 2379 3700 quas

1317 3706 1347 3735 iri
1366 3703 1493 3742 praesenti
1512 3700 1704 3733 Instrumento
1726 3701 1840 3731 inferius
1863 3700 1935 3738 scrip
1973 3701 2009 3731 &
2027 3702 2183 3738 annotavi,
2207 3700 2379 3732 sufficienter

1319 3742 1464 3774 constabat
1481 3742 1514 3771 &
1535 3740 1664 3777 constat,
2279 3745 2281 3747 ’

1355 3781 1403 3813 Ad
1431 3777 1611 3809 Pi·aesentiam
1643 3776 1817 3809 Illustriffimi
1835 3778 1863 3807 in
1888 3775 2006 3807 Christo
2031 3776 2169 3816 Principis
2192 3777 2228 3808 &
2252 3775 2382 3812 Domini

1320 3818 1446 3850 Domini
1462 3816 1564 3885 Jaclqbi
1585 3821 1662 3855 Regis
1676 3820 1811 3847 Scotorum
1824 3838 1835 3854 ,
1849 3824 1919 3846 tunc
1937 3816 1971 3846 &
1989 3815 2097 3846 ibidem
2115 3814 2293 3852 personaliter
2306 3827 2381 3855 prae·

1319 3858 1403 3888 sentis
1438 3860 1519 3885 acces
1533 3865 1630 3893 erunt,

1356 3895 1392 3926 Et
1410 3878 1532 3924 eundem
1550 3892 1769 3924 Illustrisfimum
1783 3892 1946 3929 Principem
1960 3891 2096 3931 Jacobm
2114 3892 2211 3929 Regem
2223 3894 2381 3932 Scotorum,

1318 3933 1455 3965 Nomine
1467 3933 1500 3962 &
1518 3941 1552 3962 ex
1570 3931 1653 3963 Parte
1672 3931 1780 3970 praefati
1799 3930 2032 3962 Excellen'tissimi
2048 3929 2188 3964 Principis
2205 3933 2318 3960 Henrici
2329 3935 2384 3962 Re.

1316 3976 1358 4010 gi,-
1372 3969 1484 4008 Angliae
1497 3992 1507 4009 ‚
1533 3971 1736 4008 requisiverunt
1759 3971 1793 4000 &
1811 3970 1849 4000 ab
1867 3979 1904 4000 eo
1941 3970 2080 4005 ederunt,
2095 3969 2224 4005 quatinus
2242 3971 2383 4001 serenitas

1320 4012 1367 4042 sua
1391 4009 1482 4048 Regia
1500 4009 1660 4046 dignaretur
1676 4007 1877 4047 Juramentum
1933 4006 2061 4045 orporale
2073 4028 2084 4044 ‚
2104 4004 2186 4044 super
2202 4007 2384 4041 Sacrosancta

1321 4048 1382 4081 Dei
1399 4046 1592 4086 Euvangeiia,
1619 4057 1668 4085 per
1692 4046 1782 4086 ipsum
1805 4046 1982 4087 personaliter
2007 4044 2102 4083 mera,
2125 4045 2216 4084 iurare
2238 4047 2273 4080 ὃς
2290 4045 2387 4115 ficegg

2303 4091 2343 4120 qu
