2555 4266
234 132 314 171 104
681 115 1935 168 CONVENTIONES‚L1TERAE‚

79 203 208 235 AnniD.
228 214 323 235 rarum
348 202 539 235 Abstinentiae
551 226 562 242 ,
588 202 733 235 Amicitiae
750 227 760 243 ,
785 203 1058 235 Confoederationes
1071 227 1082 243 ,
1108 204 1160 236 alia
1171 205 1295 243 denique
2423 205 2500 238 Ann.
2514 208 2555 242 D

74 244 191 310 §23⁶2
229 243 316 312 Ριῐξέἳα
326 242 599 312 ἕεῐζὶξῖιίηνεῃῑίοηεε
618 243 769 274 Ambianis
781 244 924 281 oneratae,
941 243 1043 282 sactae,
1062 243 1155 283 initae,
1173 245 1208 276 δε
1222 252 1295 274 con·
1730 294 1734 299 1
2027 298 2032 304 .
2420 288 2442 312 1:
2444 248 2536 312 5480.

162 291 181 318 4
228 293 245 313 c
269 316 406 357 Cumque
425 304 470 349 rie
493 319 623 357 Treugae
642 322 675 352 ὃς
691 319 869 352 Guerrarum
884 315 1094 358 Abstinentiae,
1111 330 1176 359 quae
1191 324 1293 365 sepum
1454 291 1482 318 *e
1507 294 1556 326 De
1576 289 1929 339 ammumcandost‘p‘r
1949 296 2048 328 prem
2065 298 2279 330 MonetamW‘
2419 323 2436 340 ⁸
2457 296 2537 356 311⁴:-

228 358 1294 436 aA„sissia&szssai’gssesngff'sszffi‘ssss&3552
1338 372 1473 435 REX
1495 378 1648 417 mbas,
1665 375 1701 408 ad
1826 377 1888 409 &e-
1908 377 2044 409 sautem·
2414 371 2530 431 :et-20.

70 1248 92 1266 ¹*
116 1248 184 1277 ΧΠ.

75 1296 137 1322 ¹¹4·

228 430 429 476 nostrafitaque
444 447 475 465 ac
494 437 535 465 ad
546 448 627 466 unum
643 440 760 466 Annum
772 435 832 475 post
844 435 916 466 illius
923 436 1035 466 obitum
1050 440 1096 477 qui
1111 439 1191 467 Prior
1209 435 1224 465 ἒ
1239 439 1267 466 V
1268 439 1294 465 i-

226 482 260 506 ta
276 474 438 513 Decefflrit,
458 473 639 514 Prolqngatae
655 475 876 513 Prorogataeque
889 475 1015 512 fuerant,

264 512 523 551 postremumque,
542 524 591 551 per
605 523 698 544 certos
713 514 826 544 nostros
840 512 1080 550 Commiffarios,
1096 513 1129 543 ὃς
1143 511 1295 542 Reveren-

228 551 301 581 dum
317 552 345 580 in
363 551 482 582 Christo
500 552 614 583 Patrem
637 553 671 582 &
693 552 860 583 Dominum
878 551 1045 582 Dominum
1067 549 1209 588 Eluenfi’m
1225 551 1294 587 Epi-

217 587 265 630 sco
282 601 344 629 um,
359 589 467 628 praefati
489 590 702 630 Consanguinei
722 590 811 622 nostri
825 590 1049 622 Procuratorem
1062 588 1222 620 sufficiente
1236 587 1296 618 Po-

228 631 267 659 tel
284 638 327 660 ate
351 631 385 661 &
408 629 585 660 Au&oritate
607 632 637 660 iu
658 641 690 661 ea
712 639 790 669 parte
812 629 957 660 suffultum
976 650 985 666 ,
1002 627 1127 665 praefatae
1140 627 1267 665 Treugae
1282 649 1292 664 ‚

227 666 405 699 Guerrarum
430 668 616 700 Abstinentiae
632 693 642 706 ,
669 669 789 707 aliaeque
812 667 1032 698 Conventiones
1047 665 1081 696 ad
1097 669 1209 695 Centum
1225 669 1294 695 An-

226 717 275 736 nos
286 730 294 745 ,
306 706 365 746 post
386 705 459 736 illius
474 709 596 737 Mortem
614 710 659 749 qui
670 711 745 746 prius
761 706 857 737 obiret
872 705 977 737 fuerint
991 704 1157 744 Prorogatae
1166 728 1176 743 ,
1194 703 1294 742 Initae‚

226 755 312 783 atque
330 745 423 776 Facta:
434 769 444 784 ,

264 784 351 823 Nos,
879 815 884 818 ,

260 822 304 854 Ea
326 822 425 854 omnia
441 848 451 860 ,
476 833 541 862 quae
566 822 637 854 inter
654 819 724 853 Nos
746 820 779 853 δε
797 820 971 852 cariffimum
995 819 1225 859 Confhnguineum
1240 829 1290 848 no-

220 859 327 900 strum,
346 861 446 892 nostro
456 862 488 900 ‘q;
507 872 540 892 ac
554 862 616 892 suos
632 860 864 896 Commiffarios,
883 859 1042 898 celebrata,
1057 859 1148 895 faeta,
1162 859 1201 901 ¹&
1217 867 1292 887 con-

223 900 298 931 clusa
311 900 391 939 sunt,
409 911 462 938 pro
478 901 609 937 ungulari
626 899 746 937 quadam
766 898 978 935 Benivolentia,
998 906 1062 935 quae
1081 896 1182 927 Nobis
1192 895 1290 927 secum

223 938 391 976 intercedit,
409 938 605 968 inviolabiliter
624 939 710 968 teneri
726 938 759 967 &
775 937 917 967 observari
932 937 1095 974 cupientes,

263 976 406 1007 Unanimi
428 976 573 1006 Consensu
594 986 628 1007 ac
652 976 806 1007 Voluntate
824 974 1027 1006 Dominorum
1042 973 1078 1004 de
1093 972 1194 1004 nostro
1207 971 1291 1004 Con-

222 1015 291 1047 cilio
315 1015 504 1046 Decrevimus
516 1039 526 1052 ,
551 1014 683 1045 Diletfitos
700 1016 733 1046 ὃ(
757 1014 866 1044 Fideles
887 1013 1000 1043 nostros
1013 1010 1214 1049 Confiliarios,
1232 1011 1290 1050 Jo-

222 1053 342 1083 hannem
369 1053 501 1083 Howard
521 1053 686 1085 Dominum
708 1053 744 1084 de
766 1051 898 1083 Howard
922 1050 1049 1082 Militem
1069 1075 1080 1089 ‚
1107 1060 1141 1082 ac
1159 1050 1290 1081 Thomam

223 1095 355 1129 Langton
377 1091 514 1122 Ecclesiae
531 1091 696 1123 Exonienfis
717 1091 934 1122 Thesaurarium
961 1089 1158 1121 Decretorum
1172 1088 1291 1120 Dono-

225 1140 286 1161 rem
296 1153 306 1169 ,
323 1130 358 1161 ad
373 1130 460 1160 nostri
477 1131 582 1169 praefati
598 1130 809 1169 Consanguinei
821 1129 1002 1160 Praesentiam
1016 1128 1238 1164 Transmittere‚

260 1169 311 1200 De
325 1167 515 1200 Fidelitatibus
533 1170 632 1209 igitur,
649 1168 963 1206 circumspectionibus
979 1190 988 1205 ,
1006 1168 1039 1198 &
1058 1165 1205 1198 Industriis
1218 1166 1292 1205 ipso-

227 1217 291 1238 rum
306 1207 538 1239 Consiliariorum
552 1208 714 1239 nostrorum
731 1206 889 1246 plenissime
903 1205 1079 1237 confidentes
1088 1229 1098 1245 ,

264 1249 280 1264 ⁸*
302 1246 381 1285 Ipsos
403 1246 516 1277 nostros
535 1256 618 1277 veros
635 1247 669 1277 &
691 1247 865 1277 indubitatos
879 1245 1035 1284 Oratores,
1053 1243 1293 1283 Commiffarios,

223 1285 439 1323 Procuratores,
459 1285 659 1323 Negotiorum
677 1285 842 1316 nostrorum
858 1283 1012 1322 Gestores,
1029 1293 1063 1314 ac
1080 1283 1217 1314 Nuncios
1231 1283 1292 1321 spe-

224 1324 309 1393 gale‘s
330 1324 461 1355 Facimus
477 1346 487 1363 ,
515 1323 697 1365 Deputamus
712 1347 722 1363 ,
747 1323 924 1355 Ordinamus
937 1345 947 1361 ‚
965 1323 1000 1355 &
1015 1321 1224 1353 Constituimus
1242 1330 1291 1361 per

251 1373 289 1393 rae
301 1372 378 1394 entes

264 1386 431 1440 Damusque
445 1402 478 1433 &
493 1400 692 1433 Concedimus
704 1401 808 1433 eisdem
824 1400 1014 1438 Oratoribus,
1030 1398 1239 1431 Commiffariis
1256 1400 1290 1431 &

225 1439 460 1471 Procuratoribus
473 1440 575 1472 nostris
590 1440 764 1472 Potestatem
777 1439 937 1480 generalem
950 1440 983 1471 &
999 1437 1172 1479 Mandatum
1185 1437 1291 1476 specia-

224 1477 251 1509 le
267 1477 403 1518 Exigendi
422 1503 432 1519 ‚
456 1479 635 1518 Requirendi
649 1502 659 1519 ,
684 1489 717 1511 ac
730 1479 851 1510 Petendi
863 1488 879 1509 a
892 1477 1076 1510 Sereniffimo
1093 1477 1291 1517 consanguineo

225 1517 313 1556 nostro
329 1518 476 1549 antedifim
494 1518 618 1557 Literas‚

262 1555 316 1587 Per
340 1556 547 1587 Reverendum
567 1559 597 1588 in
618 1556 736 1588 Christo
756 1556 871 1588 Patrem
890 1556 924 1587 &
940 1555 1108 1587 Dominum
1124 1553 1292 1585 Dominum

224 1593 367 1635 Elaenfim
382 1595 538 1635 Epifiopum
548 1618 557 1634 ,
573 1595 609 1626 de
624 1597 658 1627 δε
674 1597 753 1634 super
769 1596 974 1634 prorogatione
988 1594 1169 1633 Treugarum
1179 1592 1293 1631 ,Guer-

221 1643 316 1663 rarum
342 1634 529 1665 Abstinentiae
547 1658 556 1673 ,
583 1643 805 1673 caeterarumque
821 1633 1059 1665 Conventionum
1075 1655 1085 1671 ,
1101 1642 1135 1663 ac
1151 1632 1294 1662 nonnullis

220 1672 281 1702 aliis
294 1671 581 1742 dCInnventionibus,
604 1683 673 1704 cum
694 1675 778 1704 certis
803 1672 1015 1703 Commiffariis
1035 1670 1138 1702 nostris
1159 1671 1292 1703 factas&

222 1719 256 1741 ex
315 1721 362 1743 itas

222 1721 317 1818 Coki'ezr
336 1735 460 1795 eu’nfiem
484 1749 714 1790 Confhnguineum
734 1749 852 1791 nostrum
876 1748 1058 1787 Approbari,
1075 1747 1238 1787 Ratificari,
1254 1749 1288 1780 &

276 1798 292 1818 n
316 1799 398 1819 rmari

261 1813 423 1866 Literasqu'e
438 1827 496 1858 suas
510 1826 640 1858 Parentes
654 1827 864 1868 approbatorias
885 1827 918 1858 &
934 1825 1160 1856 confirmatorias
1177 1825 1292 1864 desuper

221 1875 272 1904 per
294 1866 418 1936 {undem
436 1866 665 1907 Confiznguineum
688 1866 805 1906 nostrum
825 1865 922 1898 debite
943 1864 977 1896 &
994 1863 1164 1896 sufficienter
1187 1864 1245 1895 fieri
1257 1865 1292 1896 &

222 1913 257 1935 ex
279 1914 293 1935 e
315 1915 344 1934 in

259 1915 305 2012 ξς
330 1929 424 2013 ἓξὶξῖξὸ,
452 1943 489 1988 sic
511 1944 596 1975 faitas
618 1944 651 1975 &
670 1944 811 1983 expeditas
827 1967 835 1983 ,
861 1943 967 1975 eisdem
990 1941 1202 1974 Commissariis
1216 1941 1293 1982 dari,

221 1989 263 2013 tra
284 1993 312 2020 1,
386 1993 395 2012 1
418 1993 503 2020 erari,

260 2019 376 2051 Damus
393 2021 503 2058 insuper
521 2022 553 2052 ὅ(
571 2020 768 2052 Concedimus
784 2019 992 2051 Commiffariis
1007 2020 1040 2051 &
1057 2019 1228 2051 Oratoribus
1238 2028 1293 2051 no-

223 2057 286 2088 stris
309 2059 450 2097 praedictis
469 2060 580 2098 plenam
605 2061 638 2090 &
661 2060 863 2089 omnimodam
879 2058 1056 2090 potestatem
1076 2059 1110 2089 &
1130 2058 1293 2090 Audierita-

222 2105 284 2128 tem
301 2097 566 2136 Communicandi,
586 2098 761 2137 Trafflndi,
778 2096 1016 2136 Appundmandi,
1031 2097 1065 2128 &
1083 2096 1201 2128 finaliter
1210 2098 1293 2128 Con-

221 2136 374 2176 cludendi,
389 2147 457 2168 cum
476 2137 578 2167 eodem
599 2137 799 2176 Confimguineo
822 2136 926 2178 nostro,
943 2135 1030 2166 suisve
1047 2137 1075 2166 in
1089 2145 1120 2166 ea
1135 2145 1211 2174 parte
1229 2136 1292 2170 De-

244 2177 322 2205 utatis
340 2185 386 2205 aut
403 2175 581 2214 Deputandis
596 2176 822 2214 quibuscumque
833 2199 842 2212 ,
863 2175 898 2205 de
913 2175 946 2205 &
962 2174 1041 2213 super
1055 2174 1139 2212 reali,
1156 2175 1293 2207 effectua-

233 2214 265 2250 i,
290 2216 324 2246 &
347 2214 431 2244 celeri
454 2215 654 2246 Traduc'tione
678 2214 855 2244 Elizabethae
878 2213 955 2243 Filiae
979 2212 1074 2252 nollrae
1098 2213 1234 2252 carifflmae
1255 2216 1292 2246 ab

222 2251 324 2291 Anglia
341 2253 368 2283 in
385 2253 530 2283 Franciam
549 2277 559 2292 ,
583 2263 616 2284 ac
631 2254 667 2283 de
684 2253 769 2284 Loco
785 2255 818 2284 δε
836 2252 1007 2292 Tempore,
1022 2251 1121 2282 Modo
1135 2254 1168 2283 &
1184 2253 1292 2285 Forma

221 2291 381 2329 hujusmodi
395 2292 601 2323 Traduffionis
617 2292 734 2331 fiendae,
753 2290 864 2330 aliisque
880 2292 909 2322 in
927 2301 959 2321 ea
973 2300 1051 2329 parte
1068 2290 1243 2324 Necessariis
1257 2294 1291 2325 &

223 2328 375 2367 Requilitis
388 2331 615 2370 quibuscumque
623 2354 632 2369 ,

259 2369 390 2400 Necnon
410 2370 587 2408 Requirendi
603 2393 612 2408 ,
640 2369 693 2399 Exi
712 2369 794 2407 endi,
811 2368 844 2399 &
860 2367 980 2399 Petendi
997 2368 1154 2408 Dominia,
1172 2369 1292 2411 Terras,

227 2406 260 2437 ὃ(
273 2407 458 2438 Posseffiones
467 2408 622 2446 ,Redditus
636 2409 669 2440 &
712 2416 844 2438 roventus
853 2431 862 2446 ‚
871 2407 905 2437 ad
913 2407 1036 2437 Valorem
1052 2410 1188 2438 Annuum
1202 2412 1290 2439 Sexa-

1434 416 1516 447 Csirn
1533 427 1640 455 nuper,
1653 417 1728 447 inter
1742 424 1837 447 certos
1851 415 1988 447 Oratores
2003 416 2174 449 Sereniffimi
2181 419 2319 459 Principis
2329 419 2397 451 Do·-

1336 454 1408 486 mini
1425 455 1566 486 Lodowiri
1579 455 1772 495 Consanguinei
1783 454 1865 495 nostri
1879 457 2002 485 Framiae
2017 464 2052 486 ex
2069 465 2125 487 una
2134 479 2144 495 ,
2158 466 2242 496 atque
2255 459 2394 498 quosdam

1336 491 1518 525 Confiliarios
1540 493 1652 525 nostros
1669 504 1719 532 per
1739 496 1799 524 Nos
1821 493 1980 531 Deputatos
2000 502 2036 525 ex
2050 493 2136 524 altera
2148 494 2295 536 Partibus,
2311 498 2348 529 de
2361 499 2396 530 8(-

1336 526 1415 570 super
1430 535 1522 563 Pretio
1535 531 1574 567 &
1583 532 1775 571 AEslimatione
1789 536 1966 563 Monetarum
1979 532 2009 562 in
2018 532 2117 563 Terris
2133 532 2194 563 tam
2201 533 2300 566 Nobis
2307 538 2396 575 quam

1336 569 1416 600 dicito
1441 570 1664 608 consanguineo
1687 572 1786 602 nostro
1800 572 1928 608 subjeffls
1941 571 2167 609 Fabricatarutn,
2180 570 2349 605 Tractatum
2363 576 2398 607 fit

1335 617 1372 638 eo
1391 608 1496 646 modo,
1513 619 1573 647 quo
1584 608 1759 641 conveniens
1771 610 1805 641 &
1820 609 1991 641 rationabilis
1998 609 2169 642 AEstimatio
2182 611 2319 651 utriustwe
2326 613 2398 645 Mo-

1336 650 1410 677 netae
1425 656 1475 685 per
1491 647 1567 685 ipsos
1585 645 1735 679 Declarata
1749 650 1884 687 extiterit,

1374 684 1472 723 Atque
1487 685 1588 724 depost
1603 686 1732 723 praefatus
1752 687 1964 726 Consbnguineus
1982 686 2087 727 noster,
2103 687 2273 719 Tra&atum
2286 688 2320 720 &
2336 687 2399 721 De-

1335 721 1521 754 clarationem
1540 724 1702 762 hujusmodi
1723 735 1775 763 pro
1793 727 1839 756 sua
1850 725 1933 757 Parte
1945 725 2139 765 insequendo,
2157 736 2205 764 per
2219 726 2327 757 Literas
2341 727 2400 760 suas

1335 760 1466 793 Patentes
1479 786 1490 802 ,
1526 763 1649 795 voluerit
1672 764 1705 795 &
1728 763 1899 796 ordinaverit
1921 765 2023 803 quod,
2047 774 2186 803 quantum
2207 766 2241 797 ad
2262 763 2400 798 Monetas

1335 799 1444 831 nostras
1459 825 1469 840 ,
1493 810 1560 840 quas
1573 802 1644 832 infra
1661 802 1816 834 Ditionem
1829 803 1906 833 suam
1919 806 2031 841 reperiri
2042 804 2212 844 contigerit,
2230 803 2401 837 AEstimatio

1334 833 1367 868 sit
1385 839 1418 869 ἃ
1434 839 1566 870 habeatur
1579 841 1607 870 in
1620 841 1714 871 forma
1726 840 1868 880 sequenti,
1887 841 2020 873 videlicet

1371 877 1466 915 Quod
1481 877 1580 908 Nobile
1595 879 1782 916 Anglicanum
1793 880 1826 909 de
1842 883 1922 917 Signo
1936 879 2013 919 Rosae
2027 865 2167 911 l’onderis
2186 880 2242 912 Sex
2256 880 2401 913 Denario-

1334 925 1398 946 rum
1413 916 1445 947 fit
1454 941 1464 954 ,
1483 918 1518 949 &
1539 916 1694 948 aestimetur
1716 917 1758 947 ad
1766 921 1916 956 Sexaginta
1929 923 2044 959 quinque
2057 918 2157 950 Solidot
2169 921 2332 961 Turonenses
2344 924 2399 952 Di-

1333 955 1417 984 midia
1422 955 1474 995 fia
1482 955 1607 1025 &tarta
1626 958 1698 986 Pars
1709 955 1824 995 ejusdem
1836 956 1962 996 Nobilis,

1370 993 1408 1024 Et
1433 996 1480 1024 No
1499 998 1535 1024 ie
1557 995 1728 1033 appellatum
1743 993 1797 1035 suh
1813 997 1932 1025 Nomine
1949 995 2054 1032 Angeli
2067 1020 2078 1036 ,
2101 997 2181 1036 cujus
2199 997 2302 1029 formae
2320 998 2398 1031 Tres

1332 1031 1429 1064 Peciae
1450 1033 1635 1072 aequipollent
1656 1033 1783 1065 Duobus
1798 1033 1959 1065 Nobilibus
1978 1036 2013 1064 ad
2032 1035 2155 1074 Rosam,
2163 1035 2277 1074 fingulae
2291 1039 2397 1077 Peciae,

1331 1071 1490 1103 secundum
1504 1072 1615 1103 Rarum
1632 1072 1688 1104 suae
1703 1071 1921 1111 Proportionis,
1934 1071 2043 1112 Groffics
2054 1073 2225 1111 Anglicanus
2233 1076 2269 1106 de
2283 1075 2397 1115 Argen-

1333 1119 1383 1148 to,
1398 1111 1440 1140 ad
1450 1113 1526 1141 Duos
1541 1111 1658 1150 Solidos,
1674 1115 1729 1141 Sex
1744 1115 1880 1142 Denarios
1895 1114 2018 1142 Turonen
2031 1122 2073 1150 es,
2092 1113 2216 1142 Dimidia
2227 1112 2266 1148 &
2314 1123 2400 1145 uarta

1334 1151 1406 1178 Pars
1418 1149 1535 1190 ejusdem
1549 1149 1650 1189 Greffi,
1667 1150 1827 1181 secundum
1841 1150 1947 1182 Ratarn
1960 1149 2003 1180 AE
2032 1151 2173 1182 ‘marionis
2185 1151 2267 1189 ipsius
2312 1154 2398 1194 roffi,

1333 1187 1507 1220 aestimentur
1522 1189 1556 1220 ὃ(
1572 1189 1686 1220 cursum
1701 1189 1837 1227 habeant,

1372 1226 1463 1258 Prout
1484 1229 1515 1258 in
1536 1228 1659 1267 praefatis
1684 1228 1785 1259 Literis
1800 1251 1811 1266 ,
1834 1226 1870 1258 de
1894 1227 1970 1260 Data
1987 1228 2063 1268 xxvij
2083 1227 2142 1260 Die
2153 1227 2278 1267 Januarii
2291 1229 2397 1263 ultimo

1335 1267 1478 1304 praeterito
1487 1290 1496 1306 ,
1516 1267 1626 1304 plenius
1643 1268 1823 1306 continetur,

1373 1304 1480 1335 Notum
1486 1304 1606 1345 facimus
1620 1305 1700 1343 quod
1709 1329 1719 1344 ,

1369 1342 1451 1374 Cum
1470 1346 1500 1375 in
1523 1344 1605 1375 dic'tis
1620 1344 1758 1376 TraCtatu
1780 1345 1814 1376 &
1830 1343 2032 1376 Declaratione
2048 1342 2133 1375 Pretii
2148 1344 2353 1385 Monetarum,
2370 1347 2400 1378 iri

1332 1379 1440 1421 Regno
1464 1383 1591 1414 Franciae
1606 1383 1816 1414 Fabricatarum
1831 1406 1841 1422 ,
1860 1392 1909 1422 per
1925 1382 2037 1414 nostros
2051 1382 2229 1422 Deputatos,
2244 1385 2400 1416 advisatum

1333 1419 1365 1450 sit
1378 1421 1460 1460 quod
1474 1426 1583 1452 Scutum
1597 1426 1739 1462 antiquum
1753 1425 1876 1452 Franciae
1893 1421 1934 1451 ad
1947 1422 2080 1463 Qatuor
2093 1421 2197 1454 solidos
2211 1426 2287 1454 Duos
2302 1427 2401 1455 Dena-

1331 1461 1384 1489 rios
1406 1463 1528 1491 Monetae
1548 1461 1713 1499 Anglicanae
1732 1483 1742 1500 ,
1767 1464 1877 1491 Scutum
1897 1462 2013 1491 Novum
2037 1464 2161 1492 Franciae
2187 1463 2230 1492 ad
2249 1462 2336 1493 Solem
2359 1464 2396 1495 ad

1333 1498 1465 1567 §aanor
1489 1499 1591 1530 Solidos
1608 1503 1672 1530 Tres
1691 1503 1829 1530 Denarios
1851 1499 1966 1530 Obolum
1985 1500 2019 1530 &
2037 1494 2237 1540 Quadrantem
2253 1502 2398 1540 praedic‘lae

1374 1547 1468 1569 onetae
1483 1561 1493 1576 ‚
1520 1541 1641 1577 Magnus
1658 1537 1768 1578 Groffics
1785 1541 1943 1576 Argenteus
1958 1542 2080 1569 Franciae
2095 1538 2130 1569 ad
2188 1546 2286 1570 uatuor
2298 1543 2399 1570 Dena-

1334 1579 1388 1606 rios
1408 1577 1578 1615 Anglicanos
1604 1576 1642 1613 ὠ·
1658 1588 1741 1608 unum
1758 1576 1890 1613 obolum,
1910 1580 1982 1607 Duae
1998 1579 2082 1607 Peciae
2098 1577 2135 1608 de
2181 1586 2281 1618 rgento
2291 1587 2400 1610 vocatae

1334 1615 1474 1645 Duodenae
1495 1626 1564 1647 cum
1587 1616 1717 1647 Dimidia
1736 1615 1771 1646 ad
1831 1622 1929 1646 uatuor
1951 1619 2087 1646 Denarios
2106 1616 2276 1655 Anglicanos
2292 1640 2301 1655 ,
2320 1617 2402 1650 Duae

1335 1652 1433 1684 Peciae
1453 1654 1491 1685 de
1510 1655 1639 1694 Argento
1655 1661 1762 1685 vocatae
1777 1658 1822 1686 Un
1842 1665 1898 1684 enae
1913 1664 1982 1685 cum
1997 1654 2104 1685 Tribus
2119 1655 2236 1724 Qsuartis
2249 1657 2332 1687 unius
2346 1657 2401 1688 hu-

1330 1692 1454 1730 jusmodi
1477 1692 1574 1725 Peciae
1598 1693 1633 1725 ad
1657 1693 1788 1733 Qatuor
1809 1691 1905 1733 similes
1925 1696 2062 1724 Denarios
2076 1696 2145 1732 Ang
2156 1697 2244 1725 icanos
2257 1694 2401 1727 aestiman-

1334 1740 1379 1762 tur

1370 1755 1450 1808 Nos,
1467 1781 1521 1810 pro
1540 1768 1636 1802 nostra
1657 1769 1740 1801 Parte
1757 1771 1816 1800 vim
1838 1770 1872 1800 &
1885 1769 2024 1800 effectum
2040 1770 2195 1802 Tractat&
2207 1772 2240 1803 &
2257 1772 2395 1804 Declara-

1330 1809 1416 1840 tionis
1436 1809 1596 1849 hujusmodi
1612 1808 1802 1847 pariformiter
1816 1807 1975 1839 Observare
1991 1808 2138 1847 volentes,
2156 1809 2395 1848 StatuimuS,Or—

1333 1847 1480 1887 dinamus,
1498 1848 1703 1887 &Volumus,
1721 1857 1771 1886 per
1785 1846 1954 1885 praesentes,
1972 1846 2053 1885 quod
2070 1856 2238 1878 memoratae
2253 1847 2402 1888 Monetae,

1336 1887 1356 1917 fi
1370 1887 1519 1926 aliquando
1532 1888 1563 1918 in
1580 1886 1687 1925 Regno
1707 1886 1808 1916 nostro
1829 1885 1960 1923 Angliae,
1983 1895 2030 1916 aut
2043 1885 2100 1916 aliis
2116 1886 2206 1917 Locis
2221 1885 2319 1917 Nobis
2335 1887 2402 1918 sub-

1332 1926 1542 1966 je&is,reperti
1556 1926 1678 1963 fuerint,
1696 1925 1746 1956 sub
1764 1924 1855 1955 altiori
1872 1923 1971 1955 Pretio
1984 1924 2072 1964 quam
2087 1925 2166 1964 supra
2180 1925 2333 1957 limitatum
2347 1926 2401 1966 est,

1335 1964 1495 1996 nullatenus
1508 1964 1617 2003 Recipi
1630 1964 1752 1995 debeant
1766 1963 1823 1994 five
1835 1962 1951 2002 possint.

1371 2003 1407 2035 In
1426 2005 1505 2043 cujus
1515 2027 1525 2043 ,
1541 2005 1605 2036 &c-

1372 2080 1464 2113 Teste
1478 2081 1562 2122 Rege
1575 2079 1651 2121 apud
1671 2079 1948 2121 Wstmonasterium,
1966 2079 2145 2122 duodecimo
2159 2079 2206 2112 die
2222 2079 2304 2112 Maii.

2033 2159 2088 2188 Per
2098 2156 2181 2198 ipsimi
2192 2161 2298 2197 Regem.

1385 2303 1443 2334 Pro
1471 2301 1556 2334 Duce
1586 2298 1767 2343 Gloucestriae
1789 2326 1799 2342 ‚
1831 2297 1867 2332 de
1885 2294 2026 2342 potestate
2046 2299 2194 2347 commiffir
2211 2326 2222 2343 ‚
2253 2310 2358 2333 contra

1680 2349 1867 2393 Invafionem
1887 2351 2055 2382 Scotorum.

2416 460 2482 506 [lid.
2493 460 2499 467 ’

219 2453 299 2488 ginta
318 2447 440 2476 Militum
456 2448 606 2477 Librarum
621 2451 651 2476 in
670 2446 778 2486 Affieta
790 2471 800 2484 ,
816 2446 902 2476 diCiae
919 2445 995 2476 Filiae
1010 2446 1106 2485 nostre
1123 2447 1290 2487 cariffimae,

223 2488 258 2517 ad
276 2485 451 2515 Terminum
468 2485 545 2516 Vitae
562 2486 636 2524 suae‚
655 2495 709 2523 pro
725 2485 886 2515 honorabili
901 2485 1113 2516 Sustentatione
1127 2486 1221 2517 Status
1234 2488 1290 2518 suae

222 2524 354 2557 Personae
371 2534 404 2555 ac
419 2524 552 2555 Onerum
571 2526 597 2555 ei
614 2524 843 2555 incumbentium
860 2523 1080 2564 Supportatione
1095 2548 1106 2564 ,
1128 2525 1188 2556 dari
1201 2526 1234 2558 ὃ(
1249 2536 1291 2557 as-

227 2564 245 2595 s
269 2563 346 2600 nari,

278 2601 353 2639 psam
367 2611 482 2640 quoque
492 2602 592 2632 Filiam
604 2600 733 2633 nostram
747 2601 913 2632 cariffimam
931 2611 965 2632 ac
982 2602 1040 2641 ejus
1049 2601 1184 2633 Nomine
1198 2602 1291 2635 didius

224 2640 339 2671 nostros
359 2639 580 2671 Commissarios
603 2642 631 2670 in
653 2641 787 2670 omniurn
813 2642 847 2670 &
872 2640 1046 2679 singulorum
1063 2640 1292 2681 Dominiorum‚

222 2679 400 2716 Terrarum,
420 2678 616 2716 Reddituum,
635 2679 668 2710 δε
683 2678 878 2708 Proventuum
892 2701 901 2716 ,
926 2678 963 2708 sic
979 2678 1110 2709 datorum
1126 2680 1160 2710 &
1173 2680 1291 2724 assigna-

1335 2445 1426 2503 RE
1437 2445 1467 2477 X
1493 2445 1660 2484 Omnibus,
1678 2445 1713 2477 ad
1729 2455 1819 2484 quos,
1836 2445 1897 2476 &e
1917 2443 2052 2476 Salutem.
2420 2438 2498 2471 Ann.
2513 2439 2555 2485 Q.

1428 2485 1607 2553 Qbianquam
1631 2485 1759 2524 Treugae
1776 2484 2010 2522 Guerrarumque
2030 2481 2219 2514 Abstinentiae
2237 2482 2311 2514 inter
2330 2481 2400 2514 Nos
2440 2479 2529 2518 1480-
2547 2505 2550 2507 -

1336 2522 1370 2553 δε
1387 2522 1462 2562 Jaco
1481 2535 1525 2553 um
1539 2527 1636 2554 Scotiae
1650 2527 1746 2561 Regem
1759 2522 1845 2561 paulo
1859 2531 1924 2553 ante
1938 2522 2093 2552 contractae
2102 2544 2113 2560 ‚
2131 2521 2290 2559 conclusae,
2305 2521 2400 2552 &ini-
2417 2521 2471 2547 Aa.
2486 2529 2534 2548 20·

1336 2569 1374 2591 tae
1398 2562 1525 2601 fuerint,
1552 2570 1637 2600 prout
1660 2563 1690 2592 in
1710 2561 1814 2592 Literis
1833 2560 1901 2590 inde
1924 2560 2064 2591 conferitis
2086 2560 2197 2598 plenius
2219 2562 2398 2599 continetur,
2418 2561 2451 2585 Ε·
2469 2567 2500 2592 4-
2551 2579 2555 2582 -

1336 2599 1413 2630 idem
1426 2610 1524 2632 tamen
1541 2603 1635 2630 Scotiae
1649 2602 1710 2630 Rex
1722 2622 1733 2642 ,
1751 2598 1905 2630 inveterata
1920 2597 2090 2637 Inimicitia,
2108 2598 2292 2637 indurataque
2309 2598 2398 2630 Mali·
2417 2599 2478 2623 Pat.
2492 2597 2554 2623 ²0i'

1335 2638 1373 2668 tia
1394 2640 1537 2670 involutus
1548 2663 1558 2677 ‚
1583 2638 1674 2677 spreta
1685 2639 1767 2676 iphus
1783 2637 1925 2668 Nominis
1939 2637 2090 2676 omnisque
2105 2637 2276 2668 Nobilitatis
2290 2637 2397 2676 Fama,
2415 2639 2446 2662 Ε·
2465 2645 2495 2670 4·
2508 2639 2539 2671 p·

1337 2677 1495 2714 perculsum
1516 2687 1567 2717 per
1588 2687 1656 2708 eum
1678 2676 1838 2714 Foedusque
1860 2676 1937 2707 suam
1961 2677 1991 2706 in
2011 2676 2064 2707 hac
2079 2675 2162 2707 Parte
2178 2675 2401 2707 Promiffionem
2425 2683 2448 2702 ¹·
2461 2672 2538 2702 ¹¹²3·

221 2726 336 2755 torum,
353 2717 399 2748 seu
420 2716 580 2748 dandorum
602 2718 636 2748 &
657 2716 885 2757 affignandorum
903 2739 912 2754 ,
937 2717 1092 2747 naturalem
1116 2717 1150 2748 &
1175 2719 1291 2749 ciVilem

223 2755 451 2794 Posseffionem,
467 2756 501 2786 ad
520 2765 641 2786 omnem
653 2755 727 2793 Juris
743 2754 896 2792 effe&um,
915 2756 1000 2793 poni,
1018 2756 1112 2793 mitti,
1134 2757 1167 2786 &
1185 2758 1292 2787 realiter

223 2795 322 2826 induci
337 2817 347 2833 ,
371 2803 487 2824 necnon
509 2795 607 2825 omnia
624 2795 658 2826 &
683 2794 787 2833 singula
804 2817 813 2832 ,
832 2793 938 2824 dirEtam
951 2793 1118 2823 carissimam
1132 2793 1232 2824 Filiam
1246 2807 1294 2825 no-

223 2834 310 2873 stram
331 2833 426 2872 quoad
447 2832 591 2863 Praemiffa
607 2834 809 2863 concernentia
823 2832 867 2863 seu
881 2832 1126 2871 qualitercumque
1143 2833 1293 2870 respicien-

227 2874 280 2910 tia,
298 2872 357 2902 tam
373 2881 422 2909 per
437 2871 511 2902 Tres
525 2871 618 2902 Status
632 2871 728 2908 Regni
744 2871 887 2909 Franciae,
907 2871 994 2909 quam
1014 2880 1062 2908 per
1078 2871 1293 2903 Sacrosanetam

226 2912 333 2942 Sedem
358 2909 556 2947 Apostolicam
571 2933 581 2948 ,
604 2910 654 2941 sub
676 2910 776 2941 Pcenis
791 2909 924 2940 Camerae
938 2909 1117 2948 Apostolicae
1130 2920 1163 2940 ac
1179 2912 1294 2949 quibus—

225 2959 352 2987 cumque
375 2949 435 2980 aliis
457 2948 589 2980 Censuris
611 2950 645 2981 &
668 2948 768 2979 Poenis
781 2949 956 2988 approbari,
976 2947 1121 2987 ratificari,
1138 2950 1172 2981 &
1188 2950 1294 2981 confir-

227 2999 296 3020 man

264 3012 379 3057 deus
403 3025 514 3063 insuper
535 3025 710 3057 Potestatem
730 3025 833 3057 eisdem
847 3024 1100 3064 procuratoribus,
1118 3026 1296 3058 Commissa-

229 3066 294 3103 riis,
311 3065 345 3096 &
362 3064 531 3095 Oratoribus
543 3064 662 3102 nostris,
678 3074 747 3095 cum
763 3065 880 3103 praefato
897 3069 952 3095 Con
967 3068 1096 3102 anguinea
1110 3065 1197 3106 nostro
1212 3068 1296 3098 caris-

230 3104 303 3134 simo
315 3127 324 3141 ,
339 3102 376 3133 de
400 3102 434 3134 &
455 3103 535 3140 super
554 3102 679 3141 Treugis
697 3125 707 3140 ,
722 3102 901 3134 Guerrarum
917 3105 943 3134 A
967 3103 1122 3142 (tinentiis,
1138 3108 1209 3134 inter
1225 3116 1297 3136 eun·

230 3144 297 3172 dem
313 3142 540 3180 Consanguineum
555 3139 671 3179 nostrum
684 3140 856 3172 cariffimum
871 3151 905 3172 ex
923 3152 976 3172 una
985 3142 1068 3173 Parte
1078 3165 1086 3180 ,
1102 3143 1135 3174 δε
1145 3143 1296 3175 Dile&um

230 3180 481 3220 Consanguineum
511 3179 642 3209 nostrum
666 3179 892 3209 Maximilianum
915 3180 1037 3220 Austriae
1060 3185 1162 3211 Ducem
1185 3184 1294 3221 ejusque

231 3219 386 3259 Confhrtem
399 3221 525 3248 Mariam
539 3216 620 3248 Parte
633 3226 667 3246 ex
680 3217 763 3248 altera
801 3219 945 3256 ineundis,
957 3219 1172 3257 contrahendis,
1190 3221 1297 3252 facien-

231 3258 290 3299 ᾡς,
309 3259 341 3288 &
364 3257 510 3288 firmandis
524 3279 534 3295 ,
559 3265 593 3286 ac
612 3255 713 3285 Modis
727 3278 737 3294 ,
756 3241 979 3287 Oonditionibus
995 3279 1005 3294 ,
1029 3258 1063 3288 ὅ(
1077 3258 1293 3299 Temporibus,

233 3298 283 3326 iub
298 3298 331 3327 δε
349 3297 378 3326 in
394 3297 495 3335 quibus
509 3294 573 3333 ipsae
587 3294 711 3333 Treugae
735 3294 768 3325 &
791 3294 967 3326 Guerrarum
980 3294 1169 3326 Abstinentiae
1184 3297 1297 3335 Incipe-

233 3344 282 3372 re,
302 3335 413 3372 Finire,
427 3336 460 3366 &
484 3334 595 3365 Durare
613 3332 740 3371 valeant,
759 3331 1024 3372 Communicandi,
1043 3332 1217 3374 Tractandi‚
1234 3338 1297 3375 Ap-

234 3373 407 3411 ponituandi
415 3395 424 3411 ,
441 3375 475 3405 &
494 3371 696 3403 Concludendi
705 3395 715 3409 ‚

273 3410 310 3441 Et
332 3411 492 3449 generaliter
515 3411 613 3441 omnia
631 3410 682 3440 alia
703 3410 737 3440 &
760 3409 865 3449 singula
880 3408 1028 3447 Faciendi,
1047 3408 1242 3448 Excercendi,
1261 3412 1295 3441 ὃ(

235 3447 412 3487 Expediendi
427 3471 436 3487 ,
461 3458 526 3488 quae
547 3451 576 3479 in
599 3447 750 3479 Praemisfis
771 3450 805 3480 &
827 3450 902 3478 circa
921 3458 953 3478 ea
968 3448 1117 3478 necessaria
1132 3447 1234 3479 fuerint
1250 3449 1297 3479 seu

237 3487 458 3526 quomodolibet
476 3497 618 3525 oportuna
632 3510 642 3526 ,
662 3487 695 3518 &
713 3497 776 3525 quae
792 3486 858 3518 Nos
871 3486 964 3517 facere
976 3486 1121 3523 possemus
1137 3487 1156 3516 si
1170 3486 1296 3517 Praesen-

237 3536 280 3558 tes
301 3526 477 3564 personaliter
500 3525 690 3557 interessemus
708 3530 726 3564 ,'
741 3527 825 3556 etiam
849 3526 883 3556 ὅτ.
909 3525 929 3555 fi
953 3525 1015 3555 talia
1038 3525 1126 3556 essent
1142 3535 1207 3563 quae
1219 3526 1255 3557 de
1268 3525 1297 3557 se

239 3564 413 3596 Mandatum
431 3565 542 3603 exigant
555 3566 639 3602 magis
653 3564 785 3602 speciale,

277 3603 479 3634 promittentes
492 3626 502 3638 ,
526 3602 604 3633 bona
626 3602 692 3633 Fide
714 3604 747 3634 &
769 3604 798 3633 in
820 3601 922 3634 Verbo
937 3601 1038 3639 Regio
1053 3624 1064 3640 ,
1086 3601 1155 3634 Nos
1168 3600 1298 3642 Rarum,

241 3641 386 3679 Gratum,
403 3641 437 3671 &
455 3640 584 3670 Firmum
599 3641 740 3672 habituros
757 3650 850 3673 totum
870 3641 903 3671 &
921 3640 1075 3679 quicquid,
1093 3640 1172 3679 quod
1190 3650 1238 3680 per
1255 3641 1298 3672 di-

243 3681 307 3710 &os
322 3679 541 3715 Procuratores,
553 3678 785 3719 Commisiarios,
800 3681 833 3710 δε
847 3679 983 3710 Oratores
998 3678 1126 3716 nostros,
1135 3678 1186 3710 sub
1198 3689 1299 3711 eorum

243 3719 336 3757 Signis
359 3716 532 3748 manualibus
551 3717 583 3746 &
603 3717 720 3756 Sigillis,
739 3717 998 3748 Communicatum
1032 3717 1223 3756 Tradiatum,
1240 3719 1301 3756 Ap-

243 3758 430 3793 puntftuatum
441 3780 451 3795 ,
477 3755 510 3786 &
527 3753 706 3785 Conclusum
725 3756 808 3787 fuerit
825 3757 852 3786 in
877 3757 982 3787 Praemi
1006 3765 1027 3786 ις
1043 3780 1053 3793 ,
1071 3757 1117 3786 seu
1134 3766 1235 3786 eorum
1252 3759 1303 3788 ali·

244 3804 303 3830 quo
317 3819 326 3833 ,
350 3804 396 3825 aut
418 3794 555 3832 aliquibus
572 3792 784 3824 Praemissorum
802 3818 811 3830 ,
835 3794 884 3824 sub
898 3795 1052 3833 Ypotheca
1072 3795 1106 3826 &
1120 3794 1304 3835 Obligatione

246 3835 378 3899 oulinium
392 3834 426 3864 &
440 3831 617 3902 gugulorum
631 3830 778 3862 Bonorum
791 3832 965 3864 nostrorum.

300 3881 423 3909 nquuS,
462 3880 499 3902 ἐ.

287 3942 376 3977 Teste
392 3945 476 3986 Rege
490 3946 564 3987 apud
583 3945 857 3987 Wstmonaslerium,
874 3946 1049 3980 duodecimo
1067 3947 1126 3980 Die
1144 3947 1227 3980 Maii.

931 4025 986 4056 Per
998 4023 1080 4064 t'pfim
1095 4027 1199 4066 Regem.

1338 2714 1454 2746 Violare
1470 2718 1587 2753 cupiens
1601 2738 1611 2754 ,
1630 2715 1739 2746 Bellum
1753 2723 1853 2745 contra
1870 2714 1939 2745 Nos
1950 2737 1961 2753 ,
1977 2715 2057 2745 citius
2071 2725 2101 2746 re
2116 2716 2203 2753 quam
2218 2715 2334 2754 Verbo,
2354 2715 2403 2745 In-

1337 2753 1434 2784 dicere
1450 2777 1460 2792 ,
1483 2754 1673 2792 nostratesque
1690 2754 1787 2785 Armis
1809 2753 1903 2784 subito
1928 2752 2065 2785 Invadere
2081 2776 2092 2792 ,
2119 2763 2205 2793 prout
2219 2754 2304 2785 nobis
2319 2754 2403 2786 datur

1336 2793 1475 2832 intelligi,
1493 2793 1649 2830 Decrevit,

1377 2830 1447 2862 Nos
1472 2833 1573 2870 igitur,
1597 2832 1655 2870 ejus
1679 2828 1796 2861 Malitiis
1810 2830 1946 2870 obviare,
1967 2838 2130 2869 tantamque
2144 2830 2277 2869 Iniuriam
2291 2830 2406 2869 propul-

1339 2869 1396 2900 sare
1410 2870 1602 2908 intendentes,
1619 2868 1862 2901 Praecarisfimum
1875 2869 2000 2901 Fratrem
2016 2870 2148 2901 nostrum
2163 2870 2308 2900 Ricardum
2321 2868 2406 2898 Gloa-

1340 2908 1437 2947 cestriae
1454 2912 1569 2948 Ducem,
1588 2910 1617 2939 in
1633 2918 1720 2947 quern
1734 2930 1744 2946 ,
1770 2918 1831 2938 non
1851 2908 1942 2939 modo
1963 2917 2080 2947 propter
2097 2909 2153 2947 ejus
2167 2908 2316 2945 Sanguinis
2331 2907 2406 2937 Pro-

1340 2949 1528 2986 pinquitatem
1545 2957 1629 2986 atque
1643 2947 1666 2978 F
1668 2947 1821 2978 idelitatem
1833 2969 1842 2984 ,
1861 2948 2047 2978 verumetiam
2061 2955 2175 2985 propter
2195 2946 2254 2983 ejus
2269 2946 2409 2985 approba·

1340 2995 1399 3016 tam
1417 2987 1446 3016 in
1465 2987 1581 3017 Artibus
1599 2986 1740 3017 Bellicoiis
1755 2985 1890 3015 Militiam
1907 2985 2076 3023 caeterasque
2093 2986 2151 3022 ejus
2168 2982 2293 3015 Virtutes
2309 3006 2320 3023 ,
2345 2984 2408 3023 ple-

1341 3024 1454 3055 nisfime
1478 3025 1653 3056 confidimus
1668 3047 1677 3062 ,
1703 3027 1940 3055 Locumtenentem
1955 3022 2071 3092 nsistmm
2083 3020 2250 3066 generalem,
2268 3024 2297 3053 in
2315 3023 2405 3054 nostri

1341 3064 1475 3094 Absentia
1517 3063 1552 3093 ad
1574 3063 1684 3095 dietum
1705 3066 1800 3093 Scotiae
1816 3066 1913 3099 Regem
1927 3072 1966 3092 no
1995 3071 2057 3092 rurn
2071 3059 2228 3091 Inimicum
2247 3060 2405 3101 Capitalem

1341 3101 1454 3140 ejusque
1474 3086 1495 3121 ’ἓ
1513 3102 1648 3133 Subditos
1664 3102 1848 3132 Adhaerentes
1859 3101 1893 3132 &
1910 3100 2048 3130 Faverites
2069 3098 2296 3130 Devincendum
2311 3122 2320 3139 ‚
2341 3101 2405 3132 De-

1340 3141 1504 3171 bellandum
1522 3163 1531 3178 ,
1559 3142 1592 3171 &
1616 3139 1848 3179 Expugnandum
1865 3163 1875 3176 ,
1895 3140 2024 3176 quotiens
2044 3146 2117 3174 opus
2141 3138 2248 3176 fuerit,
2274 3138 2293 3169 si
2315 3140 2405 3170 nostri

1341 3179 1437 3218 Regni
1458 3179 1515 3209 five
1528 3179 1656 3209 Ditionis
1672 3179 1756 3209 Fines
1771 3176 1926 3207 Limitesve
1939 3176 2030 3206 modo
2045 3174 2141 3206 hostili
2156 3175 2269 3215 Ingredi
2283 3185 2405 3216 tempta-

1340 3221 1411 3249 verit
1427 3218 1702 3256 temptaverintque,
1722 3217 1756 3247 N
1758 3216 1968 3253 ominavimus‚
1987 3215 2215 3253 Deputavimus,
2233 3217 2267 3247 &
2280 3215 2406 3248 Ordina-

1341 3258 1434 3288 vimus
1450 3279 1461 3295 ,
1486 3265 1573 3295 prout
1591 3265 1640 3294 per
1655 3255 1807 3287 Praesentes
1823 3254 2037 3292 Nominamus,
2054 3253 2250 3292 Deputamus,
2269 3255 2303 3285 &
2316 3256 2406 3287 Ordi-

1341 3306 1443 3326 namus

1378 3317 1488 3364 Danies
1501 3333 1535 3364 &
1552 3331 1756 3363 Concedentes
1769 3331 1865 3362 eidem
1881 3332 1977 3361 Fratri
1991 3333 2197 3361 Locumtenenti
2212 3330 2298 3372 nostro
2313 3331 2402 3365 Pote-

1342 3372 1443 3402 statem
1464 3371 1497 3401 ὃ(
1521 3370 1730 3401 Au6toritatem
1748 3370 1899 3410 plenariam
1910 3393 1920 3407 ,
1946 3379 2046 3400 omnes
2061 3371 2094 3400 &
2110 3369 2229 3408 finguios
2244 3371 2351 3409 Ligeos
2368 3373 2403 3403 &

1342 3409 1478 3439 Subditos
1499 3408 1611 3438 nostros
1622 3431 1633 3446 ,
1654 3410 1714 3438 tam
1728 3409 1758 3438 in
1777 3408 1913 3438 Marchiis
1927 3408 2030 3438 nostris
2044 3407 2137 3438 versus
2152 3408 2280 3440 Scotiam
2290 3433 2300 3447 ,
2316 3411 2405 3448 quam

1341 3448 1372 3476 in
1385 3445 1581 3476 Comitatibus
1593 3446 1696 3476 eisdem
1712 3445 1851 3476 Marchiis
1864 3446 2054 3477 ad‘acentibus
2072 3446 2286 3486 (cujuscumque
2299 3447 2405 3486 Statim,

1343 3483 1476 3523 Gradus,
1489 3492 1536 3514 aut
1552 3482 1737 3514 Conditionis
1752 3484 1866 3520 fuerint)
1884 3456 2035 3515 ssvocandi
2049 3485 2083 3516 &
2093 3485 2239 3524 Levandi,
2257 3495 2288 3517 ut
2303 3486 2404 3517 Nobis

1343 3523 1473 3554 Serviant
1489 3544 1499 3558 ,
1525 3521 1631 3559 ipsique
1653 3521 1740 3560 nostro
1760 3525 1968 3553 Locumtenenti
1984 3523 2193 3564 Affistentiam,
2211 3525 2402 3562 Succurffim,

1344 3562 1490 3593 Auxilium
1503 3582 1512 3597 ,
1538 3561 1571 3590 &
1589 3559 1733 3599 juvamen
1746 3582 1756 3598 ‚
1783 3562 1812 3591 in
1828 3561 1907 3592 Bello
1922 3571 2025 3593 contra
2038 3563 2187 3603 praefatum
2200 3566 2295 3593 Scotiae
2307 3566 2405 3599 Regem

1343 3600 1476 3631 nostrum
1487 3597 1642 3630 Inimicum
1658 3599 1799 3638 gerendo,
1817 3601 1948 3638 quotiens
1959 3600 2036 3632 idem
2047 3604 2148 3632 Frater
2158 3601 2245 3641 noster
2256 3603 2287 3632 in
2299 3603 2404 3632 eodem

1345 3637 1523 3677 personaliter
1533 3637 1663 3668 interesse
1680 3638 1802 3669 voluerit
1810 3663 1820 3683 ³
1835 3638 1966 3677 praestent
1974 3663 1984 3677 ,

1384 3676 1567 3713 Eosdemque
1581 3676 1716 3707 Subditos
1731 3677 1765 3708 &
1782 3677 1888 3716 Ligeos
1902 3677 2031 3717 nostros,
2049 3678 2088 3709 fic
2103 3677 2248 3710 Evocatos
2261 3676 2295 3707 &
2309 3675 2404 3707 Leva-

1347 3724 1408 3754 tos,
1425 3716 1495 3745 cum
1511 3714 1690 3752 personaliter
1705 3716 1846 3754 intererit,
1864 3714 2170 3756 Ducendi,Regendi,
2184 3718 2218 3748 &
2231 3714 2407 3746 Gubeman-

1348 3755 1396 3792 di,
1415 3763 1498 3791 atque
1519 3753 1588 3783 Belli
1608 3754 1770 3784 Ordinandi
1785 3777 1795 3793 ,
1819 3764 1935 3785 necnon
1955 3757 2052 3787 omnia
2074 3758 2108 3787 &
2131 3754 2253 3791 fingula,
2271 3762 2336 3790 quae
2349 3764 2404 3791 pto

1349 3792 1525 3824 Defenfione
1538 3791 1685 3830 Regni&
1703 3792 1898 3824 Marchiarum
1935 3794 2119 3825 raedictorum
2139 3790 2288 3822 neceffaria
2302 3791 2407 3824 fuerint

1350 3833 1384 3863 &
1399 3839 1556 3869 oportuna,
1574 3832 1602 3860 in
1617 3831 1731 3870 propria
1745 3831 1868 3863 Persona
1881 3832 1928 3862 sua
1945 3832 2078 3863 Faciendi
2089 3833 2123 3863 &
2133 3829 2318 3868 Exequendi,
2335 3830 2407 3864 ficut

1351 3880 1383 3900 ea
1397 3868 1553 3900 faceremus
1568 3869 1588 3899 fi
1604 3869 1782 3907 personaliter
1793 3870 2000 3902 interessemus:

1392 3906 1506 3939 Damus
1527 3916 1623 3938 autem
1644 3909 1775 3938 univerfis
1793 3910 1826 3940 ὅτ.
1851 3909 1963 3947 singulis
1988 3906 2082 3945 Ligeis
2100 3906 2134 3936 &
2154 3904 2277 3937 Subditis
2302 3908 2408 3939 nostris

1353 3944 1551 3977 Marchiarum
1568 3946 1602 3976 &
1626 3944 1827 3977 Comitatuum
1851 3946 2073 3984 praediCtorum,
2087 3943 2145 3986 tam
2159 3942 2310 3976 Gardianis
2325 3947 2409 3977 Mar-

1353 3984 1480 4015 chinrum
1501 3984 1610 4014 illarum
1628 3985 1718 4022 quam
1732 3986 1789 4015 aliis
1812 3984 2035 4025 quibuscumque
2054 3980 2269 4022 (cujustumque
2289 3983 2409 4015 Gradus

1355 4023 1403 4060 seu
1417 4021 1603 4056 Conditionis
1620 4022 1736 4062 fuerint)
1756 4023 1874 4058 Tenere
1887 4020 2070 4062 Praesennum
2081 4042 2092 4059 ,
2109 4020 2225 4056 firmiter
2237 4022 2269 4057 in
2283 4022 2410 4068 Manda-

2362 4068 2416 4103 ω,

2424 3102 2441 3118 *
2454 3102 2526 3131 XII.

2428 3150 2438 3168 ι
2449 3143 2489 3169 16.
