2555 4266
729 210 842 254 ET
924 206 1184 252 ACTA

0 300 76 334 Ann.
88 299 133 331 D.
206 315 209 317 >

21 347 108 378 1440.

3 382 69 406 Hm.
89 380 116 407 6.

482 386 540 416 Pro
560 385 647 417 Duce
668 383 852 426 Aurealensi.

0 482 74 515 Anu.
89 483 129 514 D,
147 471 271 527 REX
290 471 499 516 Collectoribus
509 470 839 517 Trium-Solidorum‘de
856 468 964 512 Dolio,
981 468 1015 498 &
1037 465 1204 520 Duodecim

18 530 104 560 1440·
148 510 418 579 Salthssgnariorum
434 512 470 541 de
487 511 592 549 Libra,
611 522 639 542 in
658 512 747 543 Portu
767 507 895 574 Civitatis
909 506 1012 538 nostrae
1029 504 1203 541 Londoniae,

0 561 112 626 agazi&
181 586 357 618 Mandamus
372 588 455 618 vobis
471 586 551 626 quod
563 609 572 625 ,
599 585 769 629 cariffimum
787 583 1039 627 Consanguineurn
1055 580 1185 624 nostrum
1193 602 1203 618 ‚

0 635 129 672 Clausae,
143 625 460 669 Decem-Aurealensem
479 626 612 669 Triginta
636 625 669 655 &
691 625 828 670 Qiinque
841 622 938 667 *Dolia
954 620 1043 658 Vini,
1058 619 1130 650 ultra
1152 618 1203 649 aha

0 678 33 702 H.
49 676 77 702 6.
146 661 219 694 Vina
234 664 325 695 eidem
344 663 567 701 Consanguineo
584 662 684 699 nostro
691 664 762 692 ab&
775 666 957 698 pertinentia,
974 669 1033 689 non
1048 657 1203 702 Custuma-

1 721 37 743 m,
49 720 75 748 3,
142 708 188 740 ta,
204 702 291 733 libere
307 704 340 734 δε
354 702 455 746 absque
470 701 610 734 Custuma
625 700 690 730 inde
705 701 740 731 ad
755 699 836 737 Opus
850 698 980 730 nostrum
994 697 1130 735 capienda
1136 696 1204 735 ,ha-

146 739 419 811 beVoffiirnnu'angir-ri
443 787 494 809 vos
513 776 579 807 inde
595 777 626 807 in
649 776 801 814 Compoto
822 775 917 807 vestro
936 783 1000 814 erga
1015 773 1084 805 Nos
1099 782 1201 804 exone-

143 824 272 886 rar'¹1²'este
286 854 371 895 Rege
389 864 400 885 ε
405 853 462 893 pud
477 853 600 894 Castrum
606 851 687 894 ficum
699 852 732 883 de
749 851 926 893 Wyndefiire,
943 851 999 890 xxij
1012 851 1058 882 die
1069 850 1159 890 Junii.

705 932 760 961 Per
777 932 869 960 Breve
886 929 919 959 de
934 931 1054 960 Pri‘vato
1067 925 1166 965 sigillo.

491 1097 550 1132 Ad
564 1100 681 1132 Ducem
700 1099 879 1131 Britanniae.

0 1193 73 1225 Arm,
86 1191 118 1223 D
141 1180 302 1236 HEnry,
319 1192 369 1220 par
383 1183 408 1214 la
424 1184 520 1216 Grace
533 1183 569 1214 de
585 1183 661 1214 Dieu
671 1205 680 1221 ‚
699 1185 755 1222 Roy
771 1183 802 1211 de
817 1185 919 1211 France
932 1179 970 1216 ώ-
988 1178 1183 1225 d'Angleterre
1194 1200 1204 1216 ,

19 1239 104 1270 ¹440-
119 1215 128 1225 ⁰
147 1259 166 1290 S
182 1257 191 1287 l
217 1222 528 1291 abcnssstireeissresthier
541 1223 574 1253 &
592 1221 728 1253 Tresame
743 1220 856 1258 Oncle,
873 1220 898 1249 le
914 1223 975 1250 Duc
1001 1220 1033 1248 de
1047 1222 1204 1255 Bretaigne‚

168 1270 182 1289 a
195 1267 222 1288 ut
318 1271 354 1291 ie
387 1271 444 1292 ion.

0 1270 105 1337 ffki&
185 1297 262 1327 Pour
282 1308 336 1329 ceo
353 1309 407 1337 que
426 1299 608 1339 cognoiffons
623 1297 776 1328 clerement
799 1296 824 1327 le
842 1297 929 1334 parfet
949 1296 1027 1326 defer
1042 1319 1050 1333 ‚
1068 1306 1121 1334 que
1142 1303 1204 1325 tous

0 1346 132 1377 Franc.18.
149 1344 241 1373 temps
257 1346 328 1367 avez
342 1347 392 1375 eu,
410 1340 443 1369 &
459 1347 544 1376 avez,
564 1347 598 1367 au
617 1336 686 1366 Bien
700 1336 736 1366 de
752 1335 820 1366 Paix
838 1335 981 1366 Generale
992 1357 1001 1371 ,
1021 1341 1096 1364 entre
1109 1336 1202 1372 Nous,

0 1391 32 1414 H.
43 1388 72 1414 6,
149 1376 182 1406 &
201 1373 296 1405 nostre
311 1376 482 1414 Adversaire
495 1376 526 1405 de
544 1378 663 1412 France,
683 1375 715 1405 &
735 1382 886 1404 comment
902 1372 1118 1414 souventeffoitz
1132 1383 1204 1404 vous

0 1435 38 1453 m,
57 1432 100 1460 ¹9,
148 1412 224 1443 estez
238 1412 323 1444 offert
335 1414 371 1444 de
392 1424 464 1444 vous
486 1424 503 1453 y
525 1413 687 1451 Emploier,
706 1413 739 1444 ὃς
757 1412 920 1449 Travalier,
937 1413 970 1442 &
987 1411 1111 1448 Expoier
1131 1422 1203 1450 pour

147 1451 218 1482 celle
231 1451 309 1482 cause
330 1452 483 1491 largement
504 1452 541 1482 de
561 1451 667 1489 vestre,
684 1450 755 1480 dont
773 1450 860 1480 Nous
877 1450 1000 1479 sommes
1018 1450 1205 1488 trescontens,

147 1491 270 1557 &lelious
282 1499 317 1519 en
332 1499 482 1530 mercyons
495 1490 530 1521 de
544 1499 605 1520 tout
616 1489 711 1520 nostre
726 1487 823 1519 Cueur
832 1487 1148 1527 tresaffeeiueusement,

221 1537 288 1564 ouS,

183 1565 230 1597 En
243 1564 366 1596 ensuiant
380 1565 406 1596 le
427 1566 555 1597 Traiiftie
571 1565 606 1596 de
623 1565 646 1596 la
659 1565 728 1596 Paix
748 1564 771 1594 F
773 1564 844 1603 inal,
860 1565 893 1595 &
911 1575 966 1595 ceo
985 1574 1040 1603 que
1057 1563 1207 1596 autresfoiz

148 1614 219 1634 vous
237 1613 324 1634 avons
338 1603 470 1643 escripte,
486 1606 528 1634 s'il
543 1603 623 1642 plaist
638 1614 653 1634 a
671 1603 749 1634 Dieu
768 1603 863 1633 nostre
876 1603 976 1634 Benoit
995 1603 1206 1642 Creatur,vray

148 1643 253 1674 Prince
263 1641 299 1672 de
312 1641 397 1680 Paix,
415 1653 471 1682 que
484 1643 551 1673 Paix
569 1642 708 1672 Generale
732 1642 804 1678 puist
825 1641 894 1672 estre
916 1651 1014 1672 trouve
1034 1643 1067 1672 &
1083 1642 1205 1673 conclue

149 1687 225 1710 entre
240 1681 332 1718 Nous,
347 1680 431 1712 d'une
447 1689 524 1720 part,
539 1682 572 1713 &
589 1681 684 1712 nostre
703 1680 745 1710 dit
764 1678 937 1719 Adversaire
953 1681 984 1710 de
1000 1681 1204 1718 France,d’au-

149 1726 192 1750 tre
242 1725 266 1748 rt

219 1740 467 1789 ous³Promettons
502 1768 550 1796 par
564 1766 619 1789 cez
630 1757 786 1795 Presentes,
806 1767 859 1796 que
878 1759 954 1788 ferez
970 1759 1151 1796 participant,
1174 1758 1207 1788 &

151 1803 192 1826 ou
208 1794 337 1826 TraiCtie
351 1795 458 1828 d'icelle
473 1781 540 1827 Paix
555 1807 640 1835 vous,
658 1797 690 1828 &
709 1806 767 1826 voz
783 1796 1000 1839 Paiis,Terre5,
1018 1796 1209 1834 Seignouries,

149 1832 299 1871 Vaffaulx,
317 1834 350 1865 &
365 1833 521 1874 Subgettz,
540 1835 617 1867 serez
632 1834 833 1872 expreffement
851 1844 997 1872 comprins
1011 1846 1026 1864 a
1039 1835 1129 1866 vestre
1138 1835 1206 1865 Bien

151 1873 186 1903 &
202 1882 218 1902 a
232 1871 324 1915 vestre
337 1871 497 1912 Honneur,
512 1874 588 1905 selon
604 1872 691 1904 vestre
705 1873 800 1912 Estat,
818 1874 851 1904 δι’,
868 1874 934 1904 ainsi
949 1883 1004 1911 que
1018 1884 1033 1904 a
1050 1874 1084 1904 tel
1102 1874 1208 1905 Prince

151 1918 323 1949 appartient,
340 1921 424 1944 come
440 1914 529 1944 raison
542 1912 591 1943 est.

193 1947 302 1979 Donne
316 1959 351 1980 en
366 1951 452 1992 nostre
465 1950 584 1991 chastell
595 1951 627 1980 de
641 1948 815 1988 Wyndesbre,
833 1950 858 1981 le
875 1950 988 1980 Vintein
1005 1951 1127 1988 quiesme
1138 1950 1209 1989 Jour

149 1985 304 2030 dejuing,
320 1987 386 2019 i’An
403 1990 439 2021 de
451 1999 533 2030 grace
548 1988 649 2027 Mille,
665 1990 857 2032 Quatrecens,
875 1990 908 2019 &
928 1989 1092 2028 Qiarante,
1125 1991 1158 2021 ὃς
1183 1989 1209 2019 le

150 2033 218 2065 xviij
237 2025 272 2056 de
288 2026 383 2059 nostre
401 2029 524 2067 Reigrie.

833 2068 887 2096 Per
901 2065 985 2105 ipsitm
1001 2068 1105 2104 Regem.

43 2230 109 2260 ..X-
179 2206 199 2226 '¹‘
223 2211 281 2241 Pro
296 2207 480 2253 Monasterio
499 2208 586 2242 Silva:
604 2208 762 2254 Majori's‚
788 2206 975 2252 Confirmatio
993 2210 1171 2242 Cartarum.

8 2279 141 2340 Ana-3²1)
154 2291 239 2348 RE
249 2296 280 2326 Χ
291 2295 460 2341 Omnibus,
477 2294 511 2324 ad
523 2303 608 2334 quos,
617 2294 677 2325 &c.
695 2292 865 2361 Salutem.dd
939 2332 966 2362 V
1150 2332 1168 2362 s

10 2354 113 2413 2543}
150 2335 268 2405 Τωέ
271 2343 404 2403 5331?ss
407 2334 462 2402 3⁶¹0
468 2332 590 2408 {2⁵55
599 2339 838 2413 ξέἒέῑέξτιοὲὲί
858 2342 1019 2409 ἐὲἷηρρξῖ
1027 2341 1133 2401 iiiiii}
1146 2343 1206 2402 ἐξ

10 2428 45 2452 Η,
63 2423 91 2451 6,
112 2407 117 2413 ⁸
148 2412 257 2442 nesealli
274 2411 451 2449 Aequitaniae
462 2407 816 2446 confectum‚Sigilloque
830 2407 932 2440 Officii
947 2410 987 2440 sui
1001 2409 1208 2448 consignatum,

10 2463 76 2498 pasc,
91 2461 132 2491 13⁸
147 2452 178 2481 in
192 2450 256 2480 haec
272 2450 356 2480 verba
366 2472 376 2488 ,

10 2504 47 2527 11.
64 2501 92 2528 6.

12 2547 47 2566 m,
67 2547 94 2567 2,
184 2526 299 2558 Thomas
314 2524 455 2564 Rampston
472 2524 558 2555 Miles
574 2522 740 2554 Senescalius
756 2523 930 2562 Aquitaniae,
947 2534 1000 2561 pro
1014 2523 1158 2555 Altisfimo
1175 2525 1208 2556 &

149 2565 349 2597 Potentiilimo
364 2565 498 2601 Principe
511 2564 543 2593 &
569 2562 702 2592 Domino
716 2587 725 2599 ‚
755 2562 888 2592 Domino
908 2562 1041 2600 Johanne
1062 2566 1164 2592 comite
1177 2563 1210 2592 de

151 2604 331 2641 Huntingdon
351 2602 388 2637 όν
408 2602 523 2639 d'Ivre,
549 2600 776 2631 Locumtenente
799 2601 934 2631 Generali
957 2603 991 2632 ὅτ.
1010 2601 1210 2632 Gubernatore

151 2641 280 2673 Ducatiis
304 2642 476 2679 Aquitaniae,
502 2639 716 2676 Admiralloque
737 2640 870 2677 Angliae,
894 2639 1059 2676 Hiberniae,
1085 2640 1118 2670 &
1139 2650 1211 2677 prae-

153 2681 240 2711 dietae
258 2681 434 2719 Aquitaniae,
460 2689 529 2717 pro,
555 2678 735 2708 Sereniffimo
757 2680 790 2708 &
811 2677 997 2708 Illustriisimo
1019 2677 1155 2716 Principe
1176 2680 1209 2710 &

153 2719 291 2749 Domino
307 2718 421 2756 nostro,
440 2718 574 2748 Domino
589 2719 726 2755 Henrico,
741 2715 799 2746 Dei
809 2716 913 2755 gratia,
931 2716 1044 2754 Angliae
1062 2715 1100 2750 ὠ·
1119 2721 1210 2747 Fran-

152 2761 199 2787 ciae
217 2760 302 2794 Rege,
319 2756 458 2795 Univerfis
480 2755 518 2790 (θ’
530 2754 658 2796 fingulis,
677 2755 821 2792 praesentes
842 2755 949 2786 Literas
965 2755 1143 2794 inspeffifflris,
1162 2756 1207 2785 vi-

151 2795 235 2864 ¹squiris,
253 2796 379 2833 lecturis,
397 2796 430 2826 &
448 2796 533 2825 etiam
551 2793 699 2832 audituris,
723 2793 868 2833 Salutem,
890 2795 923 2826 &
941 2793 1127 2824 Praesentibus
1143 2794 1209 2824 dare

190 2843 246 2864 em.

190 2872 340 2903 Noveritis
356 2870 450 2909 quod,
469 2870 576 2908 Anno,
593 2870 670 2908 Die,
689 2872 723 2902 &
743 2870 845 2901 Mense
866 2871 1063 2909 infrascriptis,
1082 2872 1111 2901 in
1123 2870 1207 2910 Judi-

153 2912 202 2942 cio
219 2912 248 2941 in
263 2910 366 2941 Castro
384 2909 474 2946 Regis
490 2908 616 2939 Uumbr.
633 2908 823 2947 Burdegaliae,
842 2910 918 2940 circa
932 2909 1046 2940 Horam
1059 2910 1209 2948 Tertiam,

151 2950 240 2988 Nos,
258 2959 310 2987 pro
326 2947 477 2979 Tribunali
492 2946 629 2985 sedentes,
646 2947 824 2985 Tenuimus,
841 2947 973 2978 Vidimus
988 2971 997 2986 ,
1013 2948 1062 2979 Pal
1084 2949 1207 2986 avimus,

148 2989 182 3019 ὅ(
198 2987 388 3026 Inspeximus,
407 2996 441 3016 ac
457 2986 566 3025 Perlegi
582 2986 614 3016 &
632 2985 773 3015 Publicari
788 2985 842 3015 alta
865 2996 937 3017 voce
957 2987 1001 3017 seu
1022 2988 1051 3016 in
1064 2988 1121 3024 pici
1135 2987 1207 3017 feci-

148 3036 213 3057 mus
227 3036 325 3057 coram
342 3025 459 3063 Nobis,
477 3034 527 3063 per
554 3023 699 3054 Clericum
721 3023 875 3054 Publicurn
897 3035 930 3055 ac
951 3025 1083 3056 Scribam
1101 3035 1206 3055 comu-

145 3075 217 3134 pem
235 3064 332 3096 Curiae
348 3063 469 3102 nostrae,
487 3062 566 3093 Duas
582 3062 707 3093 Patentes
722 3062 826 3102 Regias
835 3062 960 3102 Literas,
980 3064 1010 3094 in
1026 3064 1202 3103 Pargameno

159 3113 198 3134 cri
221 3110 261 3134 tas

184 3114 250 3173 UPN
260 3126 280 3173 A'i
290 3149 318 3173 Μ
355 3140 501 3178 videlicet)
521 3138 706 3171 Serenissimae
720 3141 754 3171 &
772 3138 953 3170 Inclitiffimae
968 3139 1109 3171 Dominae
1123 3139 1206 3169 Alie-

147 3190 237 3214 πονιτ,
255 3190 332 3219 quon
353 3190 400 3211 am
420 3183 528 3217 Reginae
543 3177 672 3216 Angliae,
689 3178 805 3218 Duciffae
822 3180 1002 3208 Narmanniae
1021 3178 1060 3214 ῤ’
1075 3182 1201 3219 Aquita-

147 3221 217 3258 κὶα,
234 3217 376 3258 Comittffae
391 3220 565 3255 Andegaviae

186 3257 332 3289 ALmM
359 3258 429 3289 vero
453 3239 621 3287 Sereniflimi
644 3256 678 3286 &
701 3252 871 3285 Inclitissimi
897 3253 1035 3293 Principis
1054 3255 1204 3294 Richardi,

149 3295 274 3326 condam
288 3298 366 3333 Regis
378 3294 534 3332 Anglorum
543 3317 553 3332 ,
567 3296 650 3324 Ducis
663 3295 885 3323 Normannorum
901 3292 938 3328 ό·
961 3298 1186 3334 Aquitannorum
1195 3317 1205 3333 ,

147 3335 257 3363 Comitis
270 3333 477 3373 Andagavenfis
485 3356 494 3371 ,

189 3370 249 3402 Suis
265 3371 383 3410 Magnis
403 3371 505 3411 Sigillis
524 3379 592 3401 cum
607 3369 683 3401 Cera
701 3371 782 3401 viridi
798 3369 972 3410 impendenti
986 3370 1128 3409 sigillatas,
1143 3381 1204 3403 non

151 3406 285 3448 Vitiatas,
300 3420 361 3441 non
374 3410 563 3446 Camenam,
581 3419 640 3439 non
656 3408 863 3448 Abolitas,nec
880 3410 907 3438 in
923 3409 1014 3447 aliqua
1031 3419 1126 3439 earum
1142 3420 1206 3447 par-

149 3453 179 3477 te
195 3445 352 3487 Suspeeias,
369 3449 416 3479 sed
430 3449 541 3486 prorsus
561 3448 646 3478 omni
660 3447 740 3478 Vitio
757 3448 790 3478 &
806 3447 967 3485 Suspicione
978 3472 987 3484 ,
1004 3457 1036 3478 ut
1051 3449 1141 3486 prima
1163 3447 1203 3478 fa-

150 3485 197 3515 cie
215 3486 359 3525 aparebat,
378 3495 517 3526 carentes,
534 3494 618 3525 prout
640 3495 675 3517 ex
689 3486 850 3517 earumdem
869 3487 987 3517 Teiiore
1005 3486 1079 3518 clare
1096 3486 1206 3526 legeba-

150 3530 213 3560 tur,

188 3560 289 3591 Nob'is
303 3583 313 3598 ,
326 3565 383 3599 'pro
401 3561 481 3593 Parte
520 3562 683 3593 Reverendi
703 3563 732 3592 in
754 3561 873 3593 Christo
892 3562 982 3594 Patris
996 3586 1006 3600 ,
1031 3562 1156 3593 Domini
1170 3566 1205 3594 G.

149 3599 279 3631 'Abbatis
293 3599 450 3638 Monasterii‘
466 3585 505 3635 ὅ·
522 3601 679 3632 Con-ventiis
692 3600 812 3640 Ecclefiae
827 3600 913 3631 beatae
921 3604 1023 3631 Mariae
1038 3601 1122 3631 Silvae
1137 3604 1205 3631 Ma-

149 3639 235 3677 ioris,
255 3647 298 3668 eas
311 3636 468 3676 Publicari,
485 3638 664 3677 Transcribi,
680 3640 713 3669 ὅ(
730 3640 759 3669 in
783 3639 837 3670 hac
857 3639 949 3670 forma
969 3639 1084 3677 publica
1104 3640 1206 3677 redigi,

151 3686 202 3715 per
218 3675 345 3707 Modum
361 3674 462 3705 Publici
476 3678 594 3708 Wdimus
611 3677 656 3708 seu
672 3675 869 3716 Tranfficmpti,
895 3678 945 3708 fibi
960 3677 1019 3708 fieri
1038 3688 1120 3716 atque
1136 3679 1205 3709 tradi

151 3716 307 3753 petentium
332 3715 365 3746 &
388 3714 586 3757 requirentium
601 3739 612 3755 ,
637 3715 816 3747 Auetoritate
845 3715 938 3747 nostra
958 3717 1096 3747 ordinaria
1115 3718 1147 3746 ὃς
1170 3717 1205 3747 de

152 3762 248 3792 certe,
263 3753 337 3784 adeo
351 3762 397 3790 ut,
414 3760 444 3780 in
461 3754 571 3790 lingulis
584 3754 713 3794 agendis,
731 3755 812 3785 sicuti
826 3753 908 3785 dietis
922 3755 992 3786 veris
1007 3754 1205 3794 originalibus,

152 3791 233 3829 plena
248 3790 315 3822 fides
329 3790 506 3828 adhibeatur,
523 3792 708 3831 praesentatas,
729 3798 731 3800 '

193 3830 325 3869 Quarum
340 3829 454 3869 quidem
470 3827 627 3859 Patentium
643 3830 797 3862 Literarum
810 3831 911 3862 Tenoi·
920 3855 929 3870 ,
942 3830 978 3862 de
991 3832 1081 3863 verbo
1097 3831 1132 3863 ad
1141 3841 1204 3864 ver-

152 3867 242 3907 bum,
258 3871 337 3900 unius
352 3867 416 3907 post
430 3867 515 3897 alium
524 3890 533 3906 ,
552 3867 670 3905 sequitur
685 3870 714 3899 in
727 3870 804 3900 hunc
819 3871 954 3909 modum,

192 3947 324 3987 Alienor,
342 3948 398 3979 Dei
424 3947 513 3986 gratia
525 3970 535 3986 ,
562 3949 662 3982 Regina
680 3947 809 3990 Angliae,
832 3949 950 3981 Ducissa
965 3949 1157 3981 Normanniae
1172 3952 1206 3983 ὅτ,

154 3983 316 4023 Aquitaniae
330 4010 339 4025 ,
371 3987 524 4017 Comitifla
549 3986 748 4027 Aiidegavrae,
772 3986 1015 4027 Archiepiscopis,
1045 3988 1207 4028 Episcopis,

154 4023 331 4062 AbbatibuS,
358 4025 539 4062 Comitibus,
566 4023 809 4060 vicecomitibus,
833 4024 984 4056 Batonibus
999 4049 1009 4064 ,
1032 4026 1208 4066 Senescallis,

155 4059 316 4127 'usticiariis
326 4085 336 4100 ,
351 4063 528 4102 Praepositis,
548 4061 705 4100 Ministris,
719 4061 752 4092 δι’
767 4063 900 4094 omnibus
916 4063 1057 4096 Fidelibus
1069 4065 1119 4096 suis
1133 4088 1142 4104 ,
1159 4065 1208 4097 Sa·

166 4108 195 4130 ut
244 4123 251 4130 .

1266 197 1744 254 PUBLICA.
2254 234 2305 275 79

1278 289 1357 322 Cum
1371 292 1461 331 olim,
1477 301 1622 332 tempore,
1641 297 1744 328 inclitae
1758 302 1921 339 memoriae,
1941 303 2063 337 Domini
2079 310 2209 345 Heni-ici,
2230 306 2297 337 Illa.
2316 303 2391 333 Ann.
2411 302 2450 332 D.

1235 326 1305 366 stris
1322 331 1474 367 Anglorum
1489 336 1584 371 Regis,
1600 334 1660 365 Viri
1673 337 1780 374 nostri,
1815 337 2018 372 Moriai'terium
2039 346 2122 376 Silvae
2148 347 2268 384 Mrjoris
2282 358 2299 377 a

2338 350 2423 378 ¹440·

1242 366 1342 397 Nobis
1359 370 1391 398 ὃς
1410 371 1446 399 ab
1463 370 1526 406 ipio
1546 373 1645 408 pariter
1668 374 1714 404 sub
1734 375 1823 413 Regia
1841 376 1906 405 effet
1926 377 2105 413 Protec'tione
2119 385 2296 422 susceptim,
2313 385 2372 407 Hm.
2395 386 2422 410 ⁶·

1242 405 1276 436 &
1293 415 1341 442 per
1358 406 1538 450 Privilegium
1553 410 1667 454 speciale
1680 413 1867 442 immuniates
1879 415 1971 444 eidem
1989 419 2019 447 &
2039 421 2193 453 Libertates
2210 425 2301 454 indui.

1242 449 1305 488 taed
1330 453 1468 490 contigit,
1495 450 1560 490 licut
1576 448 1710 490 Domino
1727 451 1845 488 placuit,
1863 454 1921 481 taxii
1935 455 2041 484 eundem
2059 460 2186 498 illustrem
2202 464 2296 490 From

1262 482 1507 527 uamRuhardrfm
1530 485 1632 527 Filium
1655 488 1799 527 nostrum,
1819 490 1866 526 qui
1891 488 1987 527 Regni
2008 495 2068 529 post
2092 507 2157 528 eum
2173 488 2297 531 obniiuit

1267 529 1452 565 riticipatum,
1471 532 1498 551 in
1516 522 1702 555 Conissfione
1722 528 1798 558 bona
1812 527 1934 557 Cursum
1949 528 2024 559 Vitae
2042 531 2197 568 hujusmodi
2218 547 2293 568 Ua„-

1242 557 1341 600 firoriae
1356 568 1519 599 terminare,
1533 571 1618 591 unam
1637 564 1707 593 ciim
1726 565 1833 596 Diviiia
1850 565 2011 596 Clemenssia
2025 568 2092 598 Nos
2110 572 2293 610 Superffi-em

1241 597 1414 641 reiervaffet,
1430 600 1463 630 &
1482 599 1592 629 neceise
1612 600 1775 632 haberemus
1790 603 1885 633 Partes
1901 603 1977 634 adire
1992 605 2149 637 Vasconie.
2164 599 2293 652 (ιω-,λψρ

1242 644 1392 679 communi
1408 636 1527 668 Statu&
1540 637 1672 669 Utilitate
1686 640 1783 670 Patriae
1797 641 1988 680 trahebamur,
2004 636 2166 676 (Ιὲνεῑάιῃάε
2175 650 2207 679 ad
2224 652 2298 682 Mo..

1241 672 1392 717 nasterium
1409 675 1491 712 illud,
1511 676 1543 706 &
1561 676 1712 707 didicimus
1724 678 1908 709 Testimonio
1925 679 2060 712 Virorum
2076 682 2225 716 Illustrium
2263 692 2295 720 &

1241 720 1326 755 etiarn
1343 713 1452 744 oculata
1471 714 1524 744 fide
1549 715 1738 752 prospeximus
1762 718 1841 754 quod
1864 718 1958 748 Locus
1977 719 2022 749 ille
2044 721 2161 752 Sanetus
2176 711 2245 754 erat'
2265 729 2298 758 &

1242 750 1302 780 tam
1319 760 1347 779 in
1364 750 1466 789 Capite
1481 754 1564 790 qu'arn
1578 754 1608 783 in
1624 754 1766 784 ivlenibris
1782 755 1868 785 Fama
1883 758 1916 787 &
1936 756 2086 796 Religione
2104 749 2246 799 iniianis,>

1282 787 1418 828 Cumque
1432 791 1525 821 Sacris
1541 791 1753 824 Monachorum
1768 793 1826 824 loci
1841 793 1911 824 illius
1925 794 2093 826 Oratoribus
2107 797 2299 832 studuissemus

1235 825 1312 870 ,Nos
1330 827 1364 858 ὅ(
1382 829 1521 873 utriusque
1540 829 1625 869 Regis
1641 832 1777 862 Animam
1792 832 2168 871 commendare,redu6tum
2184 837 2224 867 est
2233 838 2300 868 No-

1244 865 1286 895 bis
1302 866 1335 897 ad
1354 865 1529 910 Memoriam
1551 868 1628 906 quod
1641 871 1669 900 in
1685 869 1776 900 multis
1790 870 1877 901 essent
1893 871 1991 902 nostro
2005 873 2038 903 &
2056 874 2222 905 eorumdem
2241 875 2301 906 Re-

1265 914 1312 934 um
1339 903 1489 948 Privilegio
1511 908 1671 945 praemuniti
1685 931 1695 947 ,
1725 919 1788 946 quae
1809 911 1926 948 omnia,
1953 920 2005 947 pro
2027 911 2120 942 Salute
2148 914 2241 944 nosti-a
2266 918 2299 946 &

1270 951 1466 982 rogenitorum
1481 944 1657 985 nostrorum,
1677 947 1710 977 ad
1725 948 1854 978 Laudem
1870 948 1973 978 Divini
1988 949 2143 988 Nominis,
2154 951 2299 983 liberaliter

1242 982 1450 1026 approbamus,
1466 983 1500 1014 &
1518 986 1722 1024 praecepimus,
1740 997 1788 1023 per
1803 986 2026 1018 Instrumentum
2045 988 2300 1027 Auteiiticum,in-

1242 1028 1342 1064 novari
1356 1031 1370 1050 a
1386 1031 1567 1064 quecumque
1579 1023 1615 1054 de
1623 1022 1738 1054 Genere
1753 1024 1920 1064 nostr0,qui
1935 1025 2035 1056 Terrae
2045 1027 2112 1056 illius
2123 1027 2298 1058 Dominium

1240 1057 1389 1125 {epalffess
1408 1069 1445 1090 eis
1460 1059 1601 1092 Concessa
1613 1062 1659 1092 vel
1674 1061 1906 1102 Indulta*fuisset,
1922 1065 1961 1094 eis
1975 1063 2117 1096 Concessa
2132 1066 2176 1097 vel
2194 1065 2302 1097 indulta

1254 1106 1282 1125 ui
1306 1105 1368 1128 erit:

1282 1137 1449 1178 ¹Concedimui·
1469 1137 1557 1173 igitur
1572 1138 1710 1175 praediCto
1726 1138 1903 1171 Monasterio
1916 1148 2005 1171 totam
2019 1140 2161 1180 Justitiam
2179 1143 2212 1174 &
2226 1145 2306 1181 quic-

1241 1173 1309 1208 quid
1324 1173 1421 1204 Duces
1436 1175 1594 1213 Aquitaniae
1608 1178 1635 1207 in
1652 1177 1740 1209 Terra
1756 1179 1802 1209 vel
1819 1180 1848 1209 in
1865 1178 1966 1209 Rebus
1980 1189 2080 1210 eorum
2097 1180 2199 1211 habere
2213 1181 2300 1213 debe-

1242 1211 1324 1250 bant,
1343 1212 1411 1256 ficut
1433 1213 1705 1257 &lPraedeceffores
1720 1217 1862 1255 nostri,ut
1879 1227 1913 1247 ex
1931 1218 2060 1254 inspectis
2077 1218 2238 1255 diligentius
2251 1230 2302 1250 eo-

1240 1259 1306 1279 rum
1333 1248 1490 1290 PriVilegiis
1511 1253 1660 1284 manifeste
1682 1257 1893 1293 cognovimus,
1920 1255 2145 1295 Concess‘erunt3
2164 1260 2200 1287 ita
2238 1259 2296 1288 uod

1243 1287 1338 1317 Locus
1353 1298 1471 1332 eorum,
1490 1290 1522 1319 δε
1536 1290 1662 1329 Populus
1677 1294 1715 1323 ibi
1732 1293 1873 1333 habitans,
1893 1294 1928 1324 ab
1949 1297 2033 1325 omni
2057 1296 2163 1325 Laicali
2180 1296 2198 1315 '¹‘
2244 1306 2305 1326 ote-

1245 1325 1313 1356 state
1331 1325 1362 1356 sit
1380 1328 1490 1371 penitus
1504 1328 1658 1368 absolutus,
1675 1340 1705 1361 ut
1720 1342 1808 1362 nemo
1822 1332 1862 1362 ibi
1879 1331 2005 1370 Comes,
2023 1332 2300 1372 Vicecomesfflrae-

1243 1363 1363 1407 positus,
1381 1365 1525 1410 Vicarius,
1541 1366 1643 1411 Miles,
1661 1369 1790 1407 nullaque
1811 1371 1922 1408 prorsus
1940 1370 2058 1403 Persona
2081 1374 2232 1412 quicquam
2251 1372 2305 1411 Ju—

1243 1412 1295 1446 ris,
1311 1404 1360 1446 vel·
1371 1403 1593 1447 Advocationis,
1610 1407 1655 1437 seu
1672 1406 1886 1439 Dominationis
1901 1410 1951 1439 fibi
1960 1409 2056 1441 audeat
2073 1411 2302 1449 vendicare,nec

1243 1441 1407 1471 Violentiam
1423 1443 1538 1473 cuilibet
1552 1444 1670 1483 inferre,
1688 1455 1742 1476 nec
1756 1447 1939 1477 Theloneum
1962 1458 2015 1479 nec
2032 1449 2239 1480 Vadimonium
2255 1460 2302 1480 ca-

1246 1488 1312 1516 pere
1322 1502 1331 1517 ,
1346 1490 1409 1523 'non
1421 1480 1566 1519 judicium
1581 1491 1625 1513 aut
1636 1482 1776 1522 justitiam
1794 1485 1869 1522 juste
1891 1485 1935 1515 vel
1957 1486 2057 1524 injuste
2070 1488 2170 1526 absque
2187 1488 2304 1520 Affensu

1246 1517 1365 1548 Abbatis
1385 1518 1419 1548 &
1443 1517 1613 1551 Conventh
1634 1523 1674 1552 ibi
1696 1532 1838 1562 exercere3
1858 1523 1919 1562 sed,
1938 1524 1956 1553 si
1975 1525 2041 1563 quid
2058 1526 2142 1557 fuerit
2158 1526 2304 1564 Corigen-

1245 1555 1315 1586 dum
1326 1556 1386 1600 ‚ad
1404 1556 1567 1588 Monachos
1582 1560 1625 1590 vel
1641 1561 1675 1591 ad
1692 1571 1763 1598 quos
1771 1562 1825 1599 ipii
1843 1562 1983 1593 voluerint
1997 1564 2137 1594 referatur.

1280 1595 1476 1640 *Quicumque-
1487 1605 1580 1640 autem
1602 1598 1667 1629 illuc
1691 1599 1813 1636 Fugiens
1834 1602 1993 1638 pervenerit
2007 1624 2015 1639 ,
2034 1612 2122 1632 nemo
2144 1604 2216 1634 intra
2228 1603 2305 1634 Ter-

1247 1641 1340 1663 minos
1356 1633 1490 1664 Salvitatis
1503 1634 1576 1665 illius
1589 1638 1736 1673 praesumat
1750 1637 1829 1669 illum
1845 1639 1970 1670 insectari
1984 1651 1994 1679 3
2023 1640 2053 1670 in
2074 1642 2210 1672 omnibus
2231 1652 2305 1682 quo-

1246 1681 1322 1716 que,
1341 1681 1530 1712 quaecumque
1552 1674 1638 1706 Silvae
1653 1675 1773 1715 Majoris
1791 1677 1932 1708 Monachi
1949 1679 1978 1708 in
2001 1687 2064 1709 toto
2081 1678 2197 1710 Ducatu
2214 1680 2304 1718 Aqui-

1244 1718 1326 1754 tamne
1340 1709 1497 1750 possident,
1515 1711 1658 1745 Comitale
1674 1715 1741 1754 Jus,
1759 1716 1792 1746 &
1805 1716 1947 1755 Justitiam
1967 1716 2002 1747 ad
2025 1716 2124 1749 Duces
2148 1718 2306 1756 Aquitaniae

1246 1758 1451 1793 pertinentem,
1467 1750 1613 1783 Monachi
1632 1754 1842 1792 imperpetuum
1866 1755 2004 1794 habeant,
2022 1755 2059 1785 set
2078 1756 2111 1786 &
2133 1758 2306 1795 quicumque

1246 1787 1312 1818 huic
1335 1788 1421 1833 Loco
1441 1790 1475 1820 &
1498 1789 1636 1822 Comitali
1659 1792 1759 1823 Feodo
1789 1794 1892 1831 aliquid
1915 1794 2112 1825 rationabiliter
2135 1795 2307 1834 contulerit,

1251 1826 1396 1871 Monachi
1411 1827 1478 1858 illud
1492 1828 1600 1867 semper
1611 1830 1774 1862 allodialiter
1786 1831 1950 1869 poffideant.

1282 1865 1314 1910 Si
1330 1867 1392 1903 quis
1409 1868 1480 1897 vero
1497 1866 1659 1899 Salvitatem
1682 1869 1766 1901 Silvae
1790 1870 1909 1910 Majoris
1929 1871 2019 1910 aliqua
2035 1873 2191 1902 temeritate
2216 1871 2306 1902 viola-

1246 1912 1333 1941 verit,
1352 1904 1531 1949 Nongentos
1553 1906 1664 1937 Solidos
1683 1909 1712 1939 in
1729 1908 1852 1940 Poenam
1872 1909 1924 1947 ipsi
1946 1909 2081 1940 Ecclesia:
2098 1910 2253 1949 persolvat,
2270 1911 2305 1941 Sc

1245 1942 1413 1979 Dampnum
1428 1944 1533 1974 illatum
1550 1946 1655 1977 reddat.

1284 1980 1398 2019 Insuper
1417 1983 1502 2013 etiam
1524 1992 1626 2014 omnes
1649 1984 1812 2024 Peregrini,
1829 1986 1861 2017 δε
1883 1987 2056 2025 quicumque
2073 1987 2107 2018 ad
2131 1987 2303 2018 Orationem

1246 2020 1291 2065 vel
1308 2019 1489 2063 Mercatum,
1506 2030 1553 2052 aut
1566 2024 1655 2062 rogati
1674 2025 1711 2054 ab
1726 2025 1837 2055 Abbate
1854 2026 1898 2056 vel
1912 2036 1926 2055 a
1944 2024 2116 2064 Monachis,
2135 2026 2202 2056 illuc
2217 2035 2304 2056 vene-

1247 2067 1321 2097 rint,
1339 2062 1394 2089 live
1409 2059 1459 2089 fint
1475 2059 1600 2100 Milites,
1618 2062 1675 2092 five
1688 2062 1819 2101 Rustici,
1844 2063 1899 2094 sive
1915 2063 2106 2101 Mercatores,
2131 2064 2175 2094 vel
2191 2064 2307 2102 quilibet

1246 2098 1291 2128 alii
1306 2097 1466 2136 Homines,
1484 2099 1513 2128 in
1527 2099 1588 2130 tota
1602 2099 1664 2139 via,
1683 2102 1777 2132 eundo
1790 2103 1823 2134 &
1838 2101 1980 2132 redeundo
1990 2125 1999 2141 ,
2018 2103 2068 2133 sint
2084 2102 2190 2133 Securi.

1286 2135 1454 2166 Concedimus
1471 2138 1555 2168 etiam
1578 2139 1672 2170 eidem
1696 2140 1782 2171 Loco
1800 2140 1985 2178 Septimanale
2009 2140 2190 2178 Mercatum,
2208 2140 2242 2171 &
2257 2151 2307 2171 an-

1247 2175 1362 2206 nualem
1389 2174 1501 2206 Feriam
1525 2176 1555 2206 in
1586 2177 1670 2208 Festo
1696 2178 1843 2209 Omnium
1868 2178 2037 2210 Sanetorum
2054 2202 2063 2217 ,
2089 2180 2122 2210 δε
2139 2178 2306 2217 sollempnes

1247 2213 1283 2244 N
1286 2213 1401 2244 undinas
1415 2213 1496 2244 oeio
1514 2214 1558 2245 vel
1573 2215 1747 2255 Quindecim
1763 2217 1886 2247 Dierum
1901 2218 1929 2247 in
1948 2217 2133 2248 Revelatione
2155 2217 2229 2248 beati
2242 2216 2306 2248 Ge-

1245 2253 1329 2291 raldi,
1349 2261 1411 2291 quae
1433 2254 1587 2284 celebratur
1604 2255 1715 2294 Qiarto
1739 2255 1784 2286 die
1805 2264 1867 2286 ante
1881 2255 2070 2287 Nativitatem
2086 2255 2180 2286 Sanffl
2193 2254 2304 2292 Johan-

1244 2293 1286 2321 nis
1302 2291 1449 2329 Baptistae,
1466 2292 1499 2322 δί
1519 2292 1726 2325 Mercatoribus
1741 2294 1806 2325 illuc
1821 2295 1998 2325 venientibus
2013 2304 2062 2331 per
2077 2302 2165 2324 totam
2181 2293 2305 2323 Terram

1243 2328 1369 2360 nostram
1385 2329 1580 2360 Securitatem.

1282 2368 1331 2399 Set
1345 2369 1401 2398 hoc
1419 2368 1549 2406 perpetua
1568 2369 1719 2402 Stabilitate
1741 2371 1908 2400 concedimur
1932 2371 2037 2401 Abbati
2057 2369 2142 2400 Silvae
2166 2369 2303 2408 Majoris‚

1243 2415 1276 2437 ut
1290 2417 1489 2445 quocumque,
1509 2407 1541 2437 ad
1566 2407 1685 2438 Curiam
1706 2409 1830 2439 nostram
1852 2409 2013 2448 veniendo,
2032 2410 2065 2440 &
2084 2408 2217 2446 quamdiu
2235 2408 2303 2439 No-

1245 2445 1353 2475 biscum
1371 2447 1541 2476 commorari
1552 2446 1688 2486 voluerit,
1697 2457 1798 2478 omnes
1812 2448 1864 2478 fibi
1878 2448 1982 2486 suisque
1995 2446 2161 2478 necessarios
2167 2446 2304 2484 Sumptus

1246 2484 1282 2514 ab
1297 2484 1430 2522 Expenfis
1445 2484 1545 2514 nostris
1559 2484 1667 2516 habeat.

1282 2523 1467 2560 Concedimux,
1486 2521 1610 2561 insuper,
1627 2523 1767 2561 praedietis
1783 2523 1940 2555 Monachis
1955 2532 2002 2562 ut,
2021 2523 2132 2563 fingulis
2146 2522 2251 2561 Annis,
2270 2523 2305 2553 li-

1246 2570 1308 2592 ceat
1323 2561 1361 2591 eis
1375 2571 1422 2599 per
1438 2560 1624 2591 Guaronnam
1644 2563 1774 2593 Fluvium
1790 2562 1920 2602 Navigio
1933 2563 2123 2601 transvehere,
2142 2570 2200 2602 quo
2213 2561 2303 2593 libue-

1246 2600 1297 2637 rit,
1316 2599 1430 2630 Decem
1447 2598 1568 2630 Modios
1579 2599 1665 2639 Salis,
1684 2611 1734 2638 pro
1749 2600 1916 2639 adquirenda
1938 2602 2061 2633 Annona
2076 2600 2236 2637 caeterisque
2251 2601 2301 2630 fibi

1247 2638 1436 2676 Necessariis,
1455 2637 1556 2675 absque
1570 2641 1651 2669 omni
1666 2639 1894 2678 Consuetudine,

1283 2676 1416 2707 Similiter
1430 2675 1534 2706 eisdem
1550 2676 1704 2709 Monachis
1717 2678 1885 2718 Conceffimus
1899 2687 1946 2717 ut,
1964 2679 1983 2709 fi
2003 2680 2062 2718 quis
2075 2678 2148 2717 apud
2165 2679 2251 2710 Voias
2260 2676 2305 2708 vel

1247 2714 1447 2754 Burdegalam‚
1467 2714 1500 2745 &
1518 2716 1547 2745 in
1565 2715 1622 2746 aliis
1640 2716 1726 2747 Locis
1746 2727 1810 2755 quae
1828 2717 1861 2747 ad
1882 2717 1947 2748 Nos
1969 2719 2123 2755 pertinent,
2149 2718 2244 2755 Sepias
2262 2716 2306 2747 vel

1247 2755 1386 2792 quossibet
1397 2755 1464 2785 alios
1477 2753 1588 2792 Pisces,
1614 2754 1742 2794 Vinum,
1761 2756 1934 2794 Annonam,
1953 2756 2082 2794 Patmos,
2103 2755 2235 2794 Metalla,
2251 2756 2307 2786 five

1246 2793 1378 2837 quaelibet
1397 2793 1448 2824 alia
1472 2791 1524 2822 suis
1540 2792 1630 2823 usibus
1645 2793 1810 2825 Neceffaria
1826 2796 1965 2834 emerint,
1991 2795 2039 2826 vel
2054 2794 2168 2834 perinde
2181 2796 2304 2826 deduxe-

1247 2839 1317 2869 rint,
1335 2831 1441 2862 nullam
1457 2831 1524 2861 inde
1539 2830 1780 2867 Consuetudinem
1795 2831 1922 2864 reddant.

1283 2869 1520 2901 Controversiam·
1551 2873 1615 2908 quae
1630 2870 1702 2902 inter
1719 2870 1883 2902 Monachos
1897 2871 1982 2902 siivae
1998 2871 2118 2910 Majoris
2132 2872 2165 2903 ὅ(
2179 2874 2302 2901 Bernar-

1246 2908 1308 2938 dum
1322 2910 1459 2948 DeJc'oraz
1471 2909 1504 2939 &
1524 2892 1630 2939 Fratres
1653 2911 1709 2948 ejus
1729 2909 1901 2939 Gualardum
1917 2911 1950 2941 &
1969 2912 2112 2941 Robertum
2128 2910 2215 2941 fuerat
2229 2933 2238 2948 ,
2263 2910 2301 2940 sic

1246 2948 1321 2977 utin
1344 2948 1504 2985 praesentia,
1529 2947 1637 2978 inclitae
1659 2949 1879 2986 recordationis,
1902 2951 2016 2979 Henrtci
2037 2949 2122 2988 Regis
2138 2949 2300 2985 Anglorum

1217 3004 1220 3005 ν
1235 2986 1376 3017 ventilata
1394 2985 1447 3017 fuit
1464 2985 1497 3016 δε
1516 2986 1678 3026 terminata,
1705 2986 1770 3017 Nos
1787 2985 1891 3017 Ratam
1916 2987 2068 3026 habemus,
2085 2989 2119 3020 &
2138 2986 2299 3018 Confirma-

1244 3034 1314 3055 mus⁴

1282 3063 1448 3093 Concedimus
1470 3065 1554 3095 etiam
1571 3066 1605 3095 &
1625 3063 1820 3102 confirmamus
1838 3062 2052 3108 Imperpetuiim
2076 3064 2166 3096 eidem
2194 3066 2299 3096 Mona-

1245 3100 1329 3131 sterio
1352 3102 1484 3133 Domum
1499 3103 1534 3132 de
1550 3102 1721 3139 Bellofonte,
1745 3111 1829 3140 quam
1851 3102 1923 3132 olim
1946 3102 2089 3134 Canonici
2106 3104 2300 3141 poii'idebant,

1245 3140 1294 3177 qui
1315 3140 1472 3178 semetipsos
1490 3142 1523 3171 &
1546 3141 1677 3171 Domum
1698 3141 1784 3178 ipsam
1801 3141 1860 3177 jam
1879 3140 1960 3171 dieto
1979 3140 2155 3172 Monasteiio
2172 3142 2297 3172 contule-

1244 3187 1323 3217 runt,
1349 3179 1473 3209 volentes
1490 3181 1523 3211 ὃ(
1547 3179 1738 3217 praecipientes
1756 3188 1786 3208 ut
1805 3178 1946 3209 Monachi
1966 3179 2106 3217 saepedicti
2128 3179 2296 3210 Monasterii

1244 3216 1391 3254 supradicti
1414 3217 1547 3247 Domum
1571 3219 1603 3249 &
1633 3218 1750 3248 Locum
1767 3217 1803 3248 de
1823 3218 1942 3248 Arcolea
1965 3219 1998 3249 δε
2017 3218 2053 3247 de
2072 3218 2176 3248 Monte
2198 3218 2299 3256 Lauri,

1243 3265 1310 3285 cum
1325 3256 1458 3286 omnibus
1473 3255 1648 3287 Pertinentiis
1662 3255 1730 3294 suis,
1749 3266 1815 3287 curn
1831 3255 1963 3287 concessa
1977 3258 2016 3287 eis
2035 3256 2153 3294 superius
2171 3255 2299 3287 Liberta-

1244 3302 1288 3332 te,
1304 3294 1372 3332 Jure
1385 3303 1517 3332 perpetuo
1532 3295 1698 3325 inconcusse
1712 3295 1876 3333 possideant.

1280 3332 1456 3364 Generaliter
1476 3342 1569 3363 autem
1585 3343 1769 3373 quaecumque
1790 3333 1941 3372 praescripti
1959 3331 2123 3362 Monasterii
2143 3330 2167 3361 F
2168 3340 2249 3362 ratres
2267 3334 2297 3363 in

1243 3378 1306 3401 toto
1322 3371 1435 3402 Ducatii
1458 3372 1617 3410 Aquitaniae
1639 3382 1716 3402 nunc
1742 3372 1897 3411 poi'fident,
1919 3370 1959 3400 vel
1976 3371 2002 3398 iii
2018 3370 2161 3407 futurum,
2178 3370 2295 3401 auctore

1243 3409 1330 3448 Deo,
1349 3411 1469 3448 poterint
1488 3410 1620 3448 adipisci,
1638 3410 1707 3440 salva
1729 3412 1766 3440 eis
1787 3411 1869 3440 omni
1887 3417 2013 3445 tempore
2032 3408 2064 3437 <Sc
2082 3409 2190 3445 penitus
2208 3409 2294 3440 libera

1244 3446 1458 3486 Imperpetui'im
1478 3448 1674 3479 Concedimus
1692 3450 1723 3479 &
1744 3448 1973 3483 Confirmamus,
1990 3448 2146 3475 statuentes
2160 3447 2242 3477 etiam
2260 3449 2295 3478 &

1243 3487 1375 3524 perpetua
1392 3486 1604 3517 Constitutione
1619 3491 1814 3523 Decernentes,
1835 3496 1863 3516 ut
1885 3484 1972 3527 nullus
1995 3493 2121 3527 unquam
2131 3484 2295 3516 Hominum

1244 3525 1289 3555 vel
1304 3525 1483 3564 Burgensiiim
1500 3525 1614 3555 suorum
1629 3526 1663 3556 ad
1687 3526 1833 3562 cujussibet
1851 3523 1957 3554 alterius
1975 3520 2121 3563 judicium
2145 3525 2180 3553 ab
2195 3525 2233 3554 eis
2246 3533 2296 3561 ap-

1242 3564 1343 3601 pellare
1356 3564 1401 3594 vel
1419 3564 1541 3594 clamare
1557 3564 1719 3601 praesumat,
1738 3573 1790 3593 nec
1813 3562 1884 3599 ipsos
1904 3559 2044 3589 Homlnes
2067 3561 2109 3590 vel
2125 3560 2294 3604 Burgenses,

1243 3611 1340 3633 contra
1354 3602 1522 3632 eorumdem
1540 3601 1754 3632 Monachorum
1778 3600 1979 3634 Voluntatem,
2005 3597 2219 3636 Burdegalenies
2241 3599 2295 3629 Ci-

1243 3650 1291 3670 ves
1314 3641 1438 3678 recipere
1456 3641 1573 3670 audeant
1590 3639 1779 3679 Judicandos3
1804 3636 1839 3667 set
1859 3645 1947 3673 neque
1974 3635 2124 3680 Burgenses
2150 3637 2294 3676 praedietae

1242 3679 1379 3709 Salvitatis
1394 3678 1436 3708 vel
1455 3678 1596 3709 Homines
1608 3687 1705 3708 eorum
1719 3675 1813 3713 aliquis
1828 3675 1861 3705 ad
1884 3674 2093 3716 expeditionem
2110 3676 2230 3713 aliquam
2247 3675 2294 3706 seu

1243 3718 1276 3748 ad
1302 3717 1391 3747 Arma
1410 3717 1598 3754 aliquatheiius
1619 3714 1787 3751 compellat,
1804 3722 1850 3744 aut
1869 3713 1982 3744 eoidem
1999 3713 2140 3744 Homines
2153 3714 2208 3743 five
2223 3711 2293 3743 Bur-

1244 3755 1357 3794 genseS,
1376 3755 1477 3786 eisdem
1495 3755 1648 3785 Monachis
1663 3753 1773 3790 invitis,
1792 3753 1924 3788 retinere,
1943 3751 1989 3781 vel
2009 3761 2165 3789 receptare,
2183 3752 2294 3782 Arraia·

1241 3805 1287 3832 re,
1306 3804 1350 3825 aut
1366 3795 1395 3823 in
1408 3792 1544 3830 Causam,
1561 3792 1651 3828 aliqui
1666 3789 1834 3829 occasione,
1850 3790 1906 3821 five
1918 3789 1998 3820 Pacis
2012 3790 2208 3827 optentu,sive
2223 3800 2292 3832 quja-

1242 3834 1311 3864 libet
1327 3832 1380 3862 alia
1401 3831 1477 3861 nova
1497 3830 1689 3866 Institutione,
1707 3828 1803 3866 aliquis
1824 3828 1928 3859 trahere
1945 3828 1989 3858 vel
2005 3827 2174 3864 compellere
2188 3831 2290 3865 praeiu-

1243 3880 1319 3909 mat,
1334 3870 1388 3906 set,
1407 3870 1426 3899 fi
1444 3868 1508 3907 quid
1530 3867 1644 3905 aliquis,
1661 3866 1716 3897 five
1741 3865 1959 3904 Ministrorum,
1977 3865 2039 3909 ⁴five
2060 3866 2185 3909 quissibet
2207 3865 2274 3896 alius

1243 3910 1327 3940 habet
1348 3906 1474 3938 adversus
1493 3906 1605 3937 eosdem
1627 3904 1768 3935 Homines
1793 3906 2030 3945 (Querirroniam
2057 3903 2226 3940 (videlicet)
2246 3914 2280 3934 ve

1243 3947 1366 3979 Causam
1378 3945 1516 3983 aliquam)
1533 3945 1562 3974 in
1582 3941 1673 3975 Manu
1686 3943 1805 3975 Abbatis
1819 3945 1863 3975 vel
1879 3941 2093 3973 Monachorurn
2109 3942 2227 3980 accipiat
2239 3942 2292 3982 Ju-

1242 3987 1378 4062 stltffiaee,
1397 4031 1426 4054 ut
1440 4020 1615 4061 suprascripta
1632 4020 1710 4060 sunt,
1728 4021 1826 4051 omnia
1840 4019 1932 4050 eidem
1948 4016 2126 4050 Monasterio
2145 4018 2180 4049 &
2195 4018 2297 4049 Fratri-

1246 4065 1298 4093 bus
1322 4062 1428 4092 ibidem
1447 4061 1516 4091 Deo
1534 4059 1721 4091 Servientibus
1742 4062 1778 4090 Co
1817 4066 1954 4093 mamas,
1971 4058 2005 4087 &
2024 4056 2164 4100 Volumus
2178 4057 2246 4097 salva
2262 4058 2295 4099 ᾅε

1249 4101 1350 4131 illibata
1365 4099 1574 4138 imperpetuum
1589 4107 1766 4138 permanere:
1799 4096 1975 4135 raecipientes
1986 4096 2121 4127 omnibus
2133 4095 2304 4163 Seneiclallg,

2253 4142 2266 4162 s
2295 4145 2308 4152 -

2337 1358 2405 1386 773“
