2555 4266
663 181 776 230 ET
856 185 1118 229 ACTA
1199 176 1675 229 PUBLICA.

0 281 61 313 lnn.
73 279 117 310 D.
134 280 258 313 centiam
273 271 347 308 illam
361 277 442 308 vobis
456 275 573 307 Tenore
590 274 776 306 Praesentium
789 274 920 305 duximus
931 270 1158 304 concedendam.

12 319 100 358 1476.
170 316 336 349 Mandantes
360 315 439 352 quod
458 315 541 345 talem
562 316 643 345 vobis
657 314 765 350 eligatis
779 314 808 343 in
823 313 1073 349 Archiepiscopum
1090 313 1122 340 &
1137 308 1191 338 Pa>-

0 360 52 387 ῑάν.
69 367 99 393 4.
133 357 257 392 storem,
277 355 324 392 qui
347 353 414 384 Deo
440 353 572 384 Devotus
586 376 595 391 ,
621 352 756 383 Ecclesiae
777 350 878 381 vestrae
894 350 1036 388 praedid’tae
1049 346 1190 378 Necessa-
1221 350 1248 377 2&
1273 354 1322 385 De
1339 352 1476 395 Custodia
1491 357 1713 401 Temporaljum
1741 359 1927 404 Epist-opalus
1953 363 2086 407 Roffinfis
2109 362 2282 409 Commlffae

132 396 205 432 rius,
223 392 376 436 Nobisque
389 394 422 423 &
440 391 545 431 Regno
561 391 661 422 nostro
677 390 767 422 Utilis
780 390 814 421 &
831 388 932 419 Fidelis
946 386 1051 418 existat.

169 431 445 508 ,ilriefigjiffigebud
463 466 735 508 Westmonasterium,
754 464 891 498 vicefimo
908 463 1015 494 octavo
1031 461 1090 492 Die
1103 459 1190 499 Junii.

818 543 874 570 Per
887 538 970 578 ipfiem
982 541 1085 576 Regem.

393 672 442 703 De
461 665 630 703 Traflando
648 678 717 698 cum
736 667 813 712 Rege
831 666 943 698 Daciae.

0 759 66 791 Qun.
79 757 123 789 D.
141 754 234 811 RE
246 755 278 786 X
302 755 455 792 omnibus,
470 752 504 784 ad
518 761 608 795 qum,
623 751 684 782 &e
705 750 847 788 Salutem,
872 783 875 785 ,
894 789 900 795 ι
935 789 948 794 ⁴.
1038 793 1042 797 .

8 799 98 837 1476.
239 794 337 832 Cum,
351 795 422 823 inter
437 791 662 828 caetera,quibus
678 789 794 828 Regum
810 790 843 820 &
854 788 1020 826 Principum
1035 782 1196 831 praecellens

0 843 44 866 An.
67 838 108 864 16.
140 830 226 863 Fama
242 833 398 868 emollitur,
415 840 448 860 ac
465 829 588 860 Utilitati
603 829 636 859 δί
651 827 858 867 Tranquillitati
872 827 1058 858 Subditorum
1075 825 1197 857 consuli-

0 881 19 905 ε,
37 887 64 911 4-
140 872 206 910 tur,
228 870 294 901 illud
316 870 493 908 praecipuurn
514 867 577 898 fore
593 866 769 904 dinoscatur,
792 875 823 897 ut
845 866 895 896 sibi
916 865 1149 903 invicem-Reges
1164 865 1197 895 ὅ(

0 915 125 941 1ranc.16.
141 908 284 947 Principes
299 908 498 938 Amicitiarum
514 907 547 938 &
558 905 776 944 Alligantiarum
790 904 970 936 indissolubili
988 903 1111 935 Foedere
1126 912 1199 934 con-

0 958 101 988 3.4.m.
136 947 148 985 j
208 955 301 984 antur,

0 1002 36 1019 ιφ,
212 986 257 1015 inc
271 983 314 1014 est
331 983 411 1023 quod
427 982 513 1020 Nos,
1129 1023 1132 1024 ⁷

176 1022 286 1054 Divini
306 1022 462 1060 opitulante
480 1020 642 1052 Clementia
654 1043 664 1059 ,
688 1020 853 1060 singularem
870 1020 1053 1057 Amicitiam,
1073 1018 1198 1063 Pacem,

139 1061 174 1092 &
189 1060 407 1099 Concordiam,
426 1060 481 1090 sive
496 1061 638 1098 Treugas‚
658 1058 948 1096 confoederationes,
967 1060 1001 1090 ὃς
1016 1057 1198 1101 Conventio-

140 1109 207 1138 nes,
226 1109 295 1130 cum
318 1099 502 1130 Sereniffimo
523 1100 540 1118 ⁸
560 1097 984 1137 PrincipevConsanguineoque
999 1096 1098 1127 nostro
1115 1105 1199 1126 caris-

139 1137 212 1168 fimo
222 1138 382 1177 cristier'no,
401 1141 512 1176 Daciae,
529 1140 651 1175 Sweciae,
669 1136 1024 1175 Norwegiae,Sclavorum,
1040 1138 1197 1165 Gottorum-

138 1187 189 1215 qne
204 1179 291 1244 ng'e,
309 1176 490 1214 contrahere,
509 1176 605 1214 easque
620 1175 817 1206 inviolabiliter
838 1175 1004 1206 conservare
1022 1175 1198 1205 intendentes

136 1216 170 1246 ὃ(
185 1225 227 1245 νο
237 1224 314 1246 entes

176 1253 280 1292 Deque
302 1237 493 1284 F’idelitatibus
507 1276 517 1291 ,
542 1251 667 1290 providis
686 1250 1002 1291 circumspectionibus
1019 1275 1028 1288 ,
1051 1251 1085 1283 &
1110 1249 1198 1281 Indu-

138 1291 231 1330 striis,
258 1292 442 1328 Diledtorum
466 1293 498 1322 ὃ(
519 1291 656 1327 Fidelium
681 1290 913 1321 Confiliariorum
932 1289 1113 1326 nostrorum,
1132 1288 1199 1319 Ma-

137 1330 214 1370 gistri
232 1330 374 1360 Willielrm·
388 1329 535 1368 Hattcliffe
544 1329 690 1360 Secretarii
703 1328 810 1367 nostri,
828 1329 861 1360 ὅ(
879 1328 1010 1367 Magistri
1023 1327 1133 1358 Roberti
1143 1331 1199 1357 Bo-

137 1368 184 1399 the
200 1369 309 1409 Legum
324 1369 480 1407 Dostoris,
500 1368 623 1407 plenarie
637 1367 830 1405 confidentes,

174 1407 251 1446 Ipsos
266 1407 376 1438 nostros
388 1416 468 1437 veros
483 1408 516 1437 &
535 1406 706 1436 indubitatos
728 1405 964 1442 Commissarios,
981 1404 1198 1443 Procuratores,

136 1445 296 1484 Deputa'tos
311 1470 321 1484 ‚
346 1447 379 1477 &
396 1445 533 1476 Nuncios
545 1445 675 1484 speciales
689 1443 836 1482 Facimus,
855 1444 1047 1481 Ordinamus‚
1066 1445 1098 1474 ὃς
1114 1442 1199 1474 Con-

134 1485 277 1515 stituimus
292 1494 339 1522 per
355 1484 523 1520 Praesentes‚

176 1523 284 1554 Dantes
305 1524 339 1553 &
361 1522 562 1553 Concedentes
583 1521 686 1552 eisdem
708 1519 930 1558 Commissariis,
946 1519 1198 1558 procuratoribus,

137 1561 302 1599 Depuraffl,
322 1562 355 1592 δι’
369 1561 493 1591 Nunciis
507 1559 608 1590 nostris
623 1560 735 1597 plenam
752 1558 925 1589 Potestatem
940 1559 972 1588 ὃς
989 1558 1200 1589 Auctoritatem

136 1610 170 1631 ac
188 1599 358 1630 Mandatum
372 1599 501 1637 generale
516 1599 549 1629 δε
565 1598 681 1635 speciale
691 1620 700 1635 ,
718 1607 771 1635 pro
780 1597 880 1628 Nobis
894 1599 927 1629 ὅτ
942 1596 1074 1640 Nomine
1088 1596 1200 1636 nostro,

136 1643 207 1668 cum
230 1636 483 1668 Ambaffiatoribus
495 1661 505 1674 ‚
532 1636 765 1671 procuratoribus
777 1658 788 1674 ,
818 1635 984 1673 Deputatis,
1002 1638 1059 1665 live
1074 1635 1201 1666 Nunciis

136 1675 360 1714 quibuscumque
372 1676 453 1714 ipsius
466 1674 635 1705 Sereniffimi
651 1674 806 1712 Principis,
822 1674 1008 1705 sufficientem
1025 1673 1200 1705 Potestatem

137 1716 173 1747 &
197 1714 407 1745 Auctoritatem
430 1716 458 1744 in
479 1724 511 1744 ea
529 1721 608 1751 parte
622 1713 806 1750 habentibus,
823 1713 860 1744 de
873 1715 906 1746 δε
920 1713 1000 1750 super
1016 1713 1151 1751 perpetua
1166 1715 1200 1745 δε

137 1752 203 1783 reali
215 1752 291 1789 Pace
313 1760 397 1791 atque
413 1751 583 1783 Concordia
596 1775 605 1790 ,
624 1751 720 1790 ngis,
738 1751 898 1791 Amicitiis,
914 1752 1052 1791 Treugis,
1071 1752 1200 1782 Guerra-

136 1801 201 1822 rum
223 1790 432 1830 Abstinentii's,
458 1790 700 1822 Mercandisariim
725 1789 882 1822 Intercursu
899 1815 908 1829 ,
933 1792 992 1821 tam
1016 1800 1064 1828 per
1077 1790 1200 1821 Terram

136 1831 226 1869 quam
246 1840 295 1870 per
318 1830 404 1861 Mare
416 1855 426 1868 ‚
453 1829 756 1860 confoederationibus
769 1829 802 1860 ὃς
817 1828 1068 1860 Conventionibus
1085 1830 1202 1867 quibus-

136 1879 282 1907 cumque,
299 1870 372 1899 inter
385 1869 472 1907 Nos,
488 1867 606 1907 Regna,
617 1868 733 1905 Terras,
752 1867 871 1905 patrias,
887 1868 920 1899 &
934 1867 1074 1898 Dominia
1089 1868 1201 1907 nostra,

135 1908 269 1938 Subditos
283 1931 294 1947 ,
321 1907 443 1938 Amicos
457 1929 468 1945 ,
487 1906 639 1946 Alligatos‚
658 1906 901 1944 Confcederatos,
919 1906 1074 1944 Faventes,
1092 1907 1124 1937 ὂ(
1139 1907 1201 1937 Ad—

135 1946 273 1976 haerentes
293 1945 406 1976 nostros
429 1945 647 1984 quoscumque,
670 1955 704 1975 ex
729 1955 808 1982 parte
824 1955 896 1983 una,
910 1946 944 1976 &
980 1947 1105 1976 rae'fatum
1120 1945 1201 1976 Sere-

135 1984 282 2015 niffimum
296 1984 461 2021 Principem
477 1984 649 2023 cristiernum
684 1983 803 2022 Regna,
817 1984 921 2014 Terras
931 2008 939 2020 ,
949 1955 1106 2022 Civitates,
1124 1984 1200 2022 Opi-

135 2023 189 2061 da,
209 2022 312 2062 Viuas,
330 2022 444 2060 Castra,
463 2022 586 2062 Patrias,
604 2024 638 2054 &
651 2006 794 2053 Dominia
809 2021 871 2060 sua,
890 2022 1025 2053 Subditos
1038 2047 1048 2062 ,
1064 2023 1202 2062 Amicos,

136 2062 274 2100 Alligatos
288 2084 298 2100 ,
325 2060 549 2092 Confoederatos
563 2085 572 2100 ,
599 2061 737 2095 Faventes
751 2084 760 2099 ,
785 2062 819 2092 δὲ
837 2060 1022 2092 Adhaerentes
1040 2062 1102 2092 suos
1115 2071 1203 2100 quos-

137 2110 265 2138 cumque
301 2109 334 2130 ex
348 2099 432 2131 Parte
445 2099 527 2130 altera
543 2123 554 2138 ,
572 2099 725 2130 Tractandi
739 2122 748 2138 ,
772 2098 991 2139 Conveniendi,
1011 2099 1203 2132 Concordan-

138 2139 185 2175 di,
203 2140 237 2170 &
255 2122 475 2176 Concludendi,

178 2177 310 2207 Necnon
337 2176 463 2215 Pacem,
489 2175 708 2215 Concordiam,
735 2176 842 2214 Ligas„
864 2176 1010 2208 Amicitias
1023 2201 1032 2215 ,
1057 2176 1205 2217 Treugas,

139 2215 315 2246 Guerrarum
327 2215 531 2253 Abstinentias,
550 2215 794 2246 Mercandisarum
812 2215 1020 2253 Intercurliim,
1039 2215 1203 2246 Confoede-

140 2256 263 2285 rationes
276 2277 286 2292 ,
312 2253 346 2284 &
363 2253 580 2284 Conventiones
602 2254 785 2292 hujusmodi,
809 2255 860 2283 viis
883 2255 917 2285 δε
941 2254 1034 2284 modis
1049 2255 1149 2293 quibus
1165 2257 1204 2286 eis

139 2293 238 2323 melius
251 2293 382 2330 expedire
396 2292 538 2324 videbitur
547 2315 557 2331 ,
574 2291 773 2324 Contrahendi
781 2315 792 2331 ,
805 2291 944 2330 Ineundi,
959 2293 1117 2331 Firmandi,
1135 2293 1202 2324 Val-

139 2331 233 2370 laudi,
251 2332 284 2362 &
300 2326 488 2370 Roborand1,

177 2370 410 2408 Attemptataque
425 2379 617 2409 quaecumque
633 2374 737 2401 c‘ontra
751 2369 875 2408 Pacem,
893 2370 1038 2408 Treuf’aS,
1053 2370 1110 2401 five
1119 2370 1204 2401 Con-

139 2409 308 2446 ventiones,
334 2410 407 2440 inter
430 2410 489 2438 Nos
513 2410 546 2439 &
568 2408 669 2438 didam
684 2408 912 2449 Confiznguineum
927 2394 1045 2448 nqffrum
1059 2418 1125 2440 ante
1140 2410 1203 2441 haec

141 2454 271 2484 tempora
287 2447 386 2485 initas,
404 2446 595 2477 Reformandi
606 2471 615 2484 ,
641 2446 950 2484 Reformationemque
965 2447 1102 2486 Petendi,
1119 2458 1204 2487 atque

137 2491 194 2554 go
209 2485 331 2524 eisdem,
345 2494 431 2522 prout
445 2486 561 2516 rationis
576 2485 675 2524 fuerit,
694 2485 885 2516 Satis-faciendi
895 2508 904 2523 ,
921 2485 1205 2525 Satisfaetionemque

0 1113 9 1131 ⁸
23 1113 92 1141 XII.

0 1161 40 1187 30.

2238 198 2287 246 71'

2303 275 2379 307 Ann.
2390 270 2431 308 D:

2321 317 2405 353 147⁶·

2299 356 2365 381 Edv.
2381 365 2410 390 4.

2293 391 2312 409 ³
2329 394 2397 423 XII.

1226 435 1345 491 REX
1363 437 1514 475 omnibus,
1528 439 1562 469 ad
1580 450 1670 478 quos,
1685 443 1744 472 διε.
1762 442 1896 474 Salutem.

1323 475 1420 505 Sciatis
1438 477 1533 513 quod,
1551 477 1585 507 de
1599 478 1696 509 Gratia
1711 481 1802 511 nostra
1823 481 1949 519 speciali,
1969 493 2002 514 ac
2027 486 2108 516 certis
2129 484 2226 517 Caufis
2246 486 2279 517 &
2295 471 2350 495 An.
2370 469 2412 497 ¹⁶·

1222 510 1502 543 Considerationibus
1518 514 1586 544 Nos
1598 516 1745 552 specialiter
1758 521 1956 557 moventibus,
1974 520 2116 554 Dedimus
2139 526 2172 556 &
2197 525 2280 554 Con·
2298 510 2325 532 E.
2340 515 2368 541 4'

1222 550 1353 627 ([ῑὲΗΠῐῐηυε
1368 552 1534 590 praedilecto
1546 554 1578 583 &
1593 552 1666 584 fideli
1681 555 1797 586 Clerico
1813 557 1911 588 nostro
1926 558 2067 597 Magistro
2076 561 2203 600 Johanni
2211 565 2282 597 Rus-⁷
2297 548 2353 571 Ρη
2366 545 2409 573 ¹6¹

2301 587 2330 609 E.
2339 592 2366 617 4..
2375 590 2413 619 p.1
2421 606 2427 611 .

1261 628 1309 659 Ad
1322 628 1663 672 'Recommendationern
1689 630 1832 670 nostram,
1848 634 2035 673 jamdudum,-
2055 644 2085 666 ut
2108 639 2283 677 accepimus,
2303 630 2339 649 m·
2363 631 2407 649 ¹⁰⁶

1225 665 1259 695 ad
1272 666 1473 706 Episcopatum
1490 668 1661 698 Roffensem
1671 691 1680 705 ,
1701 679 1749 705 per
1765 669 1992 702 Tranilarionem
2008 673 2176 705 Venerabilis
2192 677 2281 707 Patris

1225 703 1367 742 Johannis
1383 716 1472 750 nuper
1487 707 1609 746 Epifiopi
1621 707 1750 746 Roffinfis
1769 709 1803 738 ad
1818 708 1972 741 Ecclesiam
1988 711 2218 749 wigorniensem
2228 737 2238 752 ,
2253 716 2283 745 in

1226 743 1363 774 Romana
1378 743 1480 781 Curia,
1498 755 1663 784 vacantem,
1682 755 1841 785 promoto,

1263 781 1432 813 Custodiam
1447 785 1580 813 omnium
1594 783 1813 822 Temporalium
1829 785 1911 823 ipsius
1930 785 2114 825 Episcopatus
2128 785 2283 828 Roffensis,

1227 822 1334 852 ratione
1349 821 1554 853 Transsationis
1571 823 1604 854 &
1623 822 1784 854 Vacationis
1799 825 2014 864 praedictarum,
2032 828 2061 856 in
2078 827 2212 858 Manibus
2229 839 2285 859 no-

1229 859 1290 889 stris
1304 859 1498 899 existentium,

1261 898 1434 929 Habendam
1454 900 1488 930 &
1510 899 1681 931 Tenendam
1701 899 1870 931 Custodiam
1886 901 1980 941 illam,
1997 912 2065 933 cum
2081 903 2217 933 omnibus
2230 903 2288 934 Ex-

1226 937 1326 975 itibus,
1343 935 1500 975 Proflcuis,
1520 938 1749 969 Reventionibus
1792 939 2003 971 Emolumentis
2015 964 2026 979 ,
2040 940 2170 980 Juribus‚
2185 942 2286 973 Advo-

1226 975 1384 1006 cationibus
1404 974 1612 1015 Ecclefiarum,
1630 961 1849 1008 Praeberid'arum
1865 1003 1874 1015 ,
1894 978 2072 1018 Capellarum
2087 1003 2096 1018 ,
2118 981 2150 1012 &
2171 979 2288 1010 aliorum

1231 1012 1439 1045 Beneficiorum
1455 1024 1721 1054 quorumcumque,
1739 1017 1773 1047 &
1791 1018 1898 1048 caeteris
1915 1019 2086 1055 pertinentiis
2107 1018 2290 1058 quibuscum-

1231 1061 1305 1090 que,
1323 1052 1419 1097 eidem
1429 1052 1608 1096 Episcopatui
1626 1055 1826 1092 pertinentibus
1840 1055 1896 1086 sive
1909 1057 2097 1094 speetantibus
2106 1080 2116 1096 ,
2130 1067 2145 1087 a
2159 1066 2289 1095 tempore

1231 1089 1391 1135 Vaca'tionis
1411 1091 1534 1129 ejusdem
1552 1092 1756 1131 Episcopatus,
1774 1094 1808 1124 δε
1831 1095 1966 1132 quamdiu
1989 1095 2174 1133 Temporalia
2193 1095 2237 1126 illa
2261 1097 2306 1126 in·

1230 1127 1366 1160 Manibus
1385 1130 1487 1160 nostris
1508 1131 1564 1162 esse
1589 1132 1761 1171 contigerint
1779 1139 1826 1162 aut
1847 1132 1904 1164 esse
1917 1133 2080 1170 debuerint,
2098 1135 2176 1173 absq3
2194 1134 2290 1172 aliquo
2317 1140 2319 1142 ’

1229 1166 1329 1211 Nobis
1344 1167 1489 1199 reddendo
1499 1193 1508 1207 ,
1526 1170 1559 1201 ὃ(
1575 1169 1678 1208 absque
1693 1171 1785 1208 aliquo
1800 1169 1955 1210 Compoto
1971 1172 2015 1203 seu
2034 1172 2199 1203 Ratiocinio
2220 1172 2292 1203 No-

1228 1205 1271 1235 bis
1284 1206 1351 1236 inde
1369 1207 1515 1245 faciendo,
1530 1218 1583 1246 eo,
1599 1209 1679 1247 quod
1693 1208 1815 1247 expreffa
1839 1211 1948 1241 mentio
1969 1211 2005 1242 de
2025 1219 2095 1241 vero
2118 1211 2223 1242 Valere
2240 1220 2290 1241 ana

1229 1253 1288 1288 nuo
1304 1243 1538 1284 Praemifforum,
1555 1247 1600 1277 seu
1615 1248 1709 1284 aliquo
1724 1248 1779 1278 alio
1802 1247 1907 1280 Valore
1926 1248 2152 1287 praemissorum,
2171 1249 2216 1280 seu
2241 1249 2291 1280 ali-

1230 1292 1310 1320 cnjus
1324 1292 1426 1313 eorum
1436 1306 1445 1321 ,
1462 1293 1510 1315 aut
1525 1284 1560 1314 de
1574 1285 1630 1315 aliis
1645 1285 1738 1315 Donis
1753 1286 1810 1317 five
1824 1286 2067 1318 Conceffionibus
2083 1288 2176 1319 eidem
2192 1288 2290 1326 praefa-

1229 1329 1260 1351 to
1275 1320 1392 1351 Clerico
1408 1321 1508 1352 nostro
1524 1332 1574 1362 per
1589 1323 1658 1354 Nos
1675 1333 1738 1354 ante
1751 1325 1813 1356 haec
1830 1334 1958 1364 tempora
1981 1326 2077 1365 saetis,
2097 1329 2128 1358 in
2150 1327 2293 1365 praesenti-¹

1229 1360 1280 1404 bus
1295 1360 1416 1404 minime
1433 1360 1630 1404 faetahexistin
1645 1370 1690 1392 aut
1706 1363 1802 1402 aliquo
1823 1363 1950 1402 Statuto'²
1974 1365 2068 1403 Aeta,
2085 1366 2143 1397 five
2169 1364 2293 1396 Ordina-

1228 1406 1326 1436 tione,
1341 1408 1370 1428 in
1394 1407 1566 1429 contrarium
1591 1400 1687 1438 fasto,
1700 1401 1777 1432 edito
1788 1425 1797 1440 ,
1815 1402 1872 1433 five
1891 1404 2041 1442 ordinato,
2058 1413 2107 1436 aut
2129 1402 2223 1443 aliqua
2239 1402 2292 1434 alia

1232 1436 1296 1504 Rri,
1314 1435 1423 1480 Causd,
1431 1437 1487 1506 &el
1501 1436 1624 1469 Materia
1639 1449 1818 1480 quacumque
1828 1463 1839 1479 ,
1856 1451 1916 1472 non
1928 1441 2069 1473 obstante.

1283 1485 1302 1504 n
1315 1484 1393 1513 cnjus
1404 1499 1413 1512 ‚
1466 1485 1493 1506 c.

1268 1512 1358 1543 Teste
1373 1513 1456 1552 Rege
1471 1513 1545 1554 apud
1558 1514 1690 1554 Bukden,
1710 1516 1786 1547 sexto
1804 1516 1863 1548 Die
1875 1511 2058 1557 Septembris.

1925 1593 1978 1623 Per
1994 1594 2075 1633 ipfi'mi
2088 1597 2191 1633 Regem.

1388 1715 1438 1750 De
1455 1718 1649 1752 Austoritate
1665 1718 1710 1752 ad
1725 1718 1918 1753 Fidelitatem
1937 1719 2146 1767 recipoendam.

1232 1801 1347 1860 REX
1357 1825 1367 1839 ,
1377 1801 1627 1849 Reverendiffimo
1639 1802 1797 1849 inChristo
1809 1804 1882 1849 Patri
1892 1805 2014 1849 ,Thgomae
2027 1803 2170 1849 Cardirfali
2180 1804 2299 1835 Archie-
2318 1810 2394 1841 Am,
2404 1809 2448 1840 D‘,

1283 1880 1288 1885 ι
1295 1840 1398 1879 pifiopo
1407 1842 1612 1886 cantuarienfi,
1621 1843 1826 1886 *totius-Antrhae
1837 1843 1961 1882 Priman,
1968 1843 2188 1882 Confiinguineo
2197 1843 2297 1874 nostro
2338 1850 2421 1888 1476,

1231 1879 1375 1910 carissimo
1387 1901 1397 1918 ,
1415 1889 1448 1910 ac
1466 1879 1627 1911 Venerabili
1643 1880 1715 1912 Patri

1233 1919 1253 1950 S
1270 1918 1277 1948 l
1768 1881 1869 1912 ohanm‘
1885 1883 1996 1913 Abbati·
2012 1882 2281 1923 W'estmonasterienfi
2289 1905 2298 1921 ,
2317 1894 2368 1917 Aa,
2392 1891 2433 1917 16,

1254 1928 1268 1948 a
1279 1927 1368 1948 utem.

1273 1956 1369 2002 Sciatis
1387 1956 1482 1995 quod,
2317 1933 2395 1995 ῗόῗῑιζ

1272 1994 1352 2025 Cum
1368 2018 1377 2033 ,
1404 2004 1432 2026 ut
1451 1996 1614 2035 accepimus
1629 2016 1640 2035 ,ν
1663 1997 1857 2029 Sanffiffimus
1876 1997 2022 2027 Dominus
2043 1998 2077 2028 &
2103 1996 2187 2028 Pater
2204 1997 2300 2028 noster

1232 2035 1328 2063 Sixtus
1348 2036 1424 2072 Papa
1444 2034 1597 2064 modernus
1610 2058 1619 2073 ,
1643 2035 1678 2066 ad
1698 2036 2027 2067 Recommendationem
2044 2035 2169 2067 nostram
2185 2059 2195 2074 ,
2221 2036 2300 2066 Prae-

1233 2073 1374 2103 dileehim
1401 2073 1435 2103 &2
1460 2072 1587 2103 Fidelem
1615 2072 1764 2104 Clericum
1791 2074 1923 2105 nostrum
1951 2074 2122 2113 Magistrum
2142 2074 2302 2112 Jokannem

1233 2110 1337 2150 Ruffill
1350 2111 1385 2141 ad
1403 2110 1559 2142 Ecclesiam
1588 2111 1762 2143 Roffensem
1776 2136 1785 2149 ,
1804 2123 1862 2151 ,per
1879 2113 2109 2144 Transsationem
2128 2113 2303 2144 Venerabilis

1236 2148 1324 2180 Patris
1338 2149 1479 2188 Johannir
1494 2160 1583 2187 nuper
1604 2151 1724 2190 Epifiopi
1745 2151 1870 2192 Roffinfis
1892 2153 1926 2182 ad
1943 2152 2099 2183 Ecclesiam
2113 2152 2159 2183 W
2161 2153 2304 2191 igorniem

1234 2188 1293 2218 sem
1308 2189 1336 2218 in
1352 2188 1487 2218 Romana
1501 2188 1591 2220 Curia
1606 2199 1771 2227 vacantem,
1789 2192 1954 2228 promovit,

1274 2227 1309 2257 N
1311 2227 1409 2265 os,ob
1422 2227 1540 2265 grandes
1551 2226 1654 2258 Causas
1670 2229 1703 2259 ὃς
1718 2228 1966 2260 considerationes
1982 2229 2052 2259 Nos
2068 2228 2222 2266 specialiter
2238 2238 2302 2259 mo-
2354 2231 2357 2233 '

1237 2273 1353 2303 ventes,
1372 2265 1408 2296 de
1424 2265 1574 2296 Fidelitate
1587 2266 1620 2296 &
1637 2266 1757 2304 provida
1771 2266 2038 2305 Circumspeeuone
2052 2267 2144 2298 vestra
2158 2269 2192 2298 &
2205 2267 2304 2298 utrius-

1233 2314 1291 2343 que
1312 2303 1440 2335 vestrum
1461 2305 1702 2343 quamplurimtim
1726 2305 1904 2337 confidentes
1920 2329 1929 2344 ,
1949 2305 2160 2345 Assigriavimus
2182 2315 2249 2343 VOS,
2267 2315 2300 2336 ac

1234 2343 1318 2373 vobis
1333 2344 1367 2380 &e
1383 2344 1493 2381 utrique
1511 2342 1656 2380 vestrum,
1675 2345 1854 2382 conjunffltn
1877 2346 1910 2376 &
1926 2344 2058 2382 divisim,
2077 2345 2190 2381 plenam
2214 2344 2302 2375 Pote-

1237 2381 1338 2412 statem
1353 2383 1386 2412 &
1404 2381 1614 2413 Auctoritatem
1630 2382 1741 2412 Damus
1757 2383 1791 2414 &
1805 2382 2048 2420 Committimus,
2065 2384 2124 2414 tam
2138 2384 2173 2413 ad
2196 2382 2304 2413 Literas

1238 2419 1418 2458 Apostolicas
1440 2420 1634 2458 quascumque
1650 2440 1660 2459 ,-
1684 2421 1782 2452 Nobis
1802 2421 1920 2452 directas
1935 2445 1943 2456 ,
1968 2421 2050 2461 ipsius
2080 2420 2196 2461 Clerici*
2215 2420 2306 2452 nostri

1237 2458 1463 2490 Promotionem
1479 2459 1664 2496 supradictam
1689 2465 1894 2491 concernentes
1932 2459 2159 2498 Recipiendum‚
2176 2461 2211 2491 &
2232 2462 2306 2496 Ape-

1236 2497 1387 2536 riendum,
1407 2498 1495 2536 quam
1511 2497 1545 2527 ad
1561 2497 1736 2529 Fidelitarern
1750 2499 1873 2535 eiusdem
1894 2483 2001 2529 Clerici
2016 2508 2046 2529 ut
2061 2499 2182 2538 Epifiopi
2198 2497 2307 2537 Roffin-

165 2523 304 2554 0stu¹²⁰dl
325 2525 358 2553 ὅ(
379 2523 516 2563 EXlgendi
533 2549 542 2562 ²
565 2523 745 2564 Novamque
765 2523 884 2556 Die-tam
899 2524 955 2555 slve
970 2524 1071 2556 Diem-5
1085 2526 1206 2564 APPUU·
1229 2535 1287 2576 fis,
1307 2536 1407 2567 Nobis
1422 2537 1527 2566 ratione
1543 2535 1732 2574 Episcopatus
1746 2537 1894 2568 Roffensis
1911 2536 2069 2568 faciendam
2081 2561 2090 2575 ,
2107 2537 2307 2575 Capiendum,

140 2561 256 2593 &nandi
271 2563 304 2593 &
319 2562 482 2601 statuendi,

178 2599 347 2639 Caeteraque
361 2602 459 2632 omnia
472 2602 505 2632 &
522 2601 638 2640 singula,
658 2611 724 2639 quae
739 2602 767 2631 in
784 2600 936 2631 Praemiffis
949 2601 996 2633 seu
1011 2603 1087 2632 circa
1109 2612 1141 2633 ea
1158 2610 1206 2634 aut

142 2643 243 2669 eorum
257 2639 372 2679 aliquod
386 2639 532 2671 necessaria
548 2640 651 2670 fuerint
662 2640 708 2670 seu
726 2638 945 2678 quomodolibet
965 2650 1107 2678 oportuna
1121 2664 1130 2679 ,
1154 2641 1207 2671 Fa-

142 2677 236 2708 ciendi
249 2694 259 2714 ,
281 2677 456 2709 Excerce‘ndi'
470 2703 479 2716 ,
504 2679 538 2710 &
557 2678 726 2717 Exequendi
741 2701 752 2717 ,
768 2678 853 2709 etiam
871 2678 891 2708 si
906 2678 968 2709 talia
984 2679 1037 2710 sitit
1051 2689 1117 2718 quae
1132 2679 1167 2710 de
1182 2679 1208 2711 se

142 2715 314 2746 Mandatum
330 2718 440 2755 exigant
455 2718 546 2754 magis
559 2717 690 2755 speciale,

181 2753 383 2785 Promittentes
397 2778 407 2794 ,
432 2755 510 2786 bona
530 2756 599 2787 Fide
617 2757 651 2787 ὅτ».
671 2756 701 2785 in
721 2751 822 2789 Verbo
844 2755 939 2794 Regio
953 2780 963 2793 ,
988 2755 1058 2787 Nos
1081 2755 1207 2794 Ratum,

144 2792 268 2823 Gratum
283 2815 293 2830 ,
315 2793 347 2823 &
362 2793 492 2824 Firmum
515 2804 567 2831 pro
581 2800 719 2832 perpetuo
733 2793 879 2824 habituros
893 2803 987 2825 torum
1003 2795 1036 2825 &
1055 2795 1208 2834 quicquid,

143 2830 222 2868 quod
241 2840 290 2868 per
314 2831 445 2868 praesatos
469 2831 688 2862 Commiffirios
701 2856 711 2870 ,
734 2832 935 2863 Procuratores
949 2857 958 2870 ‚
983 2833 1160 2872 DeputatOS,
1177 2835 1210 2865 &

144 2869 181 2900 N
182 2870 282 2938 uffincios
295 2869 408 2900 nostros
421 2870 530 2902 Acium
541 2892 551 2908 ,
568 2870 714 2908 Gestum,
731 2870 777 2901 seu
792 2869 983 2904 Procuratum
995 2872 1078 2904 fuerit
1094 2873 1124 2903 in
1134 2873 1212 2903 Prae-

147 2913 188 2938 ml
222 2918 242 2937 Sa

184 2945 219 2976 In
239 2946 333 2984 cujus,
349 2947 411 2978 ὅτε.
889 2980 892 2983 ,

183 2984 273 3015 Teste
288 2984 370 3024 Rege
384 2984 458 3023 apud
473 2983 731 3026 Wstmmasterium
740 3006 750 3023 ,
766 2992 849 3016 nono
866 2985 926 3016 Die
939 2983 1017 3023 Julii.

886 3062 941 3090 Per
956 3059 1108 3091 Concilium.

331 3190 389 3222 Pro
408 3187 566 3222 Lodowico
581 3183 731 3230 Fratrem,
759 3185 796 3219 de
816 3184 1038 3232 Aequietanda.

8 3282 86 3314 Ann.
97 3280 137 3311 D.
215 3274 372 3316 Dwardux,
392 3277 450 3308 Dei
463 3277 566 3315 gratia,
584 3279 644 3307 Rex
660 3274 786 3314 Angliae‚
805 3275 865 3311 &c.
883 3275 1016 3307 universis
1031 3276 1065 3306 δε
1085 3276 1215 3316 singulis,

28 3320 116 3360 1476.
235 3317 380 3352 praesentes
399 3315 505 3346 Literas
524 3315 630 3351 nostras
650 3315 828 3353 inspecturis,
846 3315 980 3345 Salutem.

9 3364 61 3388 An,
83 3360 126 3387 16,
196 3352 291 3384 Sciatis
302 3353 369 3384 Nos
377 3354 504 3394 Recepiffi²
518 3355 551 3385 ὃ(
561 3352 690 3393 Habutffi’
699 3376 708 3392 ,
725 3353 785 3383 Die
800 3353 1000 3383 Confeejtionis
1014 3352 1198 3383 Praesentium
1208 3376 1217 3391 ,

11 3403 41 3426 E.
62 3407 90 3434 4,
160 3389 195 3420 ab
210 3389 393 3423 Illustriffimo
410 3394 442 3424 &
457 3392 656 3423 Potentiffimo
677 3392 809 3431 Principe
826 3393 971 3422 Loabwito
989 3394 1111 3421 Franciae
1132 3391 1216 3422 Con—

11 3436 76 3466 md,
90 3446 125 3466 m,
160 3428 313 3466 sanguineo
327 3430 423 3466 nostro
438 3431 597 3469 cariffimo,
616 3441 665 3468 per
680 3428 786 3460 Manus
808 3430 944 3460 Gualselm
966 3430 1071 3470 Restou:
1082 3453 1090 3467 ,
1111 3434 1219 3468 Viginti

13 3482 39 3509 ς,
162 3466 345 3535 &AEugi'qub
356 3469 451 3501 Malia
463 3474 627 3500 Coronarum
640 3473 735 3507 Auri,
750 3470 778 3499 in
795 3469 881 3500 Festo
900 3469 1013 3499 Paschae
1031 3470 1131 3499 ultimo
1146 3479 1219 3508 prae-

161 3514 242 3536 terito
300 3507 362 3536 obis
386 3507 454 3538 solvi
474 3510 648 3546 debitarum,
664 3510 692 3538 in
713 3508 825 3538 Partem
841 3507 994 3538 Solutionis
1009 3507 1218 3548 Qinquaginta

163 3543 287 3574 Millium
307 3548 470 3576 coronarum
485 3551 562 3577 Auri
575 3548 719 3578 annuatim
738 3546 835 3577 Nobis
849 3546 1063 3584 solvendarum,
1082 3556 1167 3584 prout
1190 3548 1220 3577 in

159 3582 260 3613 Literis
274 3581 420 3619 superinde
433 3585 572 3616 eonfeffls
586 3586 695 3623 plenius
707 3586 868 3616 continetur

197 3621 243 3652 Dc
257 3622 357 3658 quibus
372 3621 484 3659 quidem
498 3626 602 3660 Viginti
617 3622 654 3658 &
670 3624 799 3663 Qinque
818 3608 943 3653 Millihus
955 3627 1119 3653 Coronarum
1142 3627 1219 3654 Auri

161 3659 281 3691 fatemur
297 3658 395 3701 Nobis
406 3658 523 3690 fideliter
537 3662 592 3691 effe
606 3661 741 3692 Solutum
750 3683 760 3699 ,
775 3663 809 3692 &
823 3662 948 3692 eundem
965 3660 1221 3699 Confinguineum

163 3698 294 3729 nostrum
309 3697 454 3734 superinde
470 3698 532 3728 fore
548 3699 699 3736 Quietum.

201 3736 234 3767 In
247 3737 324 3775 cujus
342 3735 397 3767 Rei
409 3734 626 3766 Testimonium
640 3737 688 3768 has
704 3736 811 3767 Literas
831 3735 936 3767 nostras
950 3736 1010 3768 fieri
1029 3737 1150 3770 fecimus
1166 3739 1221 3770 Pa-

163 3783 262 3806 tentes,

203 3813 272 3844 Dat.
297 3812 371 3851 apud
392 3812 512 3853 Castrum
535 3811 651 3851 nostrum
676 3811 708 3840 de
727 3812 890 3852 Fodringhey
904 3836 912 3849 ,
930 3812 1033 3843 ultimo
1056 3814 1114 3846 Die
1136 3816 1224 3855 Julii‚

165 3850 254 3883 Anno
277 3851 373 3890 Regni
397 3851 484 3882 nostri
505 3850 723 3886 Sextodecimo,
740 3851 772 3880 &
794 3851 883 3882 Anno
904 3850 1029 3882 Domini
1045 3852 1224 3894 Millelimo,

167 3888 469 3930 Qadringemefim0‚
487 3888 698 3927 Septuagesimo
713 3887 798 3918 sexto.

577 3966 630 3995 Per
641 3963 723 4003 ipsum
735 3967 830 4003 Regem
840 3987 851 4004 ‚
867 3964 905 4001 ό
920 3966 952 3996 de
969 3969 1040 3998 Dat.
1058 3967 1120 4004 &c‚

1239 2574 1540 2613 Renunciationesque
1554 2575 1744 2614 quascumque
1781 2585 1847 2613 quas
1868 2577 1897 2605 in
1921 2586 1952 2606 ea
1972 2585 2047 2612 parte
2064 2576 2156 2607 facere
2171 2575 2307 2614 voluerit,

1239 2612 1377 2643 Nomine
1392 2613 1492 2644 nostro
1506 2614 1540 2644 &
1555 2623 1608 2650 pro
1626 2613 1727 2644 Nobis
1745 2598 1955 2652 Recipiendum
1971 2615 2005 2644 &
2021 2614 2256 2653 Accemandum,
2273 2624 2307 2657 ac

1240 2652 1330 2691 ipsum
1347 2651 1458 2682 Gratiae
1477 2651 1582 2682 nostrae
1595 2653 1624 2681 iri
1637 2662 1669 2683 ea
1685 2661 1762 2689 parte
1778 2653 2019 2690 Admittendum3

1277 2690 1314 2720 Et
1338 2690 1407 2721 ideo
1434 2691 1518 2721 vobis
1545 2690 1578 2720 &
1603 2692 1713 2730 utrique
1735 2691 1863 2722 vesttsim
1888 2690 2061 2721 Mandamus
2080 2691 2160 2729 quod
2180 2690 2308 2721 Fidelita-

1241 2738 1301 2773 tem
1319 2730 1353 2760 ἀ
1371 2728 1615 2760 Renunciationes
1630 2730 1777 2767 praedic‘tas
1792 2753 1801 2768 ,
1827 2731 1856 2761 in
1880 2730 1973 2760 forms
1998 2730 2138 2768 praemissfi.
2154 2754 2163 2768 ,
2190 2731 2310 2768 recipia-

1243 2777 1278 2798 tis

1279 2789 1334 2844 Et,
1350 2806 1420 2836 crim
1437 2814 1481 2835 eas
1495 2807 1670 2844 receperitis,
1687 2806 1787 2837 Nobis
1804 2805 1889 2844 inde,
1907 2807 1935 2836 in
1952 2805 2126 2837 Cancellarii
2139 2805 2312 2845 nostrfi,sub

1244 2844 1345 2882 Sigillis
1371 2843 1488 2882 vestris,
1507 2853 1554 2875 aut
1579 2845 1687 2875 alterius
1710 2843 1838 2875 vestrum
1863 2844 1980 2882 Sigillo,
1998 2845 2132 2875 <intinere
2148 2847 2181 2875 ὅ(
2198 2846 2311 2881 aperte,

1247 2884 1303 2913 fine
1322 2883 1476 2920 dilatione,
1495 2883 1669 2920 certificetis,
1687 2884 1743 2913 una
1767 2892 1836 2913 cum
1858 2883 2038 2920 praesentibus
2057 2884 2090 2913 &
2115 2883 2214 2913 Literis
2230 2882 2310 2920 Apo-

1248 2921 1355 2952 stolicis
1378 2923 1557 2960 memorati53
1576 2930 1623 2960 ut,
1643 2931 1691 2959 per
1715 2920 1960 2952 Certificationem
1983 2920 2124 2958 vestram,
2141 2931 2187 2951 aut
2202 2921 2311 2951 alterius

1244 2959 1392 2998 vestrum,
1408 2969 1438 2990 ut
1462 2960 1625 2997 praefertur,
1643 2960 1746 2997 absque
1768 2960 1862 2997 aliquo
1883 2960 1938 2990 alio·
1958 2959 2101 2990 Waranto
2125 2961 2153 2989 in
2177 2970 2207 2990 m
2231 2969 2308 2996 parte

1246 2998 1460 3036 prosequendo,
1478 2999 1570 3029 dietus
1585 2999 1714 3028 Clericus
1734 2998 1829 3036 noster
1850 2997 2074 3028 Restitutionem
2087 2997 2307 3038 Temporalium
2403 3031 2405 3033 ¹

1246 3036 1407 3106 lsiujusmodi
1422 3038 1544 3075 recipere
1562 3038 1582 3056 ²*
1599 3036 1686 3068 valeat
1701 3037 1734 3068 &
1752 3037 1854 3067 habere
1871 3046 1920 3075 per
1930 3035 2028 3068 Brevia
2042 3038 2072 3067 in
2084 3037 2142 3068 hoc
2158 3037 2221 3068 casu
2237 3045 2308 3066 con·
2325 3033 2344 3052 ³¹²
2365 3034 2433 3063 XI!-

1260 3083 1332 3106 ueta.
2327 3083 2370 3109 3¹·

1285 3112 1318 3143 In
1334 3114 1412 3150 cujus
1422 3137 1430 3150 ,
1449 3114 1509 3144 &c.
1849 3146 1851 3148 ,

1282 3151 1374 3183 Teste
1391 3151 1474 3192 Rege
1492 3150 1566 3190 apud
1582 3151 1713 3191 Bukden,
1728 3151 1806 3182 sexto
1826 3150 1884 3182 Die
1901 3150 2083 3191 Septembris.

1937 3230 1991 3258 Per
2005 3227 2087 3271 ipfiom
2101 3229 2205 3264 Regem.

1426 3353 1475 3384 De
1495 3348 1684 3393 Restitutione
1710 3352 1931 3397 Dmporalium
1949 3347 2126 3383 Landaven.

1253 3435 1390 3493 REX,
1407 3433 1550 3467 Escaetori
1563 3435 1614 3465 suo
1629 3436 1656 3465 in
1670 3435 1821 3467 Comitatu
1834 3434 2066 3472 Herefordiae,ac
2080 3432 2218 3466 Marchiis
2227 3434 2312 3468 Wal-
2333 3451 2397 3482 An„
2417 3445 2452 3481 D

1332 3475 1378 3505 liae
1391 3475 1485 3505 eidem
1500 3473 1656 3504 Comitatui
1670 3475 1874 3511 adiacentibus,
1893 3473 2026 3503 Salutem.
2348 3500 2360 3520 Ι
2389 3475 2425 3518 ,,“6
2451 3471 2459 3479 ’

1289 3512 1370 3544 Cum
1388 3513 1534 3543 Dominus
1554 3516 1646 3542 Simus
1665 3517 1784 3542 Summin·
1807 3509 1935 3549 Pontifex
1948 3534 1958 3549 ,
1984 3520 2073 3551 nuper
2094 3520 2213 3542 vacante
2237 3512 2309 3543 Sede
2323 3500 2437 3556 ‘4524'16‘

1249 3550 1407 3591 Episcopali
1430 3551 1567 3581 Eccleliae
1593 3551 1765 3581 Cathedralis
1795 3549 1980 3579 Landavensis
1995 3574 2004 3587 ‚
2039 3559 2087 3586 per
2117 3550 2248 3580 L2beram
2272 3552 2305 3581 &
2328 3571 2346 3594 E
2369 3551 2390 3601 '4
2433 3550 2439 3557 '

1249 3590 1429 3627 spontaneam
1451 3588 1617 3619 Ceffionern
1641 3587 1810 3619 Venerabilis
1834 3586 1891 3617 Viri
1916 3587 2015 3618 Fratris
2032 3587 2174 3626 Johanms
2191 3590 2310 3618 Huna'en
2325 3589 2379 3633 [bid
2396 3590 2399 3594 ’

1250 3628 1374 3665 ejusdem
1390 3627 1525 3658 Eccleiiae
1539 3628 1630 3656 ultimi
1646 3626 1766 3656 Pastoris
1781 3626 1815 3655 &
1838 3625 1991 3664 Episcopi,
2008 3625 2161 3657 Personam
2186 3626 2311 3658 Venera-
2383 3626 2390 3632 '

1253 3667 1316 3696 bilis
1332 3666 1392 3696 Viri
1412 3665 1541 3701 Magistri
1555 3664 1697 3701 Jolmnm's
1717 3663 1826 3704 Smyth,
1846 3665 1875 3694 in
1896 3664 2060 3704 Theologia
2081 3666 2264 3704 Profciioris‚
2284 3676 2313 3696 e-

1249 3705 1357 3743 jusdem
1374 3703 1507 3733 Ecclei'iae
1523 3702 1630 3738 Elem,
1652 3703 1679 3730 in
1701 3702 1782 3738 ipsius
1804 3701 1941 3733 Ecclefiae
1962 3702 2136 3742 Episcopum
2158 3704 2315 3740 praefecerit

1255 3744 1288 3773 &
1312 3742 1470 3778 Pastorem,
1490 3742 1563 3782 iicut„
1579 3750 1627 3782 per
1648 3740 1753 3769 Literas
1777 3738 1894 3772 Ennaeas
1916 3742 1997 3777 ipfius
2015 3743 2130 3773 Summi
2150 3740 2315 3782 Ponrffleis,

1255 3787 1326 3849 qual}
1336 3782 1391 3811 una
1405 3789 1473 3811 cum
1488 3779 1670 3816 praelentlbus
1684 3779 1840 3817 mittimus,
1860 3780 1991 3811 constare
2005 3782 2125 3819 poterit,

1330 3830 1364 3849 os

1295 3857 1354 3887 Pro
1370 3841 1406 3886 εἷο
1418 3855 1498 3895 quod
1514 3855 1589 3884 idem
1604 3852 1716 3883 Eletius
1737 3855 1875 3886 omnibus
1897 3857 1931 3887 δε
1953 3856 2062 3894 singulis
2082 3855 2197 3893 Verbis,
2216 3855 2318 3888 Nobis

1255 3896 1288 3928 δέ
1304 3895 1433 3926 Corona:
1450 3893 1552 3923 nostrae
1569 3892 1815 3932 praejudicialibus,
1833 3896 1862 3924 in
1884 3895 1967 3925 dictis
1985 3894 2087 3924 Literis
2108 3892 2221 3925 Bullatis
2244 3905 2322 3926 con-¹

1255 3936 1352 3970 tentis,
1372 3942 1469 3963 coram
1486 3930 1584 3971 Nobis
1606 3931 1698 3967 palam
1717 3933 1751 3963 &
1770 3932 1894 3970 expresse
1915 3932 2126 3970 Renunciavit,
2143 3932 2176 3962 &
2205 3932 2316 3965 Gratiae

1256 3972 1360 4003 nostrae
1378 3969 1519 4001 humiliter
1533 3972 1560 3998 ie
1576 3969 1718 4008 submisit,
1737 3970 1864 4001 volentes
1877 3979 1945 4000 cum
1962 3980 1998 4000 eo
2021 3971 2049 4000 in
2071 3970 2126 4001 hac
2146 3979 2224 4008 parte
2236 3982 2319 4013 agere

1279 4020 1378 4041 famose

1258 4020 1277 4050 g
1297 4032 1434 4085 Cepin’ius
1456 4044 1629 4076 Fidelitatem
1648 4045 1724 4085 ipsius
1749 4045 1858 4084 Elem,
1872 4047 1906 4078 &
1930 4045 2113 4085 Temporalia
2134 4047 2321 4088 Episcopatus

1244 4087 1343 4123 ¹illius,
1362 4094 1446 4123 prout
1461 4085 1551 4114 moris
1568 4083 1627 4124 est,
1641 4084 1832 4117 Reiutiumus
1846 4084 1957 4121 eidem,
2287 4123 2310 4153 E

2314 4134 2325 4155 t
