2555 4266
64 1985 87 2005 ο
101 1986 157 2014 xi.

62 2031 134 2061 με·

68 3149 148 3181 'Ann.
156 3147 198 3181 D.

67 3188 184 3264 24¹,ff53862
215 3217 359 3250 Crakowe
377 3217 447 3247 infra
460 3216 600 3253 Regnum
617 3215 764 3253 Poloniae,
784 3217 945 3260 accepimus
961 3219 1041 3257 quod
1056 3220 1113 3259 ipse
1127 3223 1268 3260 quendam

69 3270 105 3294 H.
119 3267 146 3294 6.

69 3307 161 3331 Franc.

71 3343 119 3378 36.
132 3346 166 3369 H.
177 3343 204 3371 6.

68 3389 108 3410 m.
126 3389 169 3408 12.

816 184 926 225 ET
1008 186 1264 229 ACTA

72 260 152 292 Arm.
163 261 206 293 D.
260 263 436 297 'Anthonium
453 267 605 311 Haverjon,
621 265 807 307 Praepositum
827 269 962 301 Ecclesiae
984 270 1151 312 Collegiatae
1165 273 1195 303 in
1212 272 1284 304 Villa

71 301 183 368 Egi-'52-
223 303 372 337 Montium
387 306 415 335 in
432 305 582 342 Hanonia,

254 343 293 374 Et
312 343 456 373 Ricardum
474 343 611 382 Pinchon‚

252 380 433 413 consiliarios
451 391 458 411 ε

252 418 427 457 Magistros,

251 459 364 487 Petrum
384 457 484 496 Milet,

253 494 438 526 :theodoricum
451 498 484 527 de
503 500 599 536 Vitry,

251 531 292 563 Et
308 537 438 566 Simonem
457 536 489 565 de
507 535 532 565 le
550 534 673 579 Kerqstq,

251 570 419 604 Secretarios
437 574 564 613 praedieti
582 573 691 610 Ducis,
839 610 845 615 .
955 611 980 620 ..
1084 612 1089 618 ²
1143 614 1148 619 Ι

252 609 321 641 Nos
352 613 393 642 ob
406 613 517 644 causam
531 611 693 650 praedietam
703 633 712 646 ,
731 609 858 640 Personis
873 610 996 647 superius
1009 621 1161 644 nominatis
1174 614 1207 644 &
1226 624 1275 644 eo-

214 656 279 678 rum
305 635 420 682 cuilibet
442 650 584 681 Dedimus
601 650 633 679 &
654 647 874 686 Concessimus,
892 649 1060 689 Damusque
1074 651 1108 681 &
1125 651 1275 696 Concedi-

216 695 282 718 mus
319 699 367 726 per
381 690 545 726 Praesentes,
563 697 615 725 pro
632 686 693 723 ipsis
708 686 741 716 &
753 687 810 716 aliis
823 687 875 717 suis
889 687 1048 727 Gentibus,
1069 689 1276 729 Familiaribus,

215 724 250 754 ὅ(
272 710 474 765 S’ervitoribus,
491 726 526 756 de
544 734 644 755 eorum
671 723 837 763 Comitiva,
857 725 941 764 usque
954 727 988 757 ad
1007 728 1175 759 Numerum
1191 729 1276 773 Tres-

212 772 360 796 centarum
380 765 565 797 Personarum
585 763 619 793 &
638 762 757 792 totidem
778 763 945 805 Equorum,
964 775 1010 796 aut
1028 766 1146 797 aliarum
1162 767 1276 812 Equita-

215 807 359 841 turarum,
377 804 422 836 vel
442 802 512 833 infra
535 801 614 831 illum
635 800 827 841 Numerum,
843 803 973 842 bonum,
989 804 1134 848 securum,
1150 807 1183 836 &
1209 807 1275 836 vali-

213 838 285 871 dum
299 842 415 872 Saivum
428 840 632 877 Condut‘ium,
649 838 813 870 duraturum
828 851 843 871 a
858 840 915 872 Die
931 841 1017 873 Datae
1032 843 1216 875 Praeientium
1231 846 1276 875 us-

218 888 276 917 que
294 881 328 910 ad
349 880 479 910 Primum
501 878 590 908 Diem
611 877 718 908 Mensis
737 878 875 909 Octobris
899 882 1035 919 proximo
1059 881 1205 920 futurum,
1221 893 1274 921 pro

215 917 356 948 veniendo
370 918 407 947 de
419 917 629 956 quibuscunque
648 916 733 946 Locis
747 918 840 948 eidem
858 916 1082 956 Consanguineo
1098 921 1196 950 nostro
1213 925 1274 950 Du-

216 957 240 985 εὲ
258 956 422 993 Burgundiae
440 956 640 993 pertinentibus
657 954 692 984 ad
715 956 747 986 ὃς
770 957 798 985 in
813 956 919 986 dictam
935 956 1037 988 Villam
1052 958 1176 989 nostram
1191 958 1275 989 Cale-

217 993 265 1031 fii,
283 994 327 1024 vel
347 993 398 1025 alia
423 993 504 1024 Loca
525 994 631 1023 ibidem
657 994 884 1032 circumvicina,
899 997 928 1025 in
951 998 1053 1033 quibus
1067 997 1143 1028 dieta
1158 997 1274 1027 DIETA

216 1029 486 1063 Convanrroms
503 1031 681 1072 asiignabitur
704 1032 737 1062 &
760 1034 847 1063 teneri
869 1034 999 1073 debebit,
1015 1036 1043 1065 in
1062 1036 1112 1066 illis
1134 1035 1276 1078 Effendo,

214 1067 380 1103 Refidendo
417 1072 450 1102 δε
474 1070 639 1107 Monunio,
664 1080 696 1100 ac
721 1071 806 1101 etiam
831 1081 881 1108 pro
904 1071 1106 1112 Revertendo,
1123 1074 1156 1105 δε
1176 1082 1277 1104 iterum

214 1095 524 1148 Veniendo,'Eundo‚
541 1108 744 1148 Transeundo,
765 1111 799 1141 &
821 1109 984 1154 Redeundo
1004 1112 1134 1158 (duraqte
1147 1121 1277 1156 tempore

215 1149 338 1186 eiusdem
358 1149 626 1180 CoNVENTmNts
644 1147 678 1178 &
701 1148 839 1186 praesentis
860 1147 935 1178 Salvi
955 1148 1146 1194 Condu6tus)
1165 1149 1276 1181 adinvi-

218 1198 287 1220 cem
303 1188 348 1218 vei
362 1189 523 1228 separatim,
543 1187 643 1217 totiens
679 1187 789 1216 uotiens
803 1187 842 1216 eis
858 1186 996 1226 placebit,
1013 1188 1137 1219 Armans
1159 1189 1203 1218 vel
1218 1197 1280 1218 non

218 1227 342 1259 Armatis
376 1226 505 1265 pedestre
525 1225 572 1256 vel
585 1234 656 1262 eque
683 1226 729 1262 re,
746 1233 791 1255 aut
807 1225 870 1254 alias
884 1234 933 1262 per
947 1226 1060 1270 Aquam
1077 1227 1121 1257 vel
1138 1226 1277 1270 per—*Ter-

218 1277 280 1299 ram
314 1250 460 1297 in’It'mere
475 1264 520 1296 vel
535 1272 610 1294 exrra
624 1262 742 1299 Itinera,
759 1263 812 1292 una
829 1272 897 1292 cum
911 1262 962 1308 suis
979 1264 1084 1302 Equis,
1103 1274 1149 1308 aut
1164 1265 1221 1295 aliis
1238 1266 1279 1310 Ε-

197 1305 200 1311 ’
218 1289 364 1344 quitaturis
404 1302 561 1340 Hernesiis,
578 1301 711 1339 Sarcinis,
728 1300 830 1338 Malis,
855 1300 987 1340 Bougus,
1013 1303 1157 1347 Fardellis,
1170 1303 1280 1348 ¹Narti-

219 1345 271 1375 bus
290 1353 339 1383 per
358 1327 492 1382 Aquam,
518 1340 705 1378 Vectigalibus
722 1349 769 1376 per
788 1339 927 1378 Terram,
952 1342 1074 1380 NautiS,
1100 1342 1278 1386 Marinariis,

217 1383 330 1420 Aurigis
364 1382 396 1412 &
418 1381 475 1411 aliis
493 1378 640 1414 Vestibus,
653 1376 816 1416 Jocalibus,
837 1378 935 1423 Auro,
955 1380 1087 1423 Argen-to
1105 1389 1278 1425 monetatis,

217 1404 441 1452 Vaffeliainemis
460 1419 495 1449 de
518 1417 600 1448 Auro
621 1417 654 1448 ὅ(
675 1416 712 1447 de
730 1417 879 1455 Argento,
894 1416 1001 1456 Libris,
1022 1418 1122 1450 Literis
1133 1441 1143 1457 ‚
1161 1421 1194 1450 ὃς
1215 1420 1273 1449 alus

217 1469 316 1491 eorum
335 1458 421 1490 Bonis
436 1456 590 1496 quibuscun
614 1465 663 1495 ue,
699 1494 704 1499 ῃ
1015 1496 1020 1501 .
1122 1497 1126 1502 ἰ

256 1497 367 1528 Damus
385 1505 515 1534 praeterea
532 1496 561 1524 in
615 1494 735 1531 andatiS,
752 1502 801 1532 per
813 1493 968 1531 expressum
984 1505 1070 1527 etiam
1084 1495 1276 1540 InJungentes,

215 1536 309 1567 Vobis
329 1535 427 1565 nostris
447 1532 668 1564 Constabulariis
706 1532 995 1572 Locumtenentibus,
1013 1534 1199 1572 Marescallis,
1216 1536 1276 1565 Ad-

215 1573 329 1604 mirallis
377 1571 620 1603 Vice-Admirallis
634 1593 643 1608 ,
668 1555 856 1608 Custodiam,
878 1573 910 1603 ὃς
936 1572 1096 1610 Capitaneis
1120 1573 1275 1617 Villarum,

217 1595 404 1648 Castrortim,
419 1611 452 1641 &
468 1609 678 1640 Fortalitiorum
689 1632 697 1645 ,
714 1607 869 1648 Pontium,
888 1610 1096 1650 passagiorum,
1116 1611 1275 1655 Capiraneis

214 1651 300 1681 etiam
323 1648 463 1680 Gentium
488 1647 644 1678 Armorum
665 1647 698 1678 &
721 1647 948 1687 Sagittariorum,
963 1660 996 1680 ac
1017 1652 1151 1682 omnibus
1175 1652 1274 1680 nostris

211 1688 375 1727 justiciariis
418 1686 586 1725 Officiariis,
609 1687 643 1717 &
665 1685 804 1723 Subditis,
827 1687 859 1717 δε
883 1688 940 1717 aliis
961 1689 997 1719 de
1016 1689 1139 1720 Servitio
1158 1689 1273 1727 nostro,

216 1726 367 1767 Rogamus
383 1711 431 1757 ’δε
454 1725 636 1765 Requirimus
659 1733 713 1754 vos
743 1724 863 1755 Amicos
890 1725 1001 1758 nostros
1026 1727 1182 1758 Benevolos
1197 1750 1206 1766 ,
1238 1729 1273 1758 ὃς

214 1765 464 1803 confoederatos,
494 1773 628 1803 quatenus
657 1763 779 1801 superius
803 1764 985 1804 nominatos,
1013 1768 1047 1797 ὃς
1069 1768 1135 1797 alios
1166 1768 1201 1798 de
1226 1768 1272 1798 sua

214 1803 365 1836 Comitiva
407 1804 535 1841 Gentes,
560 1801 734 1839 Familiares,
760 1802 792 1832 ὃς
817 1802 971 1834 Servitores
991 1814 1109 1843 eorum,
1133 1805 1218 1849 usque
1237 1807 1272 1851 ad

212 1827 382 1882 praediecuni
406 1842 574 1872 Numerum
595 1840 812 1871 Trescentarum
829 1839 1030 1882 Personarum,
1049 1845 1082 1875 &
1099 1845 1217 1875 totidem
1233 1844 1270 1888 Et·

212 1892 337 1920 quorum
374 1889 421 1913 aut
439 1881 552 1911 aliarum
567 1878 790 1917 Equitaturarum
800 1902 809 1916 ,
824 1880 868 1910 vel
882 1880 972 1919 infra,
987 1883 1021 1913 &
1035 1892 1134 1913 eorum
1151 1884 1272 1920 quemh-

211 1921 262 1951 bet
280 1904 370 1951 facei3e
394 1920 434 1950 uti
448 1920 480 1950 &
495 1918 630 1958 gaudere,
647 1917 762 1948 durante
775 1918 856 1948 dieto
871 1918 1019 1958 Tempore
1033 1921 1068 1951 de
1083 1921 1183 1952 nostro
1198 1931 1271 1959 prae-

212 1959 282 1990 senti
300 1959 385 1990 Salvo
407 1956 584 1994 Conduetu,
603 1957 622 1976 ²*
639 1957 830 1993 permittentes
845 1966 893 1987 eos
907 1968 974 1988 curn
993 1960 1206 1999 quibuscunque
1215 1970 1273 2002 *eo-

213 2007 279 2029 rum
302 1997 386 2028 Bonis
406 1996 528 2034 superius
540 1995 683 2027 declaratis
697 1993 818 2033 Venire,
838 1993 959 2035 Intrare,
976 1997 1105 2038 Morari,
1122 2000 1272 2040 Traniire‚

214 2037 319 2068 iterum
336 2035 493 2066 Retransire
508 2036 542 2066 &
558 2034 692 2070 Reverti,
709 2034 809 2071 pariter
823 2042 870 2065 aut
887 2034 1042 2075 seperatim,
1060 2047 1109 2074 per
1123 2037 1271 2082 Parcellas,

215 2076 251 2107 &
270 2075 371 2105 totiens
393 2074 524 2113 quotiens
545 2072 731 2104 neceffariurn
752 2072 786 2103 &
810 2073 956 2111 expediens
978 2076 1015 2105 eis
1033 2078 1104 2114 erit,
1122 2086 1151 2107 in
1174 2076 1207 2107 &
1222 2086 1270 2116 per

213 2113 312 2144 omnia
326 2113 421 2151 Loca,
440 2111 542 2147 Villas,
559 2110 733 2148 Territoria‚
750 2111 783 2140 &
799 2109 923 2151 Paisagia
940 2113 978 2143 eis
994 2116 1184 2153 expedientia,
1201 2125 1271 2146 eun-

213 2152 254 2183 do
275 2152 311 2183 ad
333 2150 498 2189 praedictam
516 2149 662 2180 DieTAM
685 2149 718 2179 &
734 2149 876 2180 redeundo
893 2152 929 2181 ab
943 2152 1057 2190 eadem,
1077 2154 1211 2184 Armatos
1225 2156 1270 2186 vel

212 2200 273 2222 non
291 2190 440 2227 Armatos,
477 2188 586 2219 edestre
601 2188 644 2218 vel
657 2186 794 2227 equestre,
812 2187 922 2219 Diebus
937 2198 982 2220 aut
997 2190 1143 2223 Notitibus
1156 2201 1206 2231 per
1220 2192 1270 2224 Iti-

211 2239 277 2260 nera
301 2228 345 2259 vel
368 2237 442 2258 exrra
471 2228 577 2265 tinera,
593 2227 626 2258 ὃς
644 2234 728 2264 prout
741 2225 863 2264 superius
876 2227 985 2258 dic‘tum
1004 2230 1063 2269 est,
1079 2229 1271 2264 Ministrando

212 2269 252 2298 eis
275 2265 372 2298 Duces
394 2267 428 2297 &
448 2265 664 2302 Conductores,
681 2265 715 2295 &
734 2267 819 2294 etiam
844 2265 980 2297 Vid'tualia
994 2270 1204 2302 rationabilibus
1219 2272 1272 2303 suis

211 2306 255 2339 Ex
277 2305 364 2344 ensis,
380 2305 398 2335 si
410 2314 507 2345 egeant
523 2305 556 2336 ὃς
570 2304 635 2334 inde
654 2303 758 2333 fueritis
773 2305 908 2348 requisiti,
949 2345 954 2349 Π
990 2345 1004 2351 ..
1151 2349 1155 2354 ι
1173 2349 1178 2354 .

278 2352 289 2375 t
310 2352 419 2374 tantum
443 2343 549 2373 faciatis
568 2344 596 2372 in
622 2342 673 2372 hiis
694 2351 744 2371 vos
758 2342 844 2372 nostri
863 2342 1006 2375 Officiaru
1018 2346 1051 2377 &
1067 2345 1179 2380 Subditi
1192 2349 1270 2388 quod

211 2383 249 2413 de
264 2391 394 2420 prompta
409 2382 569 2412 obedientia
584 2381 705 2412 debeatis
719 2381 925 2420 commendari,
943 2385 977 2414 &
992 2393 1043 2414 vos
1056 2385 1144 2416 nostri
1159 2387 1270 2427 Amici,

211 2421 348 2453 Benevoli
365 2419 610 2451 &Confoederati
625 2419 691 2449 sicut
704 2418 810 2448 velletis
826 2430 878 2450 nos
892 2430 944 2458 pro
962 2423 1042 2453 vobis
1057 2423 1114 2455 effe
1126 2425 1270 2466 facturos,

211 2459 290 2499 quod
302 2459 401 2489 libenti
415 2460 511 2489 animo
528 2460 556 2488 in
569 2457 632 2488 casu
648 2456 786 2487 consimili
801 2457 973 2498 faceremus,

251 2497 380 2528 Scientes
401 2497 481 2536 quod
503 2497 538 2527 de
559 2497 640 2526 vobis
664 2495 764 2525 nostris
781 2495 933 2528 Officiariis
945 2500 978 2529 &
990 2499 1130 2539 subditis,
1149 2502 1168 2532 fi
1183 2502 1268 2542 aliqui

211 2543 410 2574 attemptarent
432 2537 460 2566 in
481 2536 654 2566 contrarium
692 2533 759 2564 Nos
782 2534 936 2568 faceremus
955 2537 1027 2568 sumi
1040 2539 1123 2570 talem
1137 2539 1268 2573 Punitio-

212 2584 282 2605 nem
294 2598 304 2613 ,
323 2575 402 2612 quod
417 2575 473 2605 aliis
485 2574 597 2605 cederet
612 2574 640 2603 in
656 2557 830 2615 Exemplum
848 2583 857 2619 J
1125 2619 1130 2624 ⁸

250 2612 366 2644 Proviso
389 2623 484 2644 tamen
503 2611 599 2652 (quod
624 2610 710 2648 abiit)
732 2611 751 2641 sl
773 2621 921 2652 contingat
942 2615 1021 2654 quod
1035 2625 1084 2654 per
1097 2618 1219 2656 aliquem
1232 2621 1268 2652 de

247 2653 440 2690 aenominatis,
458 2652 502 2682 vel
530 2660 578 2689 per
601 2651 687 2682 alium
710 2649 747 2679 de
758 2660 858 2681 eorum
873 2652 1035 2693 Comitiva,
1055 2655 1216 2696 Gentibus,
1234 2661 1268 2689 &

233 2691 418 2728 ervitoribus,
436 2690 552 2728 praesens
576 2688 672 2719 Salvus
693 2686 864 2720 Conduetus
882 2692 1092 2736 infringeretur,
1109 2698 1188 2738 quod
1214 2698 1269 2740 lioc

213 2728 324 2759 cederet
345 2731 377 2758 ὃ(
392 2729 555 2759 redundaret
568 2726 717 2758 solomodo
730 2727 763 2757 ad
780 2727 864 2760 Onus
877 2731 910 2761 δε
927 2732 954 2760 in
969 2733 1167 2770 praejudicium
1182 2735 1270 2766 inira.

214 2767 302 2797 &oris
319 2767 363 2797 vel
384 2766 598 2806 Infranrum,
622 2767 701 2797 dieto
745 2767 848 2798 raesenti
872 2769 958 2800 Salvo
977 2769 1151 2811 Conduetu,
1178 2775 1271 2813 quoad

215 2805 299 2843 alios,
317 2814 477 2836 remanente
494 2805 587 2835 valido
603 2806 632 2834 in
648 2806 692 2835 sua
738 2806 746 2834 i
761 2813 841 2850 atque
859 2807 974 2853 Vigore.
1069 2850 1073 2855 ι

253 2843 289 2873 In
303 2845 397 2882 cujus,
416 2844 479 2874 &c.
490 2843 572 2883 usque
585 2843 718 2874 Primum
734 2841 821 2876 Diem
838 2845 978 2878 octobris
993 2851 1129 2888 proximo
1145 2851 1271 2883 futurum

296 2891 327 2910 ur
357 2904 363 2911 .

213 2880 439 2960 dusstestgsRege
458 2920 532 2959 apud
549 2921 822 2962 westmonasterium,
840 2923 955 2955 decimo
965 2935 1066 2965 quarto
1079 2925 1139 2957 Die
1153 2926 1236 2960 Maii.

224 2690 232 2698 x

523 3049 581 3080 Pro
607 3048 780 3080 Mercatore
805 3049 962 3083 cracoviae.

214 3139 344 3199 .REX
362 3139 516 3177 omnibus,
533 3138 568 3170 ad
582 3148 669 3177 qu03,
689 3137 750 3169 διε.
767 3137 901 3169 Salutem.

331 3179 428 3210 Sciatis
451 3177 531 3215 quod
549 3201 559 3216 ,
585 3187 618 3207 ex
639 3186 716 3214 parte
739 3179 844 3214 Georgii
863 3178 1020 3220 Morlleyn,
1043 3180 1213 3214 Mercatoris
1234 3185 1270 3216 de

217 3265 356 3294 magnum
377 3255 516 3295 Lapidem
539 3254 716 3292 Pretiosum,
735 3254 883 3292 vulgariter
913 3266 1047 3288 vocatum
1068 3269 1083 3289 a
1109 3260 1269 3300 RUBIE,

215 3295 418 3334 ponderantem
436 3296 574 3323 Ducentas
588 3291 625 3327 ό·-
640 3293 856 3332 Quanam-decim
869 3299 1018 3334 Caraccas,
1178 3337 1182 3342 .

254 3333 352 3370 Quem
368 3334 396 3362 in
412 3332 549 3370 Regnum
566 3331 692 3361 nostrum
706 3330 818 3370 Angliae
828 3354 837 3369 ,
853 3332 887 3362 ad
901 3344 966 3364 eum
981 3335 1085 3366 ibidem
1098 3335 1206 3375 Nobis,
1221 3346 1268 3368 aut

212 3370 296 3401 alicui
313 3371 390 3401 alteri
411 3371 501 3401 Statui
521 3370 591 3411 infra
611 3369 689 3400 idern
715 3369 870 3409 Regnum,
890 3372 1079 3404 Vendendum
1095 3374 1190 3406 nostra
1206 3385 1268 3407 me-

210 3409 307 3439 diante
320 3408 465 3446 Licentia,
485 3407 725 3451 aflerreaffeetat,
875 3449 879 3453 ι
1086 3453 1091 3458 ⁴
1121 3452 1126 3458 ¹
1191 3452 1196 3457 ι

209 3473 213 3475 s
251 3446 337 3484 Nos,
354 3445 497 3478 Praemiffa
510 3447 731 3483 conlideranteS,
750 3446 785 3478 de
799 3446 896 3480 Gratia
911 3449 1003 3481 nostra
1019 3451 1142 3490 speciali,
1160 3451 1265 3483 Licen-

214 3486 283 3517 tiam
296 3484 420 3515 dedimus
428 3483 546 3524 praefato
558 3488 668 3523 Georgio
683 3486 764 3524 quod
777 3487 833 3524 ipse
848 3489 877 3517 in
895 3487 1032 3528 Regnum
1047 3491 1265 3533 nostrum—prae-

209 3524 325 3555 didtum
345 3522 462 3560 pacifice
483 3526 516 3553 ὃς
536 3524 622 3554 libere
643 3526 757 3562 venire,
773 3526 807 3556 &
821 3525 962 3564 Lapidem
978 3529 1150 3565 praeditstum
1169 3533 1263 3560 lecum

212 3561 312 3594 afferre
332 3559 432 3599 poffit,
452 3561 552 3598 absque
571 3563 708 3599 aliquibus
727 3561 889 3602 Custumis,
908 3566 952 3596 vel
975 3567 1032 3597 aliis
1050 3568 1178 3605 Debitis,
1196 3567 1266 3597 No-

208 3602 255 3632 bis
277 3609 329 3637 pro
347 3598 451 3628 eodem
469 3601 568 3637 quovis
587 3600 679 3631 modo
695 3601 847 3640 solvendis,
864 3605 1008 3643 quousque
1030 3606 1114 3644 Lapis
1132 3607 1178 3636 ille
1196 3616 1266 3637 ven-

277 3649 289 3668 r

207 3641 308 3715 datia),
326 3675 344 3705 si
359 3674 488 3713 praefatus
502 3677 624 3713 Georgius
640 3675 778 3713 Lapidem
789 3676 867 3708 illum
886 3680 1007 3711 vendere
1026 3684 1180 3723 nequierit,
1199 3693 1268 3717 tunc

212 3716 292 3747 idem
313 3717 438 3750 Georgius
460 3714 580 3743 eundem
601 3714 739 3753 Lapidem
764 3723 838 3745 extra
861 3716 998 3756 Regnum
1019 3721 1146 3752 nostrum
1164 3726 1265 3762 praedi-

212 3755 296 3785 &um
307 3776 317 3790 ,
334 3753 436 3789 abique
450 3751 586 3788 aliquibus
601 3752 758 3790 hujusmodi
776 3751 922 3784 Custumis
936 3756 982 3786 seu
995 3756 1126 3797 Debitis‚
1146 3771 1200 3798 pro
1215 3772 1265 3792 eo-

212 3793 283 3823 dem
300 3790 452 3827 solvendis,
471 3789 575 3819 cariate
595 3790 698 3827 poisit3
715 3791 808 3828 aliquo
823 3791 932 3823 Statuto
943 3816 951 3832 ,
972 3796 1065 3834 Actu,
1084 3799 1128 3829 vel
1142 3799 1266 3831 Ordina-

210 3832 306 3868 tione,
325 3831 353 3859 in
369 3829 542 3859 contrarium
556 3826 649 3864 factis,
669 3838 728 3857 non
743 3828 936 3870 obstantibus,
1237 3859 1239 3862 .

249 3867 367 3898 Proviso
395 3867 501 3903 semper
521 3865 599 3904 quod
616 3863 750 3904 praefatus
765 3869 905 3907 Georgius,
924 3869 988 3908 post
1004 3871 1170 3906 Adventum
1185 3876 1265 3907 suum

202 3908 243 3938 ,in
264 3905 401 3944 Regnum
422 3904 548 3934 nostruin
572 3904 753 3940 praedictum,
775 3904 914 3944 Lapidem
937 3909 1016 3938 illum
1032 3910 1179 3944 Nobis&
1195 3925 1266 3953 prae-

211 3943 358 3975 cariffimae
373 3942 506 3973 Coniorti
524 3944 627 3972 nostae
642 3944 812 3979 Margaretae
823 3947 932 3987 'Reginae
940 3946 1053 3985 Angliae
1066 3951 1165 3988 prime>
1181 3963 1265 3984 mon-

203 3982 279 4014 stret
295 3981 328 4013 &
342 3982 485 4019 praeienret
495 4006 505 4020 ,
522 3981 558 4012 ad
572 3981 696 4012 nostram
710 3979 953 4020 Complicentiam
968 3987 1177 4026 requirendum.

246 4018 279 4052 In
297 4019 392 4057 cujus,
409 4021 471 4051 &c.

266 4060 339 4090 Tom.
359 4061 391 4089 V.
409 4060 442 4089 P.
459 4061 502 4090 H.

1340 188 1804 242 PUBLICA.

1377 274 1466 306 Teste
1481 278 1563 318 Rege
1576 282 1648 319 apud
1665 283 1922 324 Westmonasterium
1931 311 1941 327 ,
1963 273 2079 324 Dssavo
2093 295 2150 327 Die
2161 296 2248 336 Junii.

1425 355 1479 382 Per
1496 358 1587 386 Breve
1605 358 1638 388 de
1658 360 1777 390 Privato
1792 361 1899 401 sigillo,
1914 363 1952 399 (θ’
1963 367 1994 395 de
2006 370 2085 399 Data
2094 373 2243 414 praedea,
2262 373 2322 409 &a

1332 423 2371 457 Ἣ*-

1542 479 1600 509 Ρνο
1628 482 1826 526 Commiffario
1851 487 1947 518 Ducis
1965 489 2148 535 Burgundiae.

2322 217 2369 256 81

1322 558 1456 628 [REXS
1468 561 1600 609 universis
1609 563 1650 631 d&
1668 563 1778 603 singulis
1799 567 1975 610 Admirallis,
1989 572 2050 604 &c.
2067 573 2199 608 Salutem.

1458 608 1534 630 cratis
1568 611 1607 630 uo
1634 625 1644 639 ,

1351 633 1450 674 Cum,
1469 610 1623 669 cariffilmus
1645 638 1879 679 Consanguineus
1903 646 2016 687 noster,
2041 652 2109 680 Dux
2137 655 2296 691 Burgundiae
2314 661 2375 692 assi-

1319 676 1448 709 gnaverit
1473 676 1507 706 &
1529 677 1688 709 limitaverit
1708 679 1879 719 Magistrum
1900 685 2036 722 Jacobm
2059 689 2091 718 de
2112 693 2216 730 Vinage
2230 718 2240 732 ,

1319 711 1501 752 Dociorem,
1521 725 1610 746 unum
1631 716 1862 751 Consiliariorum
1878 721 2004 763 suorum,

1319 750 1473 788 (standum,
1491 754 1524 784 &
1547 753 1851 797 Communicandum,
1868 760 1896 789 in
1919 760 1948 791 R

1320 787 1529 822 Commiffiiriis
1550 793 1669 832 nostris,
1695 794 1731 826 de
1749 797 1782 827 &
1806 797 1885 836 super
1907 798 2099 838 Reparatione
2119 804 2376 851 Attemptatorum,

1317 835 1416 858 contra
1430 827 1557 860 formam
1571 831 1748 872 Treugarum
1757 857 1767 872 ,
1784 838 1857 866 inter
1874 838 1935 867 Nos
1952 840 1984 870 ὃς
1993 839 2142 880 prefatum
2156 847 2258 875 Ducem
2271 848 2377 881 habita-

1318 875 1382 896 rum
1402 867 1437 898 &
1455 869 1674 910 conclusarum,
1692 872 1854 913 fastorum,

1357 903 1444 941 Nos,
1462 905 1498 937 de
1520 908 1694 940 avisamento
1713 911 1838 943 Concilii
1858 913 1963 953 nostri,
1982 915 2148 956 suscepimus
2166 921 2193 952 in
2217 921 2322 956 salvum
2344 927 2376 958 ὅ(

1320 941 1446 973 securum
1469 948 1484 962 *Ρ
1506 944 1696 979 Conductum
1721 949 1868 989 nostrum,
1895 962 1929 983 ac
1952 955 1981 984 in

2021 726 2054 755 ad
2072 726 2290 772 intendendum,
2302 736 2372 767 Tra-

1320 1027 1410 1057 gnum
1431 1021 1561 1053 nostrum
1582 1023 1718 1064 Angiiae‚
1733 1036 1803 1058 cum
1825 1029 1946 1060 Decem
1966 1031 2091 1064 Personis
2113 1045 2141 1065 in
2162 1036 2313 1070 Comitiva
2333 1040 2378 1071 sua

1322 1057 1367 1087 vel
1384 1058 1455 1089 infra
1475 1060 1684 1103 (cujuscunque
1704 1065 1798 1097 Status
1840 1066 1971 1108 Gradus,
1988 1070 2034 1102 seu
2055 1071 2235 1106 Conditionis
2255 1077 2377 1116 fuerint)

1322 1095 1355 1125 &
1374 1098 1492 1128 totidem
1519 1100 1609 1138 Equis
1621 1124 1631 1139 ,
1655 1111 1702 1133 aut
1720 1103 1777 1134 aliis
1797 1088 1962 1144 &quiramus
1977 1131 1986 1147 ,
2011 1120 2046 1140 ac
2065 1110 2149 1142 Bonis
2162 1137 2171 1151 ,
2197 1114 2296 1146 Rebus
2313 1139 2322 1153 ,
2347 1119 2382 1149 &

1323 1132 1468 1165 Hernesiis
1487 1137 1538 1169 suis
1561 1139 1657 1178 licitis,
1678 1140 1828 1181 Manticis,
1845 1144 1960 1184 Bogeis,
1987 1147 2105 1187 Literis‚
2127 1150 2247 1192 PapiriS,
2268 1155 2381 1194 Libris,

1325 1170 1539 1212 1nstrumemis,
1558 1177 1638 1208 Auro
1661 1179 1695 1211 &
1717 1180 1756 1210 Ar
1777 1190 1845 1213 ento
1865 1193 2012 1215 monetato
2031 1187 2064 1218 ὃς
2092 1198 2151 1219 non
2170 1200 2334 1233 monetato,
2349 1203 2384 1225 ex

1324 1211 1402 1240 causa
1424 1214 1575 1253 praedicta,
1590 1217 1650 1247 tam
1673 1227 1723 1255 per
1773 1230 1882 1258 erram,
1895 1223 1982 1261 quam
2006 1234 2056 1261 per
2073 1225 2174 1266 Mire,
2190 1232 2318 1268 equestre
2338 1233 2382 1263 vel

1324 1247 1450 1285 pedestre
1463 1272 1472 1287 ,
1490 1254 1648 1292 veniendo,
1675 1257 1782 1288 ibidem
1804 1258 1906 1291 Nocte
1926 1260 2041 1300 Dieque
2057 1267 2217 1304 morando,
2234 1270 2384 1306 perliendi«

1323 1287 1437 1330 nando,
1455 1289 1489 1320 δε
1511 1300 1580 1320 cum
1601 1292 1808 1327 Commissariis
1820 1298 1921 1329 nostris
1936 1302 2076 1337 praedietis
2088 1303 2123 1334 de
2139 1306 2170 1335 ὃ(
2187 1307 2267 1344 super
2285 1308 2383 1347 Repa-

1323 1334 1431 1356 ratione
1455 1328 1697 1367 Attemptatorum
1719 1335 1921 1371 praedictorum
1948 1337 2223 1382 Communicando,
2243 1346 2383 1378 Tutun-

1323 1364 1378 1401 do,
1395 1365 1429 1396 &
1452 1365 1699 1408 Appunetuando,
1719 1373 1751 1402 ὃς
1768 1375 1803 1403 ab
1817 1375 1919 1405 eodem
1935 1375 2039 1416 Regno
2055 1380 2152 1412 nostro
2165 1384 2199 1413 ad
2219 1383 2309 1416 Partes
2324 1385 2382 1416 suas

1323 1411 1447 1441 proprias
1468 1404 1656 1438 Transeundo
1669 1409 1757 1441 libere
1772 1413 1806 1443 &
1821 1413 1923 1451 absque
1938 1413 2167 1459 Impedimento,
2182 1420 2383 1463 Imperitione‚

1323 1441 1553 1482 Perturbatione,
1573 1444 1792 1487 Molestatione,
1811 1451 1929 1488 Aresto,
1946 1452 1992 1484 seu
2008 1454 2182 1488 Gravamine
2196 1470 2384 1502 quocunque,

1321 1480 1356 1511 ali
1381 1490 1414 1511 ua
1429 1479 1568 1520 Marqua,
1587 1482 1828 1527 Contramarqua,
1848 1490 1902 1520 live
1918 1490 2086 1533 Reprisalia,
2101 1497 2235 1530 concessa
2251 1500 2295 1530 vel
2309 1511 2383 1532 con-

1322 1528 1356 1550 ce
1377 1518 1449 1549 enda
1486 1530 1544 1550 non
1559 1522 1707 1561 obstante,

1356 1542 1475 1588 provisi>
1495 1558 1603 1599 semper
1625 1563 1706 1600 quod
1725 1564 1876 1601 praedietus
1896 1566 2034 1608 Jacobus,

1321 1603 1377 1633 τες,
1395 1595 1421 1625 se
1445 1597 1519 1629 bene
1539 1598 1573 1629 &
1593 1598 1711 1633 honeste
1734 1611 1816 1643 erga,
1837 1602 1871 1639 ό

1321 1636 1435 1664 Literis.

1355 1672 1388 1701 In
1408 1673 1487 1712 cujus
1501 1697 1511 1713 ,

1317 1709 1466 1742 duraturas.

1355 1749 1444 1782 Teste
1464 1749 1547 1791 Rege
1561 1752 1635 1791 apud
1652 1754 1925 1799 Wstmonasterium,
1938 1760 2114 1794 duodecimo
2130 1763 2189 1797 Die
2199 1765 2277 1804 Julii.

2053 1581 2086 1602 ac
2113 1573 2211 1606 secum
2234 1578 2381 1609 comitan-

1872 1615 1898 1635 ἰ.
1915 1613 1998 1643 prout
2013 1613 2042 1638 m
2055 1610 2179 1649 fimilibus
2193 1614 2224 1643 de
2242 1616 2381 1647 Condublu

1536 1676 1597 1708 &c.
1622 1676 1709 1717 usque
1726 1680 1851 1717 primum
1869 1680 1958 1713 Diem
1978 1683 2082 1724 Aprilis
2100 1689 2235 1726 proximb
2254 1691 2383 1724 futurum

1730 1835 1784 1864 Per
1801 1835 1884 1875 ipsum
1900 1839 1997 1875 Regem
2013 1838 2052 1875 όν
2071 1842 2223 1874 Concilium.

1413 1953 1463 1985 De
1488 1954 1776 1999 Appuntffuamentis
1786 1959 1879 2004 fhper
1898 1962 2072 2008 Intercurfit
2093 1966 2281 2013 Burgundiae.

1321 2035 1462 2092 REX,
1480 2037 1590 2070 dilectis
1604 2040 1638 2071 ὅτ.
1651 2040 1780 2074 fidelibus
1793 2043 1862 2082 suis,
1881 2043 2023 2085 Magistris
2042 2048 2192 2082 Willielmo
2205 2056 2322 2092 Sprever
2337 2055 2375 2092 ό
2397 2055 2530 2134 AIr11n58D.

2394 2137 2446 2160 Aa.
2463 2135 2510 2170 3⁶·

2424 2195 2427 2198 Α
2445 2174 2471 2198 6.

1319 2189 1390 2220 stros
1407 2191 1487 2224 Parte
1502 2203 1535 2223 ex
1552 2193 1624 2232 una,
1640 2196 1673 2226 ὃς
1694 2196 1910 2230 Ambassiatores
1922 2200 1955 2230 &
1970 2200 2130 2239 Deputatos
2144 2207 2275 2238 cariil'uni
2291 2208 2373 2240 Con-
2394 2176 2457 2238 ΞΜ.
2469 2219 2509 2240 m·

1396 2074 1526 2114 Johanni
1539 2079 1649 2118 Derby,
1670 2079 1783 2120 Legum
1797 2081 1992 2124 meroribus,
2011 2086 2146 2119 Salutem.

1356 2111 1440 2144 Cum
1462 2116 1491 2145 in
1512 2117 1594 2147 certis
1616 2116 1821 2151 Conventione
1845 2121 1878 2152 &
1903 2123 2008 2163 Dicta,
2024 2135 2113 2163 nuper
2137 2129 2165 2158 in
2189 2129 2259 2161 Villa
2282 2131 2375 2164 nostra

1318 2149 1421 2182 Caleiii
1444 2155 1528 2184 tentis
1542 2155 1576 2186 ὃς
1597 2157 1759 2196 celebratis,
1778 2160 1851 2190 inter
1867 2159 2083 2194 Ambaffiatores
2096 2166 2129 2196 &
2148 2165 2306 2205 Deputatos
2322 2182 2376 2203 no-

1317 2228 1455 2268 sanguinei
1477 2232 1565 2262 nostri
1587 2233 1702 2272 Philippi
1721 2238 1806 2266 Ducis
1826 2239 1991 2275 Burgundiae
2011 2250 2046 2271 ex
2066 2242 2144 2273 altera
2181 2245 2218 2276 de
2241 2248 2273 2277 &
2293 2248 2374 2288 super
2392 2257 2420 2276 ²-

1317 2267 1524 2300 observatione
1535 2271 1714 2310 Treugarum
1728 2275 1761 2304 8(
1776 2275 1913 2307 Traetatu
1930 2277 2103 2311 intercursus
2118 2266 2375 2327 M'ercandisarum‚

1316 2307 1426 2375 gridem
1447 2311 1520 2337 inter
1539 2311 1598 2338 Nos
1621 2313 1724 2342 mutuo
1744 2313 1875 2344 initarum
1886 2337 1895 2351 ‚
1910 2315 1982 2346 inter
1997 2326 2114 2356 caeoera,
2131 2330 2179 2357 per
2192 2323 2284 2355 dictos
2299 2325 2373 2357 Am-

1337 2344 1473 2376 amatores
1487 2347 1520 2376 &
1538 2346 1698 2387 Deputatos
1712 2350 1779 2382 hinc
1796 2352 1830 2383 δε
1844 2352 1913 2384 inde
1926 2353 2172 2398 Appunetuatum,
2191 2359 2374 2404 Ordinatum,

1315 2384 1349 2415 &
1364 2383 1543 2416 Conclusum
1558 2387 1694 2427 extiterit,

1353 2461 1447 2500 Qiod
1472 2462 1554 2493 octo
1579 2463 1825 2498 Commiffionarii
1843 2468 2012 2511 (Qatuor,
2031 2473 2176 2514 videlicet,
2194 2486 2228 2508 ex
2249 2479 2374 2518 qualibet

1314 2499 1394 2530 Parte
1429 2504 1675 2534 committerentur
1697 2505 1731 2535 ad
1753 2506 1957 2545 Inquirendum
1973 2510 2006 2540 ὃς
2021 2510 2249 2547 Examinandum
2267 2518 2374 2550 Verita-

1313 2548 1372 2570 tem
1399 2550 1469 2578 uper
1484 2539 1574 2571 Factis
1590 2543 1833 2580 Attemptatorum
1847 2546 1916 2577 hinc
1933 2548 1967 2579 &
1981 2550 2047 2580 inde
2063 2554 2273 2594 praerensorum,
2292 2557 2325 2588 &
2342 2559 2374 2589 in
2390 2588 2392 2596 ,

1314 2578 1510 2616 praejudicium
1532 2579 1670 2612 dietarum
1686 2582 1868 2623 Treugarum
1884 2586 1918 2615 &
1931 2585 2103 2621 Intercursus
2117 2591 2373 2635 Mercandisarum,

1313 2625 1428 2646 necnon
1447 2618 1645 2656 praejudicium
1667 2619 1853 2653 Subditorum
1876 2623 1942 2655 hinc
1964 2626 2030 2657 inde
2045 2650 2054 2666 ,
2080 2638 2110 2660 ut
2131 2630 2236 2670 fertur,
2261 2634 2320 2664 tam
2342 2636 2374 2666 in

1315 2654 1406 2694 Mari,
1426 2657 1509 2694 quam
1522 2656 1603 2694 super
1617 2659 1754 2698 Terram,
1774 2670 2013 2704 perpetratorum,

1352 2694 1396 2724 Ac
1414 2696 1499 2726 etiam
1521 2695 1554 2725 ad
1572 2695 1817 2730 Examinationem
1835 2701 2099 2744 Testimoniorum,
2115 2706 2148 2738 &
2162 2706 2372 2746 Receptionem

1315 2732 1476 2764 Literarum
1497 2734 1531 2764 &
1549 2734 1664 2766 aliarum
1683 2736 1868 2776 legitimarum
1888 2739 2108 2782 probationum,
2127 2755 2210 2784 prout
2224 2748 2374 2785 expediens

1315 2772 1348 2802 ὃ(
1373 2773 1537 2810 requiiitum
1559 2773 1642 2805 fuerit
1662 2784 1712 2814 per
1737 2776 1921 2809 Attornatum
1945 2780 1978 2811 ὅ(
1993 2780 2210 2815 Procuratorem
2226 2786 2370 2827 nostrum,

1315 2812 1349 2842 &
1386 2821 1414 2840 er
1427 2811 1644 2844 Procuratorem
1659 2815 1728 2844 disti
1740 2818 1824 2846 Ducis
1840 2815 2045 2856 Consanguinei
2064 2822 2168 2861 nostri,

1380 2850 1483 2881 xtiterit
1504 2850 1589 2880 etiam
1604 2851 1766 2884 ordinatum
1780 2854 1858 2892 quod
1873 2856 2005 2893 Quatuor
2021 2868 2055 2890 ex
2068 2860 2148 2891 dietis
2164 2861 2372 2896 Commiffariis

1316 2888 1482 2927 (videlicet,
1501 2888 1573 2919 Duo
1595 2899 1630 2920 ex
1654 2890 1735 2923 Parte
1755 2893 1863 2931 nostra,
1882 2896 1915 2925 &
1939 2895 1983 2925 alii
2005 2895 2077 2928 Duo
2099 2908 2134 2929 ex
2153 2898 2234 2931 Parte
2248 2902 2370 2938 ejusdem

1318 2925 1531 2964 Consanguinei
1555 2927 1658 2967 nostri,
1676 2930 1823 2968 videlicet,
1842 2932 1988 2971 Magistri,
2006 2934 2126 2973 Jacobus
2147 2937 2180 2968 de
2197 2941 2317 2977 Vmage,
2336 2941 2370 2971 δε

1317 2967 1407 2996 Simon
1436 2968 1468 2996 de
1489 2967 1649 2997 Moerkerke
1666 2990 1675 3006 ,
1705 2977 1752 2999 aut
1772 2970 1818 3000 alii
1837 2969 1908 3001 Duo
1931 2971 1998 3002 loco
2016 2975 2172 3007 eorundem
2193 2978 2369 3016 surrogandi)

1317 3012 1481 3042 comparere
1502 3004 1624 3036 debeant
1644 3006 1672 3036 in
1698 3006 1822 3038 Civitate
1844 3008 1938 3040 nostra
1958 3010 2135 3052 Londoniae,
2158 3015 2192 3046 ad
2215 3014 2372 3054 Inquiiitio-

1316 3051 1385 3072 nem
1404 3043 1547 3074 dictorum
1564 3043 1808 3082 Attemptatorum
1821 3047 1854 3078 δε
1868 3047 2019 3085 plenariam
2034 3049 2260 3085 Confectionem
2276 3054 2370 3086 dieto-

1316 3089 1379 3111 rum
1395 3081 1583 3112 Proceffuum
1598 3082 1753 3122 faciendas,

1353 3120 1439 3158 Quos
1457 3120 1620 3158 Proceffus,
1639 3121 1789 3153 confeetos
1809 3123 1842 3154 &
1868 3123 1898 3154 in
1923 3124 1993 3157 statu
2009 3126 2158 3165 Judicandi
2179 3128 2300 3168 positos,
2320 3131 2369 3168 ipsi

1316 3158 1450 3196 Quatuor
1464 3157 1656 3190 Commissarii
1671 3169 1717 3191 aut
1732 3170 1831 3191 eorum
1844 3161 1986 3204 Surrogati
2001 3167 2180 3204 conjundtim
2196 3167 2313 3198 Referre
2326 3174 2382 3201 te-'

1314 3198 1456 3228 nebuntur
1481 3197 1732 3229 Ambaffiatoribus
1753 3199 1853 3230 nostris
1869 3210 1951 3241 atque
1969 3203 2038 3234 dieti
2054 3204 2257 3245 Consanguinei
2275 3207 2367 3238 nostri

1312 3239 1413 3272 Ducis,
1430 3235 1598 3266 destinandis
1618 3237 1651 3267 &
1675 3236 1853 3276 Deputandis
1873 3240 1906 3270 ad
1932 3241 2071 3273 DIETAM
2089 3242 2367 3285 CoNVENTroNis,

1314 3274 1535 3313 Qintadecima
1557 3274 1616 3305 Die
1635 3275 1774 3308 Februarii
1790 3278 1924 3316 proximo
1939 3280 2028 3311 futura
2042 3281 2251 3318 celebrandam,
2270 3284 2298 3313 in
2315 3285 2367 3316 hiis

1312 3313 1345 3342 &
1366 3313 1492 3352 singulis,
1510 3313 1660 3344 summarie
1675 3315 1708 3345 &
1721 3315 1756 3345 de
1770 3317 1870 3354 plano,
1889 3316 1944 3348 sine
1958 3318 2069 3356 strepitu
2085 3327 2131 3349 aut
2145 3319 2231 3359 figura
2241 3320 2366 3362 Judicii,

1311 3360 1360 3387 per
1381 3351 1498 3381 eosdem
1519 3351 1737 3383 Commissarios
1753 3354 1952 3394 procedendo,
1963 3356 2038 3395 Juris
2057 3355 2183 3394 Ordine,
2202 3358 2222 3390 si
2239 3361 2277 3391 eis
2288 3362 2367 3394 vide-

1312 3390 1386 3420 bitur
1401 3390 1546 3429 expedire,
1566 3400 1625 3422 non
1638 3391 1745 3423 servato
1754 3415 1765 3431 ,

1345 3465 1426 3497 Hinc
1445 3466 1485 3497 est
1502 3468 1580 3506 quod
1600 3467 1677 3506 Nos,
2026 3509 2031 3514 ,
2077 3510 2082 3516 .

1348 3504 1397 3536 De
1416 3505 1620 3544 fidelitatibus,
1639 3507 1672 3537 &
1688 3507 1812 3546 providis
1828 3506 2136 3544 circumspectionibus
2155 3512 2254 3545 vestris
2271 3515 2363 3546 confi-

1308 3542 1345 3580 si,
1372 3543 1451 3573 dieto
1472 3545 1745 3584 Appun&uarnento
1760 3569 1769 3583 ,
1793 3555 1925 3584 quantum
1945 3546 1974 3575 in
1992 3546 2092 3579 Nobis
2106 3550 2164 3589 est,
2187 3554 2361 3591 acquiescere

1326 3581 1432 3611 olentes

1306 3592 1324 3613 v
1348 3619 1407 3649 Vos
1422 3604 1504 3650 D'uos
1518 3630 1571 3657 pro
1586 3621 1713 3652 Partibus
1731 3620 1890 3650 Cismarinis
1906 3619 2125 3664 ordinavimus,
2135 3626 2360 3668 Commffimus,

1308 3657 1341 3688 &
1361 3657 1583 3695 Deputavimus,
1605 3659 1638 3689 &
1654 3659 1771 3688 Tenore
1789 3658 1972 3691 Praesenrium
1991 3671 2044 3700 pro
2063 3664 2145 3695 Parte
2162 3666 2255 3696 nostra
2274 3667 2362 3698 Ordi-

1308 3705 1425 3734 namus,
1442 3696 1676 3733 Committimus,
1702 3698 1735 3727 &
1760 3696 1953 3740 Deputamus,
1971 3700 2053 3731 vobis
2072 3701 2238 3733 Mandantes
2255 3705 2289 3735 &
2311 3716 2361 3742 per

1306 3734 1415 3765 easdem
1431 3734 1576 3764 praesentes
1591 3733 1766 3773 Injungentes
1798 3743 1918 3774 uatinus,
1935 3738 1990 3768 una
2005 3748 2075 3769 cum
2091 3741 2172 3770 dietis
2186 3740 2360 3774 Commissa-

1305 3773 1353 3802 riis
1373 3772 1497 3810 praedieti
1517 3771 1723 3810 Consanguinei
1742 3781 1782 3802 no
1809 3774 1828 3803 ri
1850 3776 1950 3814 Ducis,
1976 3775 2092 3808 similem
2112 3779 2283 3810 Potestatem
2310 3782 2359 3813 ha-

1307 3811 1436 3841 bentibus
1446 3834 1454 3848 ,
1469 3810 1502 3840 ad
1520 3810 1728 3849 Recipiendum
1744 3810 1846 3850 lingula
1858 3812 2030 3851 Attemptata
2045 3817 2078 3846 &
2094 3816 2243 3856 Querelas,
2261 3819 2359 3852 haste-

1306 3857 1360 3879 nus
1377 3850 1462 3880 fadias
1483 3849 1516 3879 &
1538 3848 1574 3878 de
1595 3857 1673 3878 novo
1695 3849 1834 3880 faciendas
1849 3851 1882 3881 &
1900 3852 2084 3891 exhibendas,
2099 3864 2150 3891 pro
2165 3855 2247 3886 Parte
2261 3858 2356 3891 nostra

1308 3895 1352 3916 aut
1374 3887 1557 3917 Subditorum
1582 3885 1760 3924 nostrorum,
1777 3898 1810 3919 ac
1832 3890 1916 3920 etiam
1931 3900 1983 3928 pro
2001 3891 2082 3921 Parte
2093 3893 2158 3921 disti
2171 3896 2256 3924 Ducis
2273 3896 2357 3928 Con,

1307 3924 1446 3963 sanguinei
1468 3923 1554 3954 nostri
1568 3932 1614 3954 aut
1626 3924 1646 3944 ¹*
1661 3924 1844 3957 subditorum
1857 3928 1969 3958 suorum
1979 3950 1988 3965 ‚
2004 3937 2034 3958 ut
2046 3930 2215 3966 praedidtuin
2230 3933 2269 3963 est
2280 3958 2289 3974 ,
2309 3947 2358 3967 va-

1307 3966 1390 4001 cetis,
1409 3964 1442 3994 &
1458 3962 1605 3998 diligenter
1617 3963 1764 3994 intendatis
1777 3966 1853 3996 circa
1866 3966 2072 3997 Executionem
2088 3967 2302 4003 Praemifforum
2313 3997 2322 4012 ,

1346 4001 1401 4038 Et,
1420 4000 1453 4031 ad
1476 3999 1648 4039 Requestam
1668 4002 1878 4034 Attornatissve
1891 4003 2086 4048 procuratoris,
2096 4007 2200 4046 nostri,
2220 4019 2271 4048 pro
2286 4013 2357 4043 No-

1308 4038 1368 4079 bis,
1385 4040 1420 4072 &
1437 4038 1561 4071 Subdiris
1582 4039 1699 4080 nostris,
1713 4050 1831 4113 necncin
1849 4040 2043 4076 Procuratoris
2059 4043 2128 4080 dieti
2150 4045 2358 4095 Confinguinei

2270 4087 2359 4122 nostrl

2393 297 2469 328 Ann.
2480 299 2521 330 D.

2418 337 2502 375 1458.

2393 378 2458 402 Hm.
2476 377 2503 404 6.

2392 590 2467 622 Ann.
2482 591 2527 622 D.

2415 630 2498 668 1458.

2393 672 2443 695 Au.
2465 669 2510 704 36.

2265 696 2374 735 Legum
2394 708 2427 732 H.
2445 707 2473 750 55..

1950 771 2024 801 egno
2047 765 2146 796 nostro
2161 768 2289 810 Angliae,
2305 783 2375 805 cum
2394 744 2493 818 nuk?

1584 985 1590 989 η
2008 954 2241 1000 protectionem,
2263 962 2374 995 Tuitic-
2397 973 2415 992 ar
2437 975 2490 1005 XL

1321 990 1405 1019 nem,
1420 983 1454 1013 ὃς
1478 982 1683 1017 Defensionem
1698 988 1803 1019 nostras
1817 990 1946 1027 speciales
1963 994 2259 1040 praefatum-Jacobtm
2273 1001 2301 1031 in
2317 1001 2372 1033 Re>
2418 1021 2462 1048 ¹4·

2378 3958 2463 3994 0211„

2378 4005 2446 4032 4¹5·-
