2555 4266
266 108 344 158 148
704 99 1498 151 CONVENTIONsss,
1578 103 1964 160 LITERAE,

116 182 245 215 AnnD·
261 201 380 224 ventum
401 190 435 223 ὅτ
456 189 676 236 Concordatum
695 190 738 222 est
755 191 833 230 quod
851 191 968 229 praesens
982 190 1133 228 Amicitia,
1150 189 1320 227 Alligantia,
1355 188 1416 232 dis,
1436 187 1577 232 Firmandi
1597 189 1631 220 &
1646 189 1820 224 Roborandi
1834 193 1883 224 sub
1898 194 1978 231 Viis,
1996 192 2115 232 ModiS,
2135 193 2266 234 Formis,
2282 193 2316 225 &
2335 193 2419 227 Con-
2441 186 2518 220 Ann-
2529 189 2555 222 E

134 222 220 260 1467-
262 233 297 264 &
313 230 551 268 confoederatio,
569 229 806 268 Conventioque,
825 239 908 269 atque
935 228 1120 266 Concordia,
1140 228 1175 259 ad
1199 228 1322 267 Repara—
1361 226 1517 258 ditionibus
1537 227 1762 266 quibuscumque
1789 231 2050 270 juramentumque
2069 234 2100 263 in
2119 235 2255 265 Animam
2277 233 2404 265 nostram
2466 228 2551 268 1467.

111 261 180 289 3³⁹·
191 270 220 296 4·
263 272 374 302 tionem
398 270 431 300 &
454 269 704 300 Reformarionem
726 269 970 305 Attemptatorurn
988 268 1149 306 hujusmodi
1163 289 1173 305 ,
1190 268 1228 311 ab
1248 270 1321 297 Οτι-ἰι
1360 275 1415 303 pro
1427 265 1528 304 majori
1543 266 1697 297 Securitate
1709 268 1743 299 &
1757 254 1886 301 firmiore
1897 269 2075 302 Subfistentia
2090 271 2307 304 Praemifforum
2343 257 2423 304 Prae3
2441 268 2510 295 lid-u.
2522 278 2553 304 4-

264 309 332 339 solis
354 310 461 348 Quinti·
475 308 568 338 decimi
584 310 649 336 Diei
665 307 767 377 Mngs
780 307 945 336 Novembris
959 309 1093 344 proxime>
1110 307 1196 336 futuri
1211 306 1244 336 &
1260 315 1319 334 non
2317 295 2327 311 ²

264 353 330 379 ante
344 348 458 391 incipiat
473 356 556 386 atque
567 346 706 381 vigorem
769 344 914 376 Effieeltum
928 344 1071 384 sortiatur,
1088 345 1181 385 sicque
1193 345 1321 382 incipere
1364 303 1565 382 staCssteraque
1581 345 1679 375 omnia
1696 344 1730 375 &
1746 343 1853 389 finguia
1867 343 2015 385 Faciendi,
2033 346 2249 386 Exercendi,&
2265 349 2425 390 Expedien-

263 396 346 427 atque
361 385 504 423 Vigorem
516 386 550 417 δε
563 384 713 416 Effectum
727 384 815 414 sortiri
832 383 990 422 censeatur,
2258 388 2262 392 ·

685 423 690 427 ἡ
1359 381 1406 419 di,
1425 392 1490 420 quae
1516 383 1544 413 in
1565 382 1716 413 Praemiffis
1732 384 1779 414 seu
1800 383 1894 422 aliquo
1915 383 2128 416 Praemifforum
2142 410 2152 425 ,
2170 387 2214 417 seu
2238 397 2313 420 circa
2331 399 2362 420 ea
2376 390 2424 421 seu

302 425 452 463 Quodque
465 425 577 455 interim
590 426 649 454 tarn
662 423 754 453 dietus
769 423 912 453 Dominus
920 424 1051 453 Henricus
1067 425 1137 459 Rex,
1149 422 1235 459 quam
1249 429 1321 458 prae-
1358 429 1459 450 eorum
1475 421 1589 459 aliquod
1608 422 1759 452 necessaria
1779 422 1883 452 fuerint
1901 421 1946 452 seu
1967 425 2184 459 quomodolibet
2202 435 2341 464 oportuna
2393 438 2425 460 e.

262 462 334 494 farus
359 463 505 494 Dominus
527 462 678 492 Edvardus
701 461 783 500 Rex,
801 462 829 491 in
848 461 958 498 Terris,
982 461 1105 500 Regnis,
1121 461 1154 490 δε
1177 459 1320 488 Dominiis
1359 459 1447 489 tiarnfi
1461 459 1633 491 Mandatum
1648 460 1684 491 de
1698 461 1725 491 se
1741 462 1826 499 magis
1841 461 1954 499 exigant
1968 461 2104 500 speciale,
2356 450 2366 466 '

262 501 315 532 suis
335 501 498 541 hincinde,
516 500 601 539 ipsam
618 500 801 536 Amicitiam,
822 500 1018 538 Alligantiam,
1036 501 1070 531 ὃς
1084 497 1322 528 Confoederatio-

263 550 331 571 nem
339 562 350 579 ,
367 539 674 577 Conventionemque,
686 548 768 577 atque
779 538 975 568 Concordiam
987 538 1083 567 debite
1098 536 1238 565 Publicari
1252 534 1320 564 hinc

262 579 329 610 inde
349 578 468 616 facient,
487 580 523 609 ita
545 578 625 616 quod
639 578 676 607 ab
690 580 762 606 Ortu
777 576 843 606 Solis
859 577 924 605 didi
938 577 1042 616 Qinti
1057 575 1149 603 decimi·
1164 576 1227 602 Diei
1243 571 1320 609 post-

262 618 386 649 modum
401 628 455 656 pro
467 618 566 647 futuris
580 617 720 654 perpetuis
733 616 904 655 temporibus
920 614 1081 653 generaliter
1092 614 1121 642 in
1136 612 1270 641 omnibus
1286 611 1320 640 δε

261 665 312 695 per
332 658 430 687 omnia
444 656 644 692 observentur,
661 664 743 693 atque
758 663 861 684 exrunc
876 652 1064 690 imposterum
1078 657 1240 690 perpetuam
1255 649 1319 679 Ro-

259 694 336 727 boris
350 695 495 725 obtineant
508 694 692 724 Firmitatem.

296 734 342 765 I·r
352 743 370 764 ε
380 742 426 771 M,
443 732 631 763 Conventum
647 733 681 762 &
697 729 918 761 Concordarum
933 727 975 760 est
994 727 1093 766 quod,
1109 727 1145 758 ab
1163 729 1235 756 Ortu
1251 724 1318 755 Solis

252 772 379 812 praediffl
403 772 508 811 ,Quinti
532 771 623 800 decimi
645 772 731 805 Diei,
753 766 942 805 imposterum
958 790 967 805 ,
988 776 1041 804 pro
1063 766 1162 796 futuris
1181 765 1319 802 perpetuis

259 812 452 850 temporibus,
467 810 640 839 Mercatores
653 807 805 844 caeterique
820 805 932 836 Subditi
945 805 1053 843 praefati
1067 804 1191 834 Domini
1201 803 1318 832 Edwar-

1397 496 1617 537 Promittentes,
1637 499 1714 529 bona
1728 499 1798 530 Fide
1809 522 1818 537 ,
1837 500 1869 530 δε
1885 502 1914 528 in
1936 498 2036 529 Verbo
2060 499 2176 539 Regio,
2205 502 2274 534 Nos
2291 504 2403 536 Ratum

1359 533 1500 573 Gratum,
1513 538 1548 568 &
1563 537 1695 568 Firmum
1709 547 1762 576 pro
1778 547 1915 576 perpetuo
1933 538 2076 568 habituros
2093 539 2226 577 quicquid
2244 551 2293 580 pei·
2305 528 2421 575 diauni

1360 571 1558 604 Venerabilem
1572 574 1687 606 Patrem
1704 576 1885 606 Willielmum
1899 575 2070 615 Epiftopum,
2079 575 2336 619 Commiffarium,
2345 582 2423 613 Pro->

1358 619 1534 655 curatorem,
1553 613 1749 653 Deputatum,
1769 616 1802 646 &
1825 615 1979 645 Nuncium
1994 613 2142 654 nostrum,
2161 616 2192 646 in
2205 616 2302 648 forma
2317 620 2419 656 praedi-

1360 648 1424 692 ὄζει,
1441 650 1575 695 Actum,
1589 652 1731 691 Gestum,
1749 652 1795 684 seu
1818 653 2008 685 Procuratum
2035 654 2119 685 fuerit
2140 655 2169 684 in
2189 653 2353 696 Praemiffis,
2370 659 2419 690 seu

1357 687 1452 724 aliquo
1468 688 1694 732 Pnraemissorum.

1397 724 1532 768 luncujus
1553 729 1590 758 rei
1611 728 1831 773 Testimonium
1855 732 2002 769 praesentes
2019 731 2128 762 Literas
2141 730 2249 762 nostras
2263 731 2331 763 inde
2342 733 2417 773 fieri,

1356 763 1500 831 {iginii-iique
1521 765 1627 804 Magni
1649 767 1738 806 Sigilli
1759 768 1791 798 δε
1806 767 1946 800 Manualis
1955 770 2033 810 Signi
2046 770 2223 809 appositione
2230 771 2350 802 fecimus
2364 783 2414 804 ro-

258 851 305 888 di,
325 851 409 879 libere
433 848 536 891 absque
557 846 782 887 impedimento,
797 845 939 888 potuerint
964 844 997 874 &
1022 842 1134 888 yaleanr
1158 843 1187 870 in
1210 840 1318 879 Regno
1394 839 1461 884 Dat.
1483 841 1513 871 in
1538 840 1649 886 Palatia
1669 841 1756 882 nostro
1780 843 2023 886 Wstmonasterii,
2039 848 2137 886 primo
2152 846 2212 878 Die
2223 846 2309 887 Julii,
2327 848 2416 880 Anno

104 898 126 919 t
146 899 200 927 ΧῙ,
258 888 408 923 Castellae,
426 886 578 923 ‘serusque
593 887 610 901 '
627 884 660 915 &
684 883 827 913 Dominus
844 881 923 921 ipfius
941 884 1052 911 Henrm
1069 884 1146 917 Regis
1159 879 1209 908 sub
1228 878 1316 909 Pote-
1357 877 1453 918 Regni
1468 879 1558 910 nostri
1573 881 1722 920 Septimo,-

103 936 170 972 588,
202 966 206 967 ⁷
256 928 325 958 state
342 928 375 958 &
392 924 562 955 Obedientia
577 922 640 960 sua,
658 921 834 955 i-iaeredum,
847 920 892 950 vel
907 918 1105 951 successorum
1123 917 1316 956 suorum,pro

1565 955 1728 989 Astantibus
1740 958 1774 990 &
1795 957 1981 992 Praesemibus
1995 969 2065 993 tunc
2079 962 2206 1002 ibidem,

1391 1032 1601 1064 Venerabilibus
1616 1034 1762 1073 Patribus,

1388 1072 1490 1102 :thoma
1507 1072 1709 1113 Archiepifiopo
1722 1077 1890 1104 cantuarien
1920 1086 1929 1104 .-

1389 1112 1503 1141 Roberto
1520 1111 1695 1151 Barbanienfi
1706 1111 1745 1148 &
1760 1111 1861 1144 Wellen
1872 1125 1880 1141 1
1894 1113 2072 1146 Cancellario
2087 1115 2205 1155 nostro,

1391 1149 1515 1178 Waltero
1533 1150 1702 1190 Norwicenfi
1710 1174 1720 1188 ,

1387 1187 1522 1226 Johanne
1536 1188 1694 1219 Limolnien
1704 1201 1714 1217 ι
1722 1212 1732 1228 ,

1386 1226 1424 1256 Et
1436 1229 1586 1257 Laurentio
1602 1231 1684 1258 Dnno
1696 1225 1793 1268 nmfi,

1387 1264 1548 1303 Episcopis:

1387 1302 1518 1334 Necnon
1528 1327 1538 1342 ,

1386 1340 1540 1372 Carissimis
1556 1342 1694 1374 Fratribus
1709 1342 1830 1383 nostris,

1386 1383 1496 1418 Georgio
1513 1380 1659 1411 Clarenciae

254 974 386 1003 tempore
407 962 602 999 existentium,
620 968 807 1000 quaecumque
828 958 1023 988 Mercimonia
1042 966 1124 994 atque
1138 955 1197 986 Res
1213 955 1317 987 Emere

255 1006 290 1036 ὃς
305 1002 432 1033 Vendere
443 1026 452 1038 ,
471 1002 504 1033 δε
521 1001 601 1038 quod
635 999 816 1028 errrac'ientur
831 998 863 1028 &
879 998 1048 1033 habeantur,
1067 997 1133 1026 vere
1148 995 1181 1026 δε
1196 995 1252 1024 sine
1265 995 1314 1025 ali-

255 1046 311 1080 qua
331 1041 464 1075 fifflone,
481 1039 572 1078 quoad
631 1037 844 1081 ospitationem,
863 1034 1100 1073 Solutionemque
1123 1031 1314 1064 Consuetudi-

254 1090 337 1117 nem,
355 1079 559 1109 Custumarurn
570 1100 578 1114 ,
595 1079 628 1109 ὃ(
644 1076 757 1115 Jurium
771 1082 1031 1112 quorumcumque,
1047 1071 1161 1110 perinde
1175 1073 1204 1102 in
1215 1073 1313 1102 omni-

254 1120 305 1149 bus
326 1120 359 1150 &
381 1127 430 1155 per
446 1117 560 1153 omnia,
578 1125 610 1145 ac
625 1115 644 1144 si
659 1114 747 1144 essent
761 1112 919 1149 Origenarii
935 1113 968 1143 ὃς
983 1111 1096 1142 Subditi
1110 1110 1146 1140 sui
1161 1111 1266 1149 proprii
1279 1112 1313 1142 &

252 1157 390 1189 naturales
404 1167 414 1195 3
431 1155 564 1193 Juribus,
590 1152 792 1187 LibertatibuS,
809 1150 980 1189 Privilegiis,
997 1151 1031 1182 &
1053 1148 1312 1180 Consuetudinibus

253 1195 484 1231 Communitati,
503 1192 621 1232 Opidis,
641 1191 736 1228 Villis,
758 1189 1012 1226 Universitatibus,
1030 1187 1096 1219 Coll
1135 1188 1164 1217 iis
1201 1188 1235 1218 &
1256 1187 1311 1218 So-

249 1233 395 1266 cietatibus
410 1228 1106 1272 quibuscumque,retroaffis‘temporibusssonce
1128 1236 1150 1257 is
1163 1211 1210 1257 seu
1217 1226 1312 1256 Com-

249 1273 423 1312 petentibus,
442 1272 471 1301 in
484 1270 617 1300 omnibus
631 1269 740 1306 semper
751 1267 837 1297 saIVis.

289 1311 326 1342 Et
338 1310 371 1340 ad
387 1311 449 1339 haec
466 1309 562 1338 omnia
574 1309 607 1340 &
620 1306 727 1344 singula
746 1305 941 1344 suprascripta,
978 1313 1011 1334 ro
1026 1303 1107 1334 Parte
1121 1303 1228 1342 praefati
1243 1303 1307 1334 Do-

252 1351 325 1380 mini
342 1351 453 1379 Henriri
467 1350 560 1385 Regis,
579 1348 611 1377 &
626 1354 762 1384 quantum
775 1344 811 1375 ad
826 1343 916 1382 ipsum
965 1343 1070 1373 aeredes
1083 1343 1117 1374 &
1129 1342 1310 1373 Succeffores

249 1388 312 1419 suos
333 1388 468 1428 pertinet,
487 1387 561 1416 bene
585 1386 619 1417 ὅ(
640 1384 754 1415 fideliter
776 1381 973 1423 adimplenda,
989 1381 1074 1420 Nos,
1092 1378 1227 1420 Alfonfizs
1242 1383 1309 1420 Epi-

241 1427 335 1466 fiopus
356 1424 552 1464 civitatenfis‚
568 1422 803 1458 Commiffirius,
823 1421 1008 1458 Procurator,
1026 1421 1059 1451 &
1081 1419 1242 1457 Deputarus
1259 1430 1309 1449 an-
1386 1419 1424 1450 Et
1435 1419 1568 1458 Johanne
1582 1404 1730 1459 Suffiifciae,

249 1465 384 1503 tanetus,
404 1464 476 1494 Vice
492 1465 525 1495 ὃς
541 1461 674 1492 Nomine
687 1461 756 1492 dieii
774 1460 863 1490 nostri
883 1459 1006 1489 Domini
1019 1461 1132 1488 Henrici
1145 1461 1239 1496 Regis,
1257 1459 1310 1488 bo-
1386 1459 1432 1488 Ac
1450 1459 1554 1497 etiam,

1386 1495 1543 1527 Cariffimis
1555 1496 1780 1536 consanguineis
1791 1496 1912 1536 nostris,

1387 1537 1430 1564 W
1429 1535 1537 1565 illielmo
1554 1535 1718 1566 Arundellae
1726 1558 1737 1574 ,

1384 1575 1502 1603 Henrico
1520 1574 1655 1613 Effl’xiae,

245 1503 285 1535 na
302 1503 372 1534 Fide
387 1503 585 1533 Promittimus
599 1501 715 1539 praefato
729 1498 901 1529 Reverendo
913 1497 988 1528 Patri
1001 1497 1135 1528 Domino
1148 1495 1308 1534 Willielmo,

247 1545 367 1573 nomine
381 1552 438 1581 quo
454 1541 550 1578 supra,
567 1549 650 1577 atque
664 1541 693 1569 in
708 1538 844 1568 Animam
861 1536 941 1574 ipsius
954 1536 1077 1566 Domini
1094 1534 1181 1567 nostri
1196 1538 1308 1566 Henrici

246 1583 324 1619 Regis
338 1583 483 1618 juramus,
500 1578 580 1618 quod
595 1578 688 1609 distus
704 1576 799 1607 noster
813 1576 958 1606 Dominus
969 1576 1101 1605 neurim
1115 1577 1174 1603 Rex
1189 1573 1308 1612 Pacem,

246 1621 433 1655 Amicitiam,
453 1617 652 1656 Alligantiam,
671 1614 885 1652 Concordiam,
903 1615 936 1646 &
951 1613 1239 1644 Confoederationem
1253 1613 1307 1643 hu·
1383 1612 1527 1642 Edmundo
1536 1615 1669 1649 Kantiae3

240 1658 382 1698 jusmodi,
403 1655 690 1693 Conventionesque,
709 1655 743 1686 &
758 1653 862 1690 Pacta,
879 1662 906 1683 at
927 1662 962 1682 ue
978 1661 1079 1683 caetera
1093 1653 1191 1682 omnia
1205 1652 1307 1689 praedi-
1382 1649 1422 1681 Et
1433 1651 1569 1681 Richardo
1585 1652 1618 1682 de
1632 1655 1735 1681 Revers
1748 1650 1935 1683 Thesauran'o
1950 1650 2068 1691 nostro,

245 1698 310 1736 cta,
327 1698 355 1727 in
375 1696 510 1727 omnibus
524 1704 557 1725 ac
574 1704 622 1734 per
638 1694 734 1723 omnia
748 1692 871 1729 tenebit,
924 1691 1069 1728 implebit,
1087 1691 1121 1722 δε
1137 1690 1307 1720 inviolabili-
1382 1687 1566 1729 Comiribu53

244 1743 286 1767 ter
306 1735 480 1772 observabit,
499 1733 537 1764 sic
560 1743 593 1763 ue
617 1732 720 1769 teneri,
736 1730 902 1768 adimpleri,
920 1730 953 1761 ὅ(
976 1729 1118 1759 observari
1133 1728 1232 1768 faciet,
1246 1728 1309 1759 abs·
1383 1727 1597 1767 Nobilibusque
1610 1726 1750 1758 Baronibu

1412 1765 1515 1796 ohanne
1526 1770 1643 1796 Domino
1657 1767 1689 1796 de
1699 1738 1825 1805 Auzley
1832 1790 1842 1806 ,

1411 1804 1516 1834 ohanne
1529 1808 1648 1835 Domino
1663 1805 1695 1834 de
1707 1804 1814 1844 Dudley
1821 1828 1832 1844 ,

1381 1843 1530 1881 Humfrido
1545 1846 1662 1874 Domino
1677 1844 1708 1873 de
1724 1843 1885 1882 Crumwell,

1380 1880 1419 1913 Et
1435 1880 1584 1912 Willielmo
1596 1885 1714 1912 Domino
1732 1882 1764 1912 de
1780 1882 1943 1922 Hastynges.

1364 1919 1417 1989 liEt
1447 1921 1546 1952 multis
1572 1921 1631 1952 aliis
1658 1920 1827 1952 Proceribus
1856 1922 1890 1953 &
1912 1919 2093 1960 Magnatibus
2116 1918 2214 1960 Regni
2235 1920 2322 1953 nostri
2346 1918 2409 1953 An-

1343 1967 1364 1997 g
1386 1969 1410 1989 ae

1342 1982 1428 2068 ὥς,
1444 1996 1588 2038 Magistro
1609 1999 1724 2029 Henrico
1747 1997 1849 2037 Sharpe
1862 1997 2016 2030 Canonico
2030 1997 2193 2030 Londoniae
2208 1998 2336 2030 Notario
2349 2009 2405 2030 no-

1379 2113 1414 2145 In
1444 2124 1566 2153 quorum
1593 2114 1728 2146 omnium
1757 2113 1792 2145 δε
1816 2114 1990 2154 singulorum
2012 2113 2115 2146 Fidem
2137 2115 2171 2146 ὃ(
2191 2113 2409 2146 Testimonium

1341 2152 1411 2183 Nos
1421 2176 1430 2190 ,
1449 2152 1587 2192 Alfimfics
1602 2153 1742 2192 Epist-opus
1756 2153 1951 2193 Civitatenfir,
1966 2153 2155 2191 Procurator,
2174 2153 2409 2192 Commiffarius,

1339 2192 1373 2223 &
1394 2191 1554 2231 Deputatus
1578 2191 1765 2232 lupradictus,
1786 2191 1919 2232 Sigillum
1933 2191 2063 2223 nostrum
2079 2191 2264 2223 Praesentibus
2279 2193 2408 2231 apposui-

1342 2240 1414 2261 mus.

1375 2269 1450 2299 Data
1472 2269 1505 2300 &
1521 2268 1595 2300 Αᾶα
1608 2269 1670 2300 sunt
1685 2269 1748 2300 haec
1763 2270 1861 2300 omnia
1874 2270 1908 2301 &
1925 2269 2032 2312 singula
2046 2266 2209 2307 Praemiffii,
2228 2276 2312 2307 prout
2327 2267 2405 2308 supra

1339 2307 1515 2344 scribuntur,
1530 2318 1578 2344 per
1605 2307 1847 2346 Commiffiirios,
1866 2306 2082 2346 Procuratores,
2099 2309 2132 2339 &
2149 2307 2286 2338 Nuncios
2299 2307 2408 2338 antedi-

1338 2347 1400 2377 ἂος
1408 2369 1418 2385 ,
1435 2348 1464 2376 in
1478 2347 1588 2376 Palatio
1606 2346 1757 2386 Wstmona
1781 2350 1831 2376 erit*
1845 2350 1877 2377 in
1890 2346 2017 2384 Anglia,
2035 2350 2118 2376 Sexto
2134 2349 2189 2386 Die
2204 2345 2304 2385 Menfis
2317 2345 2406 2384 Julii,

1337 2388 1423 2416 Anno
1440 2388 1642 2416 lucar-nationis
1661 2383 1821 2424 Mlleimo,
1845 2385 2133 2426 ,Quadringentqfimffi
2156 2387 2319 2424 Sexagestmo
2337 2388 2400 2422 Sep-

1337 2429 1412 2455 timo.

240 1785 295 1813 que
310 1774 338 1804 V
340 1774 471 1804 iolatione
485 1773 519 1804 &
563 1771 778 1801 ontraventione
791 1777 990 1808 quacumque,

281 1812 426 1851 Quodque
447 1812 477 1841 in
499 1810 619 1841 Persona
641 1809 687 1839 sua
709 1818 761 1846 pro
783 1809 820 1838 ria
836 1806 961 1845 Pacem,
980 1806 1163 1844 Amicitiam,
1180 1804 1307 1844 Alligan-

240 1853 327 1890 tiam,
351 1849 568 1887 Concordiam,
592 1850 624 1880 &
646 1847 758 1878 Confoe
779 1846 952 1883 emtionem,
976 1854 1133 1884 caeteraque
1153 1846 1253 1875 omnia
1271 1846 1305 1876 &

239 1891 345 1929 singula
368 1887 534 1927 Praemissa,
548 1897 600 1926 pro
622 1886 792 1917 Haeredibus
814 1886 847 1916 δί
863 1884 1077 1915 Succefforibus
1090 1883 1160 1922 suis,
1178 1891 1306 1921 accepta-

239 1930 297 1966 bit,
315 1928 506 1966 approbabit,
526 1925 690 1963 ratificabit,
710 1926 743 1957 &
763 1923 962 1961 confirmabit,
981 1924 1015 1954 &
1034 1921 1180 1962 superinde
1195 1922 1303 1953 Literas

239 1968 298 1998 suas
320 1967 469 2004 Parentes,
488 1966 570 2003 ipsius
593 1964 689 2004 Sigillo
702 1965 734 1996 ὃς
753 1963 878 1993 Manuali
895 1962 986 2000 Signo
1000 1959 1190 1998 Comunitas,
1207 1961 1302 1991 Acce-

238 2007 410 2045 ptationem,
436 2004 702 2041 Approbationem,
722 2001 968 2036 Raiificationem,
987 2000 1020 2031 &
1040 1999 1302 2031 confirmationem

239 2044 400 2083 hujusmodi
421 2042 633 2079 Testiiicantes,
655 2050 738 2078 atque
765 2040 914 2070 Tenorem
940 2037 1038 2075 Pacis,
1064 2038 1226 2077 Amicus-2,
1251 2038 1303 2068 Al-

238 2083 380 2121 ligamine,
399 2083 431 2113 δι
445 2080 706 2111 Confoederationis
720 2079 878 2115 huiusmodi
892 2079 920 2108 in
933 2077 959 2107 se
974 2078 1172 2119 continentes,
1189 2086 1301 2107 memo-

238 2131 300 2152 rato
322 2121 458 2151 Domino
480 2119 615 2149 Ede-ardo
634 2121 698 2156 Regi
721 2117 833 2155 Angliae
847 2139 856 2155 ,
881 2117 926 2147 seu
949 2116 1031 2154 iplius
1054 2115 1231 2146 procuratori
1254 2124 1301 2147 aut

238 2159 382 2197 Nuncio,
401 2158 586 2189 sufficientem
603 2157 707 2187 Literas
719 2156 876 2193 hujusmodi
891 2154 1042 2191 recipiendi
1060 2154 1235 2186 potestatem
1250 2154 1300 2185 lia-

238 2200 333 2237 benti,
354 2199 422 2228 cirta
444 2196 559 2228 Festum
575 2195 688 2226 Paschae
703 2196 836 2233 proximo
849 2194 995 2230 futurum,
1014 2193 1121 2223 realiter
1135 2193 1168 2225 &
1185 2193 1302 2223 aestuali-

237 2246 295 2276 ter,
314 2236 401 2267 tradet
420 2237 453 2269 &
472 2236 615 2273 liberabit,
633 2234 678 2265 seu
696 2234 734 2265 sic
750 2233 820 2265 tradi
837 2234 870 2264 &
887 2233 995 2263 liberari
1005 2231 1102 2270 faciet,
1121 2231 1178 2262 fine
1191 2231 1303 2263 dilatio-

234 2286 271 2308 ne
289 2276 423 2307 ulteriori.

274 2353 378 2385 Tenor
392 2354 462 2383 vero
479 2351 633 2382 Literarum
654 2349 889 2387 Commissionis,
910 2348 1058 2386 Mmdari,
1077 2347 1302 2387 Procurationis,

237 2394 271 2425 δε
292 2391 457 2430 Potestaris,
474 2391 554 2421 disto
578 2389 749 2420 Reverendo
771 2389 846 2419 Patri
873 2388 1007 2420 Domino
1029 2386 1178 2418 lVillielmo
1194 2397 1241 2426 per
1254 2387 1299 2417 di-

236 2432 317 2461 etum
332 2429 495 2460 Dominum
507 2429 672 2458 Ede-ardum
687 2430 783 2465 Regem
798 2429 826 2457 in
840 2428 893 2458 hac
908 2436 985 2465 parte
1001 2434 1032 2457 ut
1046 2428 1226 2465 praemittitur
1237 2425 1299 2456 Da-

237 2477 275 2500 tae
292 2470 325 2500 &
339 2467 510 2504 Concessae,
528 2467 649 2503 sequitur
663 2468 697 2498 δε
713 2465 755 2496 est.
767 2466 844 2500 talis,

274 2507 445 2546 Ea'vardus,
461 2506 521 2536 Dei
539 2505 656 2542 Gratia,
675 2508 734 2534 Rex
758 2504 870 2541 Angliae
893 2503 931 2538 &
953 2507 1095 2541 francie,
1115 2505 1149 2536 δε
1168 2506 1299 2533 Dominus

236 2546 376 2574 Hiberniae
387 2568 397 2584 ,
412 2545 563 2583 omnibus,
583 2543 617 2574 ad
639 2552 709 2583 quos
726 2543 872 2583 praesentes
889 2543 991 2574 Literae
1007 2544 1204 2581 pervenerint,
1221 2542 1301 2573 Salu-

233 2591 303 2616 tem.

272 2623 369 2653 Sciatis
382 2621 461 2660 quod
479 2620 548 2652 Nos
559 2643 568 2658 ,

270 2659 320 2691 De
338 2660 497 2698 Fidelitate,
514 2657 796 2697 Circumspeffione,
816 2659 848 2689 δε
869 2656 1008 2688 Industria
1023 2656 1198 2687 Venerabilis
1213 2656 1301 2687 Patris

1764 2461 1952 2493 Praesentibus
1958 2485 1970 2501 ,

1379 2539 1522 2617 fflgiseitig
1535 2540 1658 2608 xl-Illgtsr'ico
1674 2576 1762 2616 Sbarp
1774 2575 1888 2616 Legum
1904 2575 2036 2608 Doctore
2048 2575 2176 2608 Notario
2193 2574 2301 2616 Regis,

1377 2617 1493 2646 Ricardo
1509 2616 1576 2645 Boll
1587 2615 1705 2646 Clerico
1713 2639 1724 2654 ,

1373 2655 1414 2687 Et
1430 2656 1544 2685 Ricardo
1558 2657 1701 2693 Langport
1715 2653 1835 2684 Tanton
1850 2653 2080 2691 Archidiacono,

235 2698 381 2729 willielmi
400 2697 514 2739 Elienfis
538 2696 677 2737 Episcopi,
698 2699 778 2727 unius
800 2706 833 2726 ex
849 2695 1022 2726 Confiliariis
1039 2695 1157 2734 nostris,
1176 2697 1300 2736 plenarie
1377 2693 1526 2732 Necnon,

235 2738 427 2776 confidentes,
1373 2732 1497 2762 Ferando
1517 2733 1549 2761 de
1572 2729 1733 2761 Palencuela
1751 2730 1940 2761 Thesaurario
1960 2730 2076 2761 Placen.
2095 2729 2233 2762 Ecclefiae
2254 2730 2286 2761 in
2300 2728 2403 2769 Hispa-

275 2776 407 2807 Eundem
429 2773 610 2805 Veni-rabilem
631 2775 743 2803 Patrem
767 2772 898 2803 nostrum
921 2781 1021 2801 verum
1048 2772 1081 2802 δε
1106 2772 1297 2803 indubitatum
1338 2771 1399 2808 nia,

238 2814 494 2852 Commiffarium,
510 2813 747 2849 Procuratorem,
768 2811 964 2850 Deputatum,
980 2812 1013 2842 &
1033 2810 1188 2841 Nuntium
1213 2820 1298 2847 gene-

235 2855 323 2885 ralem
339 2855 371 2885 &
387 2853 531 2890 specialem
545 2850 776 2886 Censtituimus,
794 2850 1017 2887 Deputavimus,
1036 2851 1069 2880 ὃς
1082 2848 1298 2887 Ordinavimus,

235 2902 287 2930 ac,
302 2893 419 2923 Tenore
442 2891 645 2928 Praesentium,
662 2889 889 2926 Censtituimus,
907 2886 1106 2926 Deputamus,
1124 2889 1157 2919 &
1173 2887 1298 2918 Ordina-

234 2939 298 2962 mus

272 2954 381 3000 Da’antes
395 2970 427 3001 ἃ
443 2967 642 2998 Comedentes
660 2965 756 2996 eidem
773 2963 997 3003 Commissario,
1016 2963 1213 3003 Procuratori,
1233 2963 1296 2995 De-

233 3011 352 3046 putato,
369 3009 402 3040 &
421 3006 543 3037 Nuncio
564 3005 664 3036 nostro
683 3004 793 3042 plenam
815 3002 990 3034 Potestatem
1002 3013 1036 3033 ac
1054 3002 1226 3034 Mandatum
1245 3012 1295 3043 ge-

236 3048 329 3077 nerale
349 3048 382 3079 &
405 3045 534 3083 speciale,
552 3055 604 3082 pro
627 3043 739 3079 Nobis,
759 3042 946 3080 Haeredibus,
960 3043 993 3074 ὅ(
1015 3041 1225 3072 Succeisoribus
1242 3051 1297 3071 no-

237 3084 299 3115 stris
315 3109 325 3123 ,
346 3085 453 3124 Regnis
467 3106 476 3122 ,
500 3083 597 3114 Terris
613 3105 623 3120 ,
649 3081 813 3118 Dominiis,
836 3081 974 3118 Subditis,
1002 3080 1126 3119 Amicis,
1153 3080 1295 3119 Alligatis‚

236 3123 450 3155 Confoederatis
463 3146 473 3160 ,
497 3122 680 3157 Faventibus,
703 3121 737 3150 ὅ(
761 3119 976 3149 Adhaerentibus
994 3118 1096 3149 nostris
1116 3120 1297 3158 quibuscum-

238 3172 311 3199 que,
326 3172 395 3193 cum
415 3159 599 3191 illustrissimo
623 3158 755 3195 Principe
774 3157 927 3188 Carissimo
950 3157 1170 3196 Consanguineo
1195 3157 1294 3188 nostro

240 3203 356 3231 chrico
369 3204 438 3237 Rege
451 3197 572 3238 Castellae
584 3195 622 3232 ὠ·
638 3199 761 3233 Legionis
770 3219 779 3233 ,
797 3195 856 3230 &a
873 3196 917 3226 seu
931 3196 1012 3233 ipsius
1025 3195 1275 3227 Ambaffiatoribus
1284 3219 1294 3233 ,

239 3238 467 3276 Commiflariis,
496 3236 747 3271 Procurator-ibus,
771 3234 919 3272 Deputatis
935 3256 944 3271 ,
971 3234 1003 3264 &
1028 3234 1156 3265 Nunciis
1182 3235 1295 3272 quibus-

236 3286 363 3316 cumque
374 3301 382 3315 ,
400 3276 583 3308 sufficientem
598 3274 632 3304 ad
649 3274 706 3303 hoc
729 3271 899 3302 Potestatem
913 3271 1096 3309 habentibus,
1116 3273 1272 3303 Traetandi
1284 3295 1294 3311 ,

237 3313 475 3353 Comunicandi,
503 3311 739 3354 Appunemandi,
767 3310 986 3346 Conveniendi,
1009 3308 1234 3348 Concordaudi,
1260 3313 1293 3342 &

236 3351 351 3384 finaliter
379 3352 578 3385 Concludendi
606 3351 642 3382 de
661 3352 695 3381 ὃ(
719 3350 797 3386 super
821 3357 953 3386 perpetua
974 3348 1007 3378 &
1029 3349 1093 3377 reali
1116 3347 1191 3377 Pace
1211 3358 1293 3386 atque

234 3389 402 3458 tCosncordia
413 3416 422 3431 ,
440 3401 555 3423 necnon
580 3389 674 3429 Ligis,
693 3388 852 3425 Amicitiis,
868 3388 902 3418 &
916 3385 1217 3416 Confoederationibus
1232 3388 1295 3424 qui-

256 3439 354 3459 urcum
376 3441 409 3461 ue

272 3440 443 3506 Intequoi,
461 3467 614 3505 Haeredes,
639 3466 672 3497 &
691 3463 867 3495 Successores
888 3461 1000 3494 nostros
1031 3461 1155 3499 Regna,
1171 3461 1292 3499 Terras,

233 3503 375 3537 Dominia
389 3506 501 3543 nostra,
519 3506 671 3543 Subditos,
687 3503 820 3540 Amicos,
838 3485 1292 3546 AlligatOS‚Consoedeiatqs,Fa·

234 3553 332 3575 ventes
347 3567 355 3580 ,
390 3546 423 3576 &
453 3545 634 3575 Adhaerentes
651 3541 763 3573 nostros
784 3540 971 3579 quoscunque
991 3549 1026 3570 ex
1049 3539 1132 3570 Parte
1150 3548 1206 3568 una
1219 3561 1229 3576 ,
1255 3539 1290 3570 &

233 3583 385 3621 praefatum
407 3582 655 3621 Consanguineum
674 3580 803 3611 nostrum
824 3582 970 3608 Henricum
990 3581 1088 3615 Regem
1109 3575 1229 3617 Castellae
1250 3575 1288 3611 &-

233 3624 360 3660 Legionis
373 3620 534 3660 ,Haeredes
553 3623 586 3652 &
611 3618 788 3651 Succeffores
808 3618 885 3656 suos,
905 3617 1021 3655 Regna,
1037 3617 1139 3647 Terras
1182 3615 1289 3646 Domi-

233 3662 280 3692 nia
298 3661 361 3698 sua,
386 3659 533 3695 Subdjtos,
554 3660 686 3696 Amicos,
711 3657 862 3697 Alligatos,
882 3655 1120 3692 Confoederatos,
1139 3638 1291 3698 Favenres,

1374 2811 1457 2838 Petro
1480 2810 1606 2838 Patineri
1628 2807 1783 2846 Capellano
1805 2807 1933 2846 praedisti
1955 2806 2084 2839 Domini
2098 2805 2216 2848 Alfonfi
2227 2806 2402 2846 Civitatenfis

1338 2847 1556 2930 Είέζῑέαὲἶὶὶαπηε
1569 2885 1603 2915 de
1619 2885 1705 2915 Ribas
1723 2885 1894 2931 Armigew,
2245 2922 2250 2927 Π

1374 2925 1411 2956 ht
1435 2934 1491 2969 ego
1511 2923 1647 2964 Alfonfin
1669 2923 1845 2963 Civitatenfis
1864 2922 2024 2967 Epifiopuf,
2042 2922 2134 2954 Manu
2177 2921 2399 2966 ropria‘subscri'-

1336 2963 1425 3008 bens,
1440 2964 1564 3008 Signum
1584 2972 1682 3006 meum
1704 2961 1842 2993 Manuale
1866 2961 2051 2992 Praesenubus
2071 2931 2187 3001 apposiii
2198 2970 2231 2991 in
2245 2960 2349 2991 Fidem
2364 2962 2399 2993 &

1335 3003 1550 3034 Testimonium
1568 3000 1792 3033 Praemifforum.

1373 3077 1443 3109 Nos
1462 3078 1587 3116 Pacem,
1609 3078 1775 3109 Amicitiam
1813 3076 2011 3115 Alligantiarn,
2030 3073 2248 3114 Concordiam,
2262 3075 2297 3107 ὃς
2311 3074 2396 3106 Con-

1334 3116 1548 3148 foederationem
1569 3116 1750 3155 hujusmodi,
1775 3099 1991 3146 Conventiones
2014 3113 2048 3143 &
2068 3112 2171 3151 Pac'ta,
2197 3122 2280 3152 atque
2295 3123 2397 3146 caetem

1333 3156 1431 3186 omnia
1446 3156 1479 3186 &
1493 3156 1511 3185 s
1554 3155 1615 3192 ula,
1634 3154 1769 3185 Nomine
1785 3153 1901 3190 nostro,
1919 3159 1951 3182 ut
1964 3150 2128 3191 praefertur,
2145 3151 2232 3182 Fadia
2247 3152 2279 3183 &
2297 3151 2397 3192 Gesta,

1333 3203 1385 3233 pro
1404 3193 1521 3231 Nobis,
1574 3194 1726 3230 aeredibus,
1744 3193 1777 3223 &
1796 3190 2009 3222 Succefforibus
2022 3188 2141 3227 nostris,
2159 3191 2189 3220 in
2203 3189 2325 3221 Persona
2340 3202 2396 3222 no-

1331 3233 1385 3263 stra
1407 3233 1536 3271 propria,
1556 3241 1590 3262 ac
1611 3240 1645 3261 ex
1663 3240 1740 3261 certa
1761 3230 1900 3267 Scientia,
1916 3230 1950 3260 &
1971 3228 2148 3259 Auctoritate
2171 3227 2267 3258 nostra
2284 3228 2395 3268 Regia,

1332 3276 1512 3309 Acceptamus
1525 3292 1534 3308 ‚
1559 3269 1766 3307 Approbamus,
1791 3267 1992 3307 Ratificamus,
2013 3267 2048 3298 &
2069 3265 2282 3306 Confirmamus,
2306 3278 2395 3307 eaque

1332 3311 1430 3340 omnia
1452 3310 1485 3339 &
1510 3308 1628 3347 fingula,
1646 3317 1700 3345 pro
1716 3307 1797 3337 Parte
1810 3306 1922 3344 nostra,
1941 3306 1975 3337 &
1989 3306 2018 3335 in
2033 3312 2171 3342 quantum
2185 3305 2272 3342 Nos,
2289 3305 2394 3337 Haere-

1332 3349 1397 3385 des,
1415 3349 1448 3377 &
1470 3347 1647 3377 Succeffores
1660 3343 1770 3375 nostros
1784 3352 1979 3381 concernunt,
1995 3344 2024 3373 in
2038 3344 2175 3373 omnibus
2187 3344 2220 3374 &
2236 3353 2284 3382 per
2293 3346 2393 3376 omnia

1332 3386 1407 3415 bene
1424 3386 1456 3415 &
1471 3385 1586 3414 fideliter
1599 3384 1734 3420 Tenere,
1749 3382 1914 3419 Adimplere
1924 3403 1934 3419 ‚
1952 3391 1986 3412 ac
2000 3381 2199 3412 inviolabiliter
2213 3381 2391 3422 Observare,

1332 3423 1425 3461 sicque
1447 3422 1571 3459 Teneri,
1589 3421 1766 3458 Adimpleri,
1780 3421 1813 3451 ὅ(
1837 3419 1988 3451 observari
2001 3419 2112 3458 facere,
2130 3419 2232 3458 absque
2250 3420 2390 3453 Violatio-

1329 3470 1368 3529 {e
1383 3462 1427 3504 &¹
1438 3458 1682 3504 Contraventione
1696 3468 1880 3498 quacunque,
1898 3457 1978 3489 boni
1988 3457 2058 3488 Fide
2069 3459 2103 3490 &
2116 3459 2148 3489 in
2161 3457 2261 3490 Verbo
2276 3459 2388 3499 Regio,

1356 3506 1535 3529 romittimuS.

1366 3536 1400 3567 Iri
1421 3537 1500 3573 cujus
1521 3536 1560 3566 rei
1574 3534 1791 3565 Testimonium
1803 3534 1949 3572 praesentm
1962 3534 2070 3566 Literas
2084 3534 2214 3566 Patentes
2229 3535 2298 3566 inde
2309 3533 2386 3573 fieri,

1326 3573 1480 3618 nostrique
1499 3573 1607 3618 *Magni
1636 3573 1726 3613 sigilli·
1747 3574 1781 3605 ὅ(
1806 3572 1951 3605 Manualis
1967 3573 2050 3612 Signi
2074 3574 2250 3613 appositione
2269 3573 2388 3604 fecimus

1327 3623 1514 3646 communiri.

234 3700 268 3729 ὃς
291 3699 474 3729 Adhaerenres
491 3695 553 3726 suos
570 3698 768 3736 quoscunque,
794 3704 829 3726 ex
853 3695 936 3726 Parte
957 3694 1057 3732 altera,
1075 3692 1290 3731 contrahendis,
1365 3692 1381 3707 ⁸
1402 3689 1470 3720 Dat.
1496 3690 1525 3719 in
1544 3687 1654 3719 Palatio
1677 3688 1765 3730 nostro
1786 3688 1869 3719 Villa·
1891 3691 2007 3720 Metine
2027 3690 2062 3720 de
2076 3692 2190 3726 eampo,
2207 3688 2316 3717 Decimo
2330 3689 2384 3717 Die
2401 3694 2480 3724 *XL*

234 3736 377 3774 Ineundis,
393 3734 533 3770 faciendis,
551 3735 584 3765 &
602 3733 818 3773 confirmandis,
1327 3728 1428 3768 Menfis
1443 3728 1620 3766 Septembris,
1638 3732 1725 3758 Ani-‚o
1741 3730 1854 3758 Domini
1866 3728 2029 3769 Mllifimo,
2039 3722 2308 3769 Qahingentefimo
2321 3729 2383 3765 Sep·
2400 3742 2466 3769 590,

272 3776 402 3806 Necnon
422 3772 582 3813 hujusmodi
605 3772 713 3802 Pacem
733 3781 815 3811 atque
836 3770 1050 3808 Concordiam,
1075 3769 1210 3808 Ligastiue
1247 3768 1288 3800 A·
1324 3772 1399 3798 timo.

234 3815 374 3852 micitias,
398 3815 431 3846 δε
454 3810 737 3848 Confoederationes,
762 3819 843 3848 atque
867 3818 1055 3849 quaecumque
1078 3807 1182 3846 Paua,
1234 3817 1287 3838 on-

235 3855 396 3890 Vennones,
411 3852 445 3883 δε
462 3848 667 3882 Promiffiones
677 3847 728 3886 ,de
742 3849 774 3879 &
787 3849 865 3886 super
880 3847 1200 3879 Communicationibus
1223 3844 1287 3876 Co-

235 3890 452 3921 habitationibus
459 3913 469 3929 ,
476 3888 695 3925 Excercitioque
709 3885 964 3917 Commerciorum
972 3910 981 3924 ,
989 3887 1022 3918 &
1036 3884 1193 3915 Intercursu
1243 3893 1287 3915 er-

1754 3841 1939 3877 Praesenu'bus
1946 3865 1959 3882 ‚

1363 3918 1525 3959 Magnificis
1540 3919 1676 3950 Dominis
1691 3920 1724 3951 ac
1738 3919 1964 3951 Honorabiiibus
1974 3914 2049 3947 viris
2065 3906 2195 3945 concilii
2208 3913 2319 3956 nostri,

80 3935 101 3956 t
119 3937 174 3965 XL
236 3928 425 3966 candisarum,
443 3932 515 3960 inter
528 3926 678 3962 sabditos,
697 3923 863 3961 *utriusque
876 3925 964 3955 Partis
976 3923 1161 3964 imposterum
1177 3922 1286 3953 haben-

231 3965 298 4036 is
311 3966 490 4043 aaa&
504 3961 1283 4042 {aaz§aaaaeeeiaefasaiae
1356 3957 1781 4030 &matema
1794 3957 1922 3997 Effe
1937 3958 2133 3992 'mm’

1900 4004 1942 4024 va
1952 3995 2029 4023 Duco
2043 3990 2078 4022 de
2098 3990 2371 4062 Albmquerffuebo·
