2555 4266
821 265 923 306 ET
1005 264 1271 307 ACTA
1353 264 1826 310 PUBLICA.

1300 348 1427 386 nicandi,
1445 350 1621 389 TracTtandi,
1640 351 1856 391 Conveniendi,
1871 352 1904 384 &
1918 351 2135 389 Concludendi‚

2281 281 2357 323 245

2365 351 2442 382 Ann.
2458 350 2504 387 D.

72 349 198 384 Ann.D.
209 350 305 382 nilatio
324 349 444 388 ejusdem
460 373 469 387 ,
488 350 558 380 edm
577 346 704 386 praefatus
723 349 846 387 Princeps
862 349 1057 389 szsjamzaerum
1075 351 1108 382 δε
1125 349 1197 379 Filia
1218 358 1268 379 no·
1399 389 1403 392 γ

1338 386 1383 416 Ac
1397 387 1502 426 insuper
1518 400 1570 426 pro
1587 391 1684 420 Nobis
1699 400 1714 419 a
1728 392 1808 421 disto
1815 395 1884 429 Rege
1894 394 2071 420 Romanorum
2086 389 2257 428 praefatoque
2268 392 2349 419 Prin·
2394 392 2479 430 1508.

82 391 167 428 1508.
205 388 263 428 stra
281 388 415 426 praediola
433 389 466 418 ad
484 389 639 427 legitimam
652 386 794 417 Nubendi
808 388 937 419 AEtatem
954 390 1132 426 pervenerint
1146 411 1155 425 ,
1170 388 1265 418 debite

62 432 127 457 lien.
150 440 176 466 7.
208 426 410 458 contrahentur
440 428 473 457 ὃς
491 426 742 457 solemnisabuntur
756 448 766 463 ,
793 426 959 458 securitates
974 451 984 464 ,
1002 426 1173 464 Cautiones,
1192 426 1266 456 Pro-

63 2803 84 2822 *
99 2802 185 2833 XIII.

65 2841 126 2876 187.

206 465 287 495 missa
298 488 308 502 ,
333 466 366 496 &
383 465 583 502 obligationes
598 487 608 503 ,
634 464 794 501 Literasque
813 465 1002 504 Obligatorias
1019 465 1149 495 Poenales
1167 466 1196 493 in
1214 464 1265 494 de-

204 504 264 534 bita
282 505 316 534 &
335 503 482 534 sufficienti
499 504 592 534 forma
609 503 712 540 saetas,
730 503 787 531 tiam
807 503 914 541 praefati
930 505 1008 540 Regis
1018 506 1196 532 Romanorum
1209 511 1262 539 pro

204 541 242 572 Se
258 542 290 572 &
310 553 358 579 per
378 542 416 572 Se
429 553 462 572 ac
481 542 614 572 Nomine
631 540 680 570 fiio
707 542 821 578 proprio
837 551 980 580 tamquam
994 544 1070 578 Regis
1082 544 1262 570 Romanorum

206 580 294 618 quam
312 581 393 619 ipsius
408 584 487 617 Regis
506 583 686 609 Romanorum
702 579 732 608 T
735 580 828 609 utorio
847 578 980 609 Nomine
999 580 1032 610 &
1046 589 1180 617 tanquam
1199 579 1264 608 Tu-

205 619 274 649 toris
293 619 400 657 praesati
418 621 548 656 Principis
566 617 772 658 Hispaniarum,
788 618 821 647 ὃ(
836 616 950 656 ejusdem
964 619 1111 656 Principis,
1129 618 1164 648 de
1179 616 1262 659 0οη-

207 656 284 688 seusu
310 667 406 688 tamen
433 658 466 688 ὅτ,
488 657 607 688 Affensu
629 655 698 684 dicii
722 658 800 692 Regis
822 659 1000 685 Romanorum
1018 656 1137 687 Tutoris
1153 657 1186 686 ὅ(
1206 656 1263 685 Ανι

206 696 246 725 sui
261 719 271 732 ‚
297 705 330 726 ac
353 698 435 725 etiam
460 696 584 732 praefatae
610 696 735 722 Dominae
758 696 928 730 Margaretae
952 694 1003 724 suis
1028 694 1145 731 Magnis
1163 694 1264 732 Sigillis

205 734 332 764 fioillatas
348 735 384 765 &
404 733 541 765 Manibus
558 733 610 762 suis
629 731 806 769 subscriptas,
826 742 939 762 necnon
954 732 1058 763 Literas
1077 733 1264 771 obligatorias

203 760 327 803 fitoniliter
344 772 476 802 Poemles
493 780 537 802 tot
555 772 588 800 ὃς
604 769 700 799 talium
717 772 908 807 Dominarum,
925 770 1101 800 Scultetorum
1116 794 1126 809 ‚
1140 771 1264 800 &abmo-

202 821 281 847 wm,
299 810 570 850 Burgimagistrorum
584 831 593 846 ‚
619 811 847 847 ammanitarum
864 831 874 846 ,
899 810 1059 846 opidorum,
1077 810 1110 840 δε
1126 809 1262 839 Villarum

203 850 313 887 praefati
338 851 470 886 Principis
492 847 686 888 Hispaniarum
704 846 889 877 Subditorum
905 871 914 883 ,
942 858 1013 884 quot
1038 849 1071 879 δε
1097 848 1190 886 quales
1205 847 1263 877 sive

203 888 294 925 qualia
313 897 363 925 per
392 886 462 916 Nos
486 896 532 916 aut
556 886 648 915 diotos
665 884 776 914 nostros
793 885 1009 915 Commiffarios
1027 887 1264 923 nominabuntur,

202 926 328 956 {imiliter
346 926 376 954 in
393 925 487 954 debita
503 925 536 955 &
552 923 703 954 sufficienti
720 923 814 953 forma
834 923 918 953 facias
937 925 969 955 ὃς
987 924 1120 954 Manibus
1133 925 1186 955 suis
1200 924 1265 953 sub-

202 963 338 1001 scriptas,
364 963 398 993 &
426 963 529 1000 Sigillis
555 962 607 992 suis
634 961 790 998 (videlicet)
815 961 916 1000 Sigillis
936 963 1096 992 Armorum
1114 963 1148 993 &
1164 963 1264 1002 sigillis

201 1001 408 1033 communibus
426 1002 579 1038 respeeh've
597 1000 736 1039 figillatas,

241 1039 356 1078 Qubus
382 1040 498 1078 qzidem
524 1039 625 1069 Literis
648 1037 833 1074 obligatoriis
858 1038 986 1076 praefatus
1004 1042 1064 1068 Rex
1082 1042 1261 1069 Romanorum

201 1079 236 1109 &
255 1080 337 1108 Princ
367 1089 381 1107 s
397 1078 608 1118 Hispaniarum,
625 1076 806 1106 Nominibis
822 1100 831 1113 ,
859 1077 1098 1115 Audieritatibus,
1117 1077 1265 1110 Consensu

202 1116 237 1147 &
257 1116 326 1147 Affe
359 1127 376 1146 u
402 1119 501 1155 quibus
525 1116 605 1154 supra
618 1139 627 1152 ‚
653 1125 686 1145 ac
705 1115 839 1154 praedic'ta
853 1118 972 1144 Domina
991 1116 1124 1155 Duciffiz,
1149 1127 1265 1148 necnon

203 1153 274 1185 dieu
291 1158 418 1194 Domini,
436 1154 566 1193 Sculteti,
582 1153 706 1191 Scabini,
724 1153 942 1192 Burgimagistri,
961 1153 987 1184 se
1003 1156 1037 1185 ὃς
1050 1165 1150 1186 eorum
1164 1166 1265 1195 quem-

203 1193 274 1224 libet
293 1193 430 1224 Haeredes
448 1196 481 1226 &
499 1192 677 1223 Succeffores
695 1192 757 1222 suos
770 1213 782 1234 ,Δ
806 1202 839 1222 ac
858 1195 958 1230 Regna
973 1215 983 1231 ,
1002 1192 1122 1232 Terras,
1141 1195 1263 1232 Patrias,

203 1231 344 1262 Dominia
355 1254 364 1268 ,
383 1232 411 1263 V
414 1232 486 1270 illas,
503 1231 600 1269 opida
614 1255 624 1270 ,
653 1231 686 1261 &
702 1239 800 1260 omnia
818 1230 895 1273 Bona
910 1231 955 1260 sua
974 1232 1092 1262 mobilia
1107 1236 1140 1264 &
1157 1235 1265 1264 immo-

203 1270 283 1308 bilia,
304 1271 444 1308 praesentia
457 1272 491 1302 δε
506 1271 616 1307 futura,
633 1270 794 1311 ubicunque
809 1268 912 1298 fuerint
928 1278 1048 1308 reperta,
1068 1281 1182 1302 necnon
1197 1283 1264 1304 om-

202 1319 252 1339 nes
281 1311 314 1341 ὃς
351 1310 472 1348 lingulos
495 1309 627 1339 Subditos
655 1308 687 1338 ὅ(-
714 1306 862 1349 opidanos
888 1307 950 1337 suos
974 1318 1006 1338 ac
1031 1309 1264 1342 Communitates

203 1347 262 1378 suas
276 1369 286 1386 ‚
313 1348 540 1386 eorumdemque
560 1348 657 1376 omnia
674 1346 707 1376 δε
727 1345 925 1389 ίιοὲυἰαβοηᾳ
942 1347 1084 1385 praesentia
1101 1350 1134 1380 ὃς
1153 1350 1261 1388 futura,

208 1387 375 1426 ubicunque
400 1387 504 1417 fuerint
530 1395 637 1423 reperta
653 1406 664 1422 ,
682 1385 798 1427 Singula
816 1384 935 1427 Singulis
953 1390 1082 1425 congrue
1098 1388 1264 1428 referendo,

208 1425 324 1463 Nobis,
342 1425 511 1456 Haeredsbus
528 1426 562 1456 ὃς
579 1423 790 1454 Succefloribus
809 1424 909 1453 nostris
924 1425 1095 1461 obligabunt
1111 1426 1144 1456 &
1163 1438 1263 1458 eorum

203 1464 360 1502 quemlibet
374 1465 513 1503 obligabit
526 1485 536 1501 ‚
561 1462 610 1492 sub
628 1461 704 1492 certa
722 1461 911 1492 Pecuniarum
931 1462 1050 1493 Summi
1064 1488 1073 1502 ‚
1099 1463 1199 1495 Poenae
1211 1476 1264 1496 no-

204 1504 302 1540 mine,
318 1513 366 1541 per
384 1502 602 1532 Commillarios
622 1499 761 1538 utriusque
779 1499 868 1530 Partis
885 1501 1029 1531 limitanda
1045 1525 1054 1539 ,
1073 1505 1264 1542 nominanda,

203 1541 237 1571 ὅ(
256 1541 466 1571 determinanda
482 1564 492 1579 ,
518 1540 615 1569 Nobis
627 1563 637 1576 ,
662 1538 828 1568 Haeredibus
845 1561 854 1575 ‚
879 1539 912 1569 &
936 1539 1149 1571 Succefforibus
1163 1543 1263 1572 nostris

201 1579 355 1617 solvendi,
374 1581 407 1610 δε
427 1590 476 1617 per
496 1578 583 1615 Nos,
600 1577 736 1607 Haereies
748 1599 757 1613 ,
777 1578 810 1607 δε
828 1576 1010 1619 Successores
1029 1579 1156 1617 nostros,
1176 1584 1262 1612 libere

203 1617 307 1655 abscme
321 1618 549 1648 contradictione
563 1616 764 1653 cujuscumque
780 1637 790 1651 ,
815 1614 893 1651 super
907 1616 968 1652 ipus
984 1620 1052 1654 Rege
1068 1620 1263 1661 Romanorum,

202 1658 326 1694 Principe
341 1656 554 1695 Hispaniarum,
571 1653 698 1692 Ductffa,
717 1656 841 1682 Dominis
854 1676 864 1691 ,
880 1653 1021 1692 Scultetis,
1039 1657 1172 1694 Scahznis,
1189 1662 1262 1688 Bur-

199 1698 302 1732 gimagi
340 1699 379 1732 is,
398 1704 556 1731 eorumque
574 1692 744 1722 Haeredibus
764 1694 796 1721 ὃς
815 1692 1026 1723 Succeilorbus
1042 1719 1049 1731 ,
1070 1696 1192 1735 Regali,
1211 1698 1263 1728 Pa-

202 1734 278 1771 niis,
328 1734 411 1771 erris,
431 1732 534 1768 Villis,
557 1730 660 1768 Opidis
675 1753 684 1767 ,
700 1730 840 1767 Sibdkss,
860 1730 1016 1774 Opidanix,
1039 1732 1263 1766 Communitati-

204 1771 278 1810 bus,
294 1772 328 1802 &
344 1770 430 1802 Bonis
446 1770 586 1807 praedietis
602 1791 612 1807 ‚
637 1770 669 1798 &
688 1778 790 1798 eorum
812 1769 921 1808 singulis
937 1773 1099 1809 ubicunque
1116 1774 1264 1805 Locorum

202 1811 336 1850 repertis,
358 1808 513 1846 Levanda,
529 1807 696 1843 Exigenda,
716 1806 911 1850 Recipiendss,
931 1810 963 1839 &
980 1809 1142 1842 Detinenda
1157 1837 1166 1850 ‚
1182 1814 1201 1844 fi
1216 1824 1266 1851 per

205 1848 355 1886 praefatum
372 1850 522 1886 Principem
535 1845 732 1884 Hispaniarum
746 1868 756 1883 ,
779 1845 871 1884 ejusve
895 1846 1025 1879 Parentes
1041 1851 1084 1880 vel
1101 1860 1202 1882 eorum
1216 1853 1266 1882 ali-

203 1895 294 1925 quem
307 1892 355 1918 aut
374 1887 460 1918 alium
477 1895 697 1925 quemcunque,
711 1894 762 1921 ‚aut
782 1894 832 1921 per
854 1895 1056 1925 quemcunque
1076 1890 1196 1920 modum
1218 1891 1264 1922 vel

205 1935 359 1964 eventum,
378 1934 566 1963 praeterquam
589 1934 637 1962 per
662 1923 808 1961 praefatam
828 1927 973 1954 Dominam
995 1930 1122 1957 Mariam
1142 1929 1188 1959 vel
1207 1931 1265 1968 ejus

206 1964 339 2003 Partem,
358 1964 405 1995 vel
418 1974 466 2004 per
482 1963 613 1994 Mortem
628 1961 781 2005 naturalem
795 1961 904 1993 alterius
921 1963 1159 1997 Contrahentium
1175 1968 1264 2006 (quod

204 2002 288 2034 Deus
301 2003 418 2040 avertat)
438 2003 542 2033 steterit
556 2011 616 2040 quo
631 2001 724 2030 minus
741 2000 852 2031 dic'ltum
867 2000 1090 2034 Matrimonium
1107 2006 1180 2036 inter
1192 2017 1264 2044 prae-

203 2041 295 2072 fatum
312 2044 460 2080 Principem
473 2039 669 2080 Hispaniarum
681 2040 716 2071 &
729 2042 875 2069 Dominam
887 2043 1012 2071 Mariam
1025 2042 1130 2081 Locis,
1147 2045 1265 2076 Termi-

205 2081 264 2117 nis,
286 2080 441 2119 Medisque
453 2081 486 2111 &
508 2080 621 2110 Formis
632 2101 643 2116 ,
661 2079 734 2108 inter
747 2077 883 2108 Oratores
895 2079 1035 2118 utriusque
1047 2080 1137 2113 Partis
1149 2083 1264 2122 desuper

207 2119 418 2150 concordandis
439 2120 473 2150 &
491 2115 696 2160 concludendi-5
708 2139 725 2160 ,ἴ
743 2126 794 2153 per
815 2116 910 2148 Verba
928 2118 965 2148 de
986 2120 1135 2160 Praesenti,
1154 2122 1189 2152 ad
1204 2123 1264 2154 hoc

207 2167 288 2196 apta,
305 2158 485 2188 contrahatur
505 2158 539 2188 δι’
557 2159 588 2187 in
608 2156 682 2186 facie
702 2154 839 2199 Ecclesiae
854 2155 951 2187 debite
973 2157 1166 2192 solemnisetur
1179 2183 1189 2198 ‚
1207 2161 1265 2193 Sti·

207 2196 340 2236 pulandi,
356 2195 492 2235 Petendi,
509 2194 646 2234 Exigendi
657 2216 667 2230 ‚
684 2195 720 2226 δε
734 2193 913 2234 obtinendi,

244 2235 292 2265 Ac
309 2235 345 2264 de
368 2236 402 2266 &
419 2236 498 2272 super
521 2235 626 2264 eisdem
650 2232 751 2262 Literis
769 2231 970 2273 obligatoriis,
987 2236 1021 2267 ὃς·
1036 2246 1132 2268 earum
1148 2237 1262 2269 Formis

205 2280 239 2302 ac
254 2273 354 2304 Poenis
368 2283 402 2303 ac
419 2273 576 2303 Poenarum
592 2271 776 2314 Quantitate,
792 2271 823 2301 in
837 2272 940 2303 eisdem
959 2274 1062 2305 Literis
1072 2277 1264 2317 apponendo,

204 2313 401 2351 arumdemq3
419 2312 579 2342 Literarum
599 2309 769 2341 Traditione
794 2310 828 2340 δε
849 2310 1062 2345 Deliberatione
1086 2313 1264 2346 Communi-

202 2351 303 2389 tandi,
321 2350 493 2388 Tractandss
510 2347 729 2386 conveniendi,
747 2349 781 2380 &
795 2347 1014 2390 concludendi,

243 2387 469 2428 Confimilesque
481 2388 654 2423 cautiones,
673 2386 857 2431 Secmimtec,
876 2388 1016 2421 Promissa
1022 2413 1034 2429 ,
1049 2391 1265 2432 Obligationes‚

206 2426 242 2457 ὅ(
259 2427 428 2466 Scripturas,
443 2429 477 2459 ὃς
492 2428 597 2458 Literas
610 2425 802 2494 Obliqztonas
817 2426 948 2458 Poenales
961 2451 970 2467 ,
986 2431 1017 2459 in
1032 2429 1126 2460 debita
1141 2431 1174 2462 &
1187 2431 1264 2462 suffi-

206 2467 294 2496 cienti
309 2467 402 2497 forma
417 2467 518 2503 factas,
538 2465 630 2496 Manu
645 2465 680 2496 &
718 2463 808 2501 lagno
823 2464 920 2504 Sigillo
936 2467 1038 2498 nostris
1056 2471 1265 2510 communitas,

207 2513 326 2535 necnon
349 2504 457 2536 Literas
478 2504 672 2542 obligatorias
692 2503 816 2534 similiter
833 2504 965 2536 Peenales
988 2516 1033 2538 tot
1046 2507 1189 2539 &talium
1203 2511 1264 2538 Do-

207 2547 338 2573 minarum
348 2566 357 2582 ‚
383 2547 526 2582 Majorum
539 2566 548 2581 ‚
567 2545 754 2573 Vicecomitum
765 2565 776 2581 ,
793 2540 984 2583 Ballivorum,
1002 2545 1264 2584 constabulariorum

206 2580 369 2613 Civitatum
378 2604 388 2619 ,
405 2582 590 2621 opidorum,
609 2581 767 2618 villarum,
783 2580 1075 2614 &Communitatum
1085 2584 1186 2616 Nobis
1199 2585 1264 2616 sub—

205 2619 348 2659 ditorum,
367 2630 439 2660 quot
453 2622 486 2652 &
501 2621 595 2659 quales
607 2620 665 2650 five
680 2619 769 2657 qualia
784 2629 834 2657 per
841 2618 1058 2652 Commissarios
1072 2623 1265 2662 praefatiRegir

205 2661 387 2689 Romanorum
400 2682 410 2698 ,
435 2662 568 2697 Principis
585 2657 796 2697 Hispaniarum,
813 2659 848 2688 &
862 2662 988 2690 Dominae
1001 2660 1116 2700 Ducrffae
1129 2664 1263 2693 nomina-

207 2697 330 2733 buntur,
348 2698 472 2729 similiter
484 2699 514 2728 in
527 2698 620 2728 debita
635 2698 668 2728 δί
682 2695 831 2727 sufficienti
852 2697 946 2729 forma
960 2699 1062 2737 fafitas,
1088 2701 1183 2731 &suis
1196 2700 1264 2730 Ma-

205 2737 290 2767 nibus
313 2737 497 2775 subscriptas,
521 2746 554 2767 ac
576 2736 627 2766 suis
648 2735 920 2778 sigillis-(videlicet)
941 2737 1042 2777 Sigillis
1056 2738 1215 2769 Armorum
1230 2740 1264 2770 &

204 2774 311 2812 sigillis
325 2777 529 2806 communibus
545 2774 699 2812 respective
713 2773 855 2812 figillatas,

244 2813 362 2850 Quibus
375 2814 492 2851 quidem
507 2813 608 2844 Literis
620 2814 638 2831 ⁴²
653 2811 840 2850 obligatoriis
850 2814 911 2842 Nos
923 2823 1038 2844 necnon
1050 2814 1122 2845 dieti
1138 2817 1266 2855 Domini,

207 2854 348 2890 Μῄονες,
365 2854 394 2880 V
393 2855 547 2888 irecomites,
563 2849 687 2887 Ballivi,
707 2850 742 2879 &
755 2850 967 2891 (Jonslabuldrii,
985 2854 1020 2883 &
1034 2862 1135 2883 eorum
1149 2853 1266 2893 singuli,

210 2888 280 2919 Nos
291 2890 326 2919 &
339 2890 376 2920 Se
390 2889 583 2926 Haeredesque
599 2889 632 2919 &
645 2887 824 2930 Succeflores
838 2888 949 2918 nostros
962 2891 996 2920 &
1008 2890 1088 2928 suos,
1103 2901 1137 2921 ac
1151 2891 1265 2930 Regna,

209 2928 314 2958 Terras
329 2950 340 2965 ‚
364 2926 466 2958 Patrias
479 2951 490 2964 ,
512 2926 671 2962 Dominia,
691 2924 847 2969 Civitates,
866 2925 972 2965 Villas,
990 2927 1103 2966 opida,
1121 2930 1263 2960 &omnia

209 2966 288 2997 Bona
302 2966 397 2997 nostra
411 2968 444 2998 δε
457 2968 503 2996 sua
514 2965 631 2995 mobilia
647 2965 682 2995 &
697 2964 858 2994 immobilia
871 2965 1014 3001 praesentia
1029 2967 1063 2997 ὅτ
1077 2968 1185 3006 futura,
1198 2970 1263 2998 ubi-

209 3015 326 3043 cunque
342 3006 443 3036 ruerint
457 3012 702 3041 reperta,necnon
716 3011 815 3032 omnes
829 3003 863 3033 ὃς
877 3003 998 3042 fingulos
1005 3004 1142 3035 Subditos
1153 3006 1267 3037 nostros

210 3044 246 3074 &
259 3043 406 3075 Concives
421 3053 456 3074 ac
469 3042 617 3080 opidanos
631 3041 692 3071 suos
706 3041 740 3071 &
749 3039 978 3073 Communitates
993 3042 1066 3081 suas,
1085 3044 1265 3075 eorumdem-

210 3091 269 3120 que
282 3085 380 3114 omnia
395 3083 428 3114 &
442 3081 546 3120 singula
558 3080 638 3111 Bona
653 3079 795 3116 praesentia
809 3081 842 3110 δε
857 3080 967 3118 futura,
978 3082 1153 3120 ubicumque
1164 3083 1266 3114 fuerint

211 3129 338 3159 reperta,
354 3121 457 3160 fiugula
479 3119 592 3155 lingulis
613 3119 743 3156 congrue
761 3118 929 3156 referendo,
954 3119 1072 3156 praefato
1087 3123 1151 3158 Regi
1166 3124 1266 3151 Roma-

210 3168 306 3188 norum
319 3180 330 3196 ,
357 3161 476 3197 Pnncipi
495 3157 690 3198 Hffaniarum
705 3179 715 3194 ,
738 3157 772 3187 δε
788 3155 903 3195 Duciffae
922 3158 1081 3196 Sabaudiae,
1097 3158 1267 3191 Haeredibus

212 3197 248 3227 &
273 3197 488 3227 Succefforibus
502 3198 553 3227 suis
567 3196 739 3231 obligamus
753 3196 788 3225 &
804 3194 1000 3235 obligabunt,
1017 3198 1050 3227 &
1065 3206 1164 3226 eorum
1179 3198 1264 3235 quili-

212 3234 263 3266 bet
282 3235 448 3275 Obligablt,
469 3235 520 3266 sub
541 3234 616 3266 certi
634 3233 824 3264 Pecuniarum
843 3233 961 3267 Summi
976 3257 986 3274 ‚
1011 3234 1113 3265 Poenae
1126 3237 1264 3275 nomine,

203 3283 262 3312 per
277 3273 496 3304 Commislarios
508 3273 650 3311 utriusque
663 3271 750 3301 Partis
768 3272 911 3302 limitanda
922 3297 932 3310 ,
958 3273 1146 3311 nominanda,
1164 3275 1197 3304 ὅ(
1214 3274 1264 3305 de-

210 3312 384 3342 terminanda
398 3337 408 3350 ,
433 3311 550 3350 praefato
565 3314 631 3349 Regi
649 3312 828 3339 Romanorum
845 3334 854 3348 ‚
872 3313 991 3349 Principi
1003 3311 1212 3350 Hispaniarum,
1230 3314 1264 3344 &

210 3353 336 3380 Domine
360 3350 475 3390 Ducrffae
487 3375 497 3388 ,
524 3360 557 3380 ac
578 3349 750 3380 l-laeredibus
774 3350 809 3380 &
825 3349 1036 3389 Succefforibus
1052 3351 1103 3380 suis
1114 3350 1263 3389 solvenda,

207 3390 244 3419 &
263 3398 314 3426 per
322 3390 442 3420 eosdem
457 3412 467 3426 ‚
491 3389 579 3419 libere
597 3389 632 3418 ὃτ-
651 3387 754 3424 absque
767 3388 993 3418 contradictione
1005 3387 1211 3427 cujuscunque,
1229 3390 1264 3421 de

210 3427 245 3458 &
262 3427 342 3466 super
361 3428 448 3458 Nobis
469 3427 503 3458 δί
527 3427 667 3464 praediotis
684 3428 808 3455 Dominis
820 3449 830 3464 ,
854 3426 1024 3463 Moloribm,
1045 3428 1264 3466 Vicecomitibm,

212 3465 352 3504 Ballivis,
366 3467 399 3498 δε
413 3465 640 3505 Constabular.²is,
653 3463 825 3494 Haeredibus
845 3467 878 3495 δε
893 3463 1104 3495 successoribus
1116 3465 1217 3496 nostris
1230 3467 1266 3496 ὃς

209 3504 277 3543 suis,
297 3505 405 3543 Regnis
419 3528 429 3543 ,
453 3506 505 3535 Pat
523 3505 551 3534 'is
565 3527 574 3542 ,
591 3503 706 3540 Terris,
724 3501 886 3539 Dominiis,
901 3502 1087 3539 Civitatibus,
1107 3503 1201 3544 Villis,
1220 3504 1265 3535 o-

210 3543 305 3581 pidis,
319 3540 508 3574 Communita
552 3553 600 3580 us,
619 3540 761 3578 Subditis,
779 3539 959 3571 Concivibus
971 3564 981 3579 ,
1007 3542 1040 3572 ὃ(
1057 3541 1214 3580 Opidanis,
1232 3544 1266 3574 &

213 3579 300 3610 Bonis
318 3581 482 3618 praedistisss,
506 3590 540 3611 ac
565 3589 668 3610 eorum
689 3579 802 3616 singulis
816 3581 980 3618 ubicunq.1e
999 3581 1131 3611 locorum
1152 3583 1266 3618 repertis

213 3618 333 3649 levandfi
346 3641 357 3656 ‚
383 3617 519 3658 exigenda
533 3640 543 3654 ,
569 3617 748 3655 recipiendo,
773 3619 806 3648 δε
829 3617 979 3648 detinenda
992 3642 1002 3655 ,
1026 3619 1047 3648 fi
1060 3628 1109 3656 per
1119 3619 1264 3656 praefaram

212 3659 362 3686 Dominam
381 3658 506 3686 Mariam
528 3655 627 3685 Filiam
650 3654 779 3685 nostram
800 3655 890 3690 ejusve
902 3655 1032 3687 Parentes
1045 3666 1091 3687 aut
1104 3666 1205 3686 eorum
1219 3657 1268 3686 ali-

212 3705 302 3734 quem
321 3703 368 3725 aut
385 3695 472 3725 aliurn
490 3702 692 3731 quemcunque
706 3715 715 3730 ,
743 3702 790 3723 aut
803 3703 852 3730 pet
866 3703 1067 3733 quemcunque
1084 3694 1205 3725 modum
1219 3695 1267 3725 vel

213 3737 371 3771 eventum,
384 3735 573 3771 praet'erquam
587 3741 636 3769 per
651 3731 799 3768 praefatum
816 3731 980 3761 Dominum
999 3735 1146 3772 Principem
1165 3735 1206 3762 Hi
1216 3742 1268 3771 pa-

213 3776 322 3802 niarum
336 3771 383 3802 vel
399 3772 456 3809 ejus
470 3771 600 3808 Partem,
615 3770 663 3800 vel
677 3778 727 3806 per
746 3768 878 3799 Mortem
892 3770 1043 3800 naturalem
1058 3772 1169 3802 alterius
1234 3781 1267 3801 n-

214 3811 386 3841 trahentium
405 3809 495 3848 (quod
513 3807 594 3838 Deus
614 3808 732 3843 avertat)
751 3806 856 3838 steterit
867 3809 1023 3846 quominus
1036 3808 1149 3839 distum
1166 3808 1268 3840 Matri-

213 3851 350 3879 monium
371 3849 442 3878 inter
461 3844 550 3885 Ipsbm
571 3847 605 3876 &
626 3845 770 3883 praefatam
792 3848 940 3884 Principem
955 3845 1150 3886 Hispaniarum
1162 3847 1268 3884 Locis,

211 3884 383 3923 Terminis,
394 3885 564 3922 -Modisque
583 3885 618 3915 &
636 3883 748 3913 Formis
761 3906 771 3920 ,
789 3885 860 3913 inter
877 3883 1012 3914 oratores
1027 3885 1139 3915 nostros
1153 3885 1215 3916 desu

211 3924 422 3956 concordandis
443 3924 479 3953 &
503 3921 705 3953 concludendis
716 3945 726 3958 ,
742 3930 798 3956 per
820 3921 916 3952 Verba
941 3923 977 3952 de
992 3922 1138 3962 Praesenti,
1155 3923 1190 3953 ad
1208 3923 1266 3954 hoc

1298 426 1350 460 cipe
1363 425 1498 494 θαέὲείίε,
1514 430 1722 466 Hispaniarum,
1740 428 1799 463 &a
1819 439 1956 460 eorumve
1971 429 2194 463 Commiffariis,
2213 429 2349 458 AutTtori-
2366 433 2429 458 lien.
2450 439 2476 465 7.

1298 469 1368 499 tate,

1298 499 1452 542 &mul-andi
1466 525 1475 539 ,
1500 513 1529 533 ut
1550 503 1700 541 specialiter
1724 504 1864 541 Beneficio
1886 506 2077 544 cujuscunque
2099 505 2295 536 Restitutionis
2317 507 2350 537 in

1297 547 1455 582 integrum,
1481 539 1617 579 dejure,
1641 542 1854 574 Consuetudine
1870 567 1879 582 ‚
1903 553 1950 575 aut
1969 544 2079 575 Statuto
2094 543 2261 574 Minoribus
2276 553 2350 574 con—

1297 577 1393 615 cello,
1410 578 1492 616 qubd
1513 588 1574 608 non
1601 581 1632 609 lit
1648 581 1743 610 Tutor
1765 592 1810 612 aut
1829 583 1908 620 quod
1923 593 1982 612 non
1999 583 2029 614 sit
2043 583 2115 613 solus
2127 583 2171 612 vel
2184 583 2212 610 in
2227 582 2348 613 solidum

1296 614 1410 654 Tutor,
1428 616 1509 654 quod
1524 616 1605 646 Onus
1620 617 1732 648 Tutelae
1754 621 1782 649 in
1805 621 1841 651 Se
1866 631 1924 651 non
1940 621 2094 658 alsumpsit,
2113 629 2160 651 aut
2174 620 2287 650 Tutelae
2302 621 2349 651 vel

1297 654 1541 685 Administrationi
1553 655 1590 685 Se
1607 665 1667 684 non
1681 657 1838 695 inmiscuit,
1857 658 2023 696 Exceptioni
2038 657 2209 690 Contrastsis
2224 659 2252 688 in
2269 658 2350 690 Rem

1296 693 1330 722 &
1345 691 1508 723 Utilitatem
1525 693 1627 731 Pupilfi
1641 703 1701 723 non
1717 695 1784 724 faeti
1798 706 1843 726 aut
1857 697 1925 735 gesti
1937 721 1947 735 7
1971 697 2137 734 Exceptioni
2158 706 2217 726 non
2233 697 2266 727 N
2270 708 2350 728 ume-

1295 739 1361 759 ratae
1379 731 1464 762 Dotis
1482 754 1492 770 ,
1516 741 1576 762 non
1590 731 1760 762 Numeratae
1782 733 1930 772 Pecuniae,
1952 735 2007 766 Rei
2023 746 2082 765 non
2098 736 2134 766 fic
2149 735 2265 774 Gestae,
2283 746 2353 767 ncc-

1299 778 1358 797 non
1381 770 1527 808 Legibus,
1553 770 1667 801 statutis
1681 793 1691 808 ,
1717 771 1751 801 &
1773 769 2026 803 Consuetudimbus
2048 774 2167 804 Tutoris
2189 774 2294 804 realem
2315 776 2352 806 δὲ

1299 808 1471 844 personalem
1486 809 1666 838 Praesentiam
1682 831 1691 846 ‚
1715 810 1743 838 in
1756 808 1851 839 Cauiis
1867 811 1900 840 &
1915 811 2048 848 Negotiis
2063 812 2202 850 Pup.llum
2216 814 2353 851 tangenti*

1300 847 1353 875 bus
1367 867 1376 882 ,
1398 848 1600 884 requirentibus
1621 850 1653 878 δε
1673 849 1845 886 exigentibus
1860 870 1870 885 ,
1893 849 2012 879 fimulati
2032 848 2219 888 Contractus,
2238 861 2352 881 necnon

1302 883 1428 921 Legibus
1438 885 1542 915 Praedia
1553 885 1704 916 Minorum
1721 886 1896 924 1iveJudicis
1907 887 2033 917 Decreto
2042 912 2050 925 .,
2064 898 2110 918 aut
2125 890 2179 918 aiio
2193 890 2283 919 modo
2297 890 2355 919 ob-

1298 921 1374 961 ligari
1388 933 1435 955 aut
1450 924 1611 961 ypothecari
1622 925 1852 962 prohibentibus,
1865 925 2036 964 Exceptioni
2054 926 2154 956 Poenae
2169 937 2226 958 non
2244 928 2356 957 lolven-

1298 962 1344 991 dae
1369 971 1419 999 per
1440 962 1607 1000 Principales
1622 962 1832 994 Contrahentes
1848 965 1891 994 vel
1908 974 2008 994 eorum
2024 964 2152 995 Parentes
2171 967 2199 995 in
2215 966 2355 1002 Sponsali-

1300 1000 1352 1030 bus
1374 1001 1407 1030 &
1430 1000 1624 1031 Matrimoniis
1645 1002 1778 1039 appolitae
1792 1024 1801 1039 ,
1819 1004 1853 1034 &
1868 1004 2030 1040 generaliter
2045 1003 2177 1033 omnibus
2193 1003 2304 1041 Legum
2318 1005 2354 1035 δε

1299 1037 1455 1069 Canonum
1472 1038 1728 1077 Appellaticnibus‚
1747 1040 1896 1079 Querens,
1912 1041 2182 1079 provocationibus,
2199 1041 2355 1079 Exceptio-

1300 1077 1399 1114 nibus,
1416 1078 1450 1108 δε
1465 1077 1704 1115 Defensionibus,
1723 1079 1756 1109 δε
1772 1079 1827 1124 aliis
1841 1079 1925 1125 Jurisw
1936 1081 1969 1111 δε
1987 1080 2065 1110 Facti
2079 1080 2225 1111 Beneficiis
2239 1081 2354 1118 quibus*

1418 464 1531 495 onsensu
1545 489 1555 503 ,
1582 469 1615 497 ὃς
1640 466 1754 496 Affensu
1780 469 1881 505 quibus
1893 469 1971 504 supra
1985 467 2119 504 Petendi,
2137 465 2289 504 Exigendi,
2314 468 2349 499 «Sc

1301 1125 1426 1153 cumque
1439 1118 1527 1154 pure,
1542 1116 1659 1154 sponte,
1677 1117 1710 1148 &
1722 1117 1848 1147 absolute
1862 1128 1891 1147 in
1906 1121 2022 1155 ocriptis
2036 1119 2070 1149 ὅ(
2084 1120 2113 1148 in
2127 1120 2187 1148 vim
2204 1118 2283 1149 Paeti
2296 1128 2355 1148 rea-
2401 1143 2405 1146 .

1299 1153 1361 1183 liter
1377 1156 1410 1185 δε
1425 1164 1493 1184 cum
1509 1154 1614 1185 effec‘tu
1629 1154 1807 1185 Renuntient
1820 1157 1854 1187 δε
1871 1166 1974 1188 eorum
1986 1157 2101 1196 quilibet
2119 1156 2275 1187 Renuntiet
2290 1169 2300 1196 ς
2319 1158 2354 1188 fi-

1302 1193 1404 1222 militer
1424 1202 1478 1230 pro
1501 1192 1600 1223 Nobis
1621 1194 1653 1224 ὃς
1672 1193 1806 1224 Nomine
1822 1194 1938 1231 nostro,
1957 1205 2088 1233 quatenus
2105 1196 2139 1226 ad
2158 1195 2226 1226 Nos
2241 1197 2355 1235 attinet,

1301 1231 1434 1300 (gunnffus
1448 1231 1514 1275 &ss
1553 1231 1604 1275 ulis
1620 1231 1843 1270 Exceptiombus
1859 1234 1998 1270 praedietis
2017 1235 2121 1266 realiter
2141 1233 2174 1263 &
2199 1243 2268 1265 cum
2283 1235 2356 1266 effe-

1397 1278 1527 1300 enuntian
1551 1280 1557 1299 1

1340 1307 1507 1346 Caeteraque
1520 1293 1618 1338 om'nia
1637 1308 1670 1338 δε
1685 1308 1791 1346 singula
1805 1308 1937 1341 Faciendi
1957 1311 1991 1341 ὃς
2015 1310 2180 1349 Esequendi
2203 1320 2266 1348 quae
2284 1314 2359 1345 circa

1300 1345 1446 1376 Praemiffa
1470 1347 1620 1377 necessaria
1638 1347 1743 1378 fuerint
1762 1348 1808 1378 seu
1829 1348 2049 1387 quomodolibet
2064 1358 2222 1387 oportuna,
2237 1350 2321 1381 etiam
2334 1351 2357 1383 fi

1299 1385 1363 1416 talia
1379 1385 1430 1415 sint
1444 1395 1508 1422 quae
1522 1385 1557 1415 de
1572 1385 1600 1415 se
1616 1385 1788 1416 Mandatum
1804 1388 1890 1425 magis
1968 1397 2015 1418 ant
2031 1389 2160 1427 speciale3

1339 1422 1558 1462 Promittentes,
1575 1423 1652 1454 bona
1663 1424 1733 1454 Fide
1746 1425 1779 1455 δε
1791 1425 1821 1455 in
1835 1425 1933 1455 Verbo
1983 1427 2046 1465 egio
2060 1437 2094 1458 ac
2112 1425 2270 1464 Principis,
2288 1426 2358 1458 Nos

1300 1460 1425 1499 Ratum,
1443 1460 1565 1492 Gratum
1575 1484 1584 1499 ,
1603 1464 1636 1492 &
1652 1463 1780 1492 Firmum
1795 1464 1938 1494 habituros
1955 1465 1988 1494 &
2003 1465 2198 1496 observaturos
2213 1472 2308 1495 totum
2322 1468 2357 1497 &

1301 1499 1433 1538 quicquid
1447 1509 1496 1536 per
1512 1500 1604 1531 dictos
1617 1499 1848 1540 commissarios,
1867 1502 2019 1542 Oratores,
2039 1503 2358 1542 Procuratorem&-

1301 1548 1343 1568 res
1358 1561 1367 1576 ,
1393 1538 1543 1576 factores,
1563 1540 1596 1569 &c
1612 1538 1773 1577 Deputatos
1792 1542 1904 1571 nostros
1920 1565 1930 1578 ‚
1955 1542 2089 1580 Qmuor
2110 1553 2156 1574 aut
2172 1545 2245 1574 Tres
2256 1551 2358 1573 eorum

1301 1576 1429 1614 Afium,
1447 1575 1591 1614 Gestum,
1609 1577 1846 1618 Concordatum,
1865 1579 2051 1611 Conventum
2062 1605 2072 1620 ,
2089 1582 2134 1612 seu
2145 1606 2155 1621 ‚
2178 1584 2207 1612 in
2225 1579 2359 1611 Praemis-

1300 1615 1331 1644 lis
1354 1614 1534 1645 Conclusum
1556 1626 1590 1645 ac
1610 1614 1730 1646 Fanum
1753 1618 1837 1648 fuerit
1851 1641 1861 1654 ,
1887 1619 1919 1647 &
1941 1618 2021 1656 super
2039 1620 2105 1650 inde
2131 1622 2237 1652 Literas
2250 1619 2359 1650 nost-ras

1300 1653 1765 1693 Ratificatorias,Approbatorias,
1775 1658 1807 1685 δε
1819 1655 2049 1688 Confirmatorias
2069 1659 2206 1689 informa
2219 1657 2312 1687 debita
2326 1660 2361 1689 δε

1300 1694 1456 1731 autentica,
1468 1702 1554 1731 prout
1567 1702 1655 1730 opus,
1667 1693 1751 1723 fuerit
1764 1693 1874 1724 daturos
1889 1718 1898 1732 ‚
1922 1695 2078 1732 supplentes
2100 1708 2201 1728 omnes
2216 1696 2360 1728 Defectus

1300 1732 1382 1770 hujus
1406 1730 1624 1762 Commiffionis
1642 1731 1701 1762 tim
1718 1731 1795 1770 Juris
1816 1734 1904 1771 quam
1930 1733 2010 1765 Facu
2032 1735 2053 1765 sl
2075 1737 2123 1774 qui
2147 1737 2200 1767 sint
2215 1738 2248 1766 ὅ(
2261 1738 2358 1774 poste&

1302 1772 1378 1802 forte
1395 1771 1581 1809 apparuerint.

1337 1845 1372 1878 In
1387 1848 1465 1886 cujus
1477 1847 1536 1878 Rei
1548 1846 1764 1879 Testimonium
1778 1847 1826 1878 has
1838 1847 1944 1880 Literas
1963 1850 2070 1881 nostras
2091 1849 2151 1882 fieri
2167 1852 2288 1883 fecimus
2304 1854 2359 1886 Pa-

1301 1896 1401 1918 tentes.

1337 1926 1427 1956 Teste
1435 1924 1541 1963 meipso
1553 1924 1626 1962 apud
1638 1924 1910 1965 Westmonasterium,
1927 1927 2033 1959 oecavo
2040 1927 2099 1959 Die
2113 1927 2222 1960 Menfis
2229 1929 2357 1963 Decem-

1302 1962 1375 2004 bris,
1395 1966 1482 1996 Anno
1497 1964 1593 2003 Regni
1607 1963 1693 1994 nostri
1708 1963 1853 1996 Vleefimo
1868 1967 1959 1997 tertio.

2066 2042 2256 2077 Pomm.

1343 2119 1362 2139 ³*
1371 2118 1406 2151 In
1414 2128 1538 2158 quorum
1545 2119 1680 2162 omnium
1693 2118 1727 2149 δε
1742 2118 1916 2155 fingulorum
1923 2119 2027 2151 Robur
2041 2121 2295 2154 &Testimonium
2310 2124 2357 2155 has
2370 2114 2387 2131 ⁴⁸
2403 2114 2489 2142 ΧῘῙῘᾸ

1300 2158 1450 2202 praesentes
1467 2158 1574 2188 Literas
1593 2157 1729 2188 Manibus
1750 2156 1852 2188 nostris
1864 2157 2082 2198 subfignavimus
2095 2161 2128 2191 &
2142 2161 2240 2201 Sigillis
2256 2162 2359 2194 nostris
2378 2152 2436 2181 ¹33·

1301 2206 1525 2227 comt-nummus.

1337 2273 1447 2304 Datum
1460 2274 1489 2302 in
1504 2272 1590 2310 opido
1604 2271 1713 2312 Calefiae
1725 2294 1735 2310 ,
1754 2272 1900 2304 Vicefimo
1913 2274 2008 2313 primo
2023 2273 2082 2305 Die
2105 2275 2214 2308 Menfis
2229 2278 2358 2310 Decem-

1299 2312 1372 2350 bris,
1389 2313 1478 2343 Anno
1493 2311 1627 2349 Domini!
1638 2312 1792 2342 Millelimo
1811 2312 2048 2352 Quingentefimo
2059 2314 2187 2353 septimo.

1492 2391 1535 2417 Sic
1541 2386 1750 2427 fignatasfitper
1764 2386 1877 2418 Plicam.

1690 2463 1719 2501 J.
1745 2470 1793 2496 De
1819 2465 2010 2498 Loxe-ME?

1688 2502 1717 2540 j.
1744 2513 1794 2534 oi:
1814 2503 2025 2536 Ramnes.

1689 2541 1791 2571 L.m:
1816 2541 2074 2574 GORRENODJ

1687 2577 1716 2617 J.
1739 2589 1789 2610 Le
1814 2580 2044 2614 SAUVAIGE.

1692 2618 1925 2650 Hanni-on.

1301 2694 2359 2779 offis?12335153⁶35“1{2}{5ffl²3p<5333235u551siffis-„3¹31

1302 2773 1348 2805 sed
1361 2783 1430 2804 totae
1444 2772 1614 2803 Christianae
1633 2772 1783 2809 Religioni
1803 2773 1994 2810 proculdubio
2017 2774 2068 2805 fint
2081 2776 2229 2815 speranda,
2248 2780 2306 2808 tam
2323 2788 2358 2810 ex

1301 2813 1393 2842 futura
1409 2811 1518 2842 Sobole
1536 2812 1626 2848 quam
1649 2811 1798 2854 utriusque·
1810 2810 1935 2854 ipsorum
1950 2811 2096 2853 Jugalium
2114 2816 2224 2851 optimi
2237 2816 2359 2848 Illustra³

1300 2851 1382 2882 tione
1395 2851 1429 2881 ὅ(
1441 2849 1574 2887 praeclara
1586 2847 1702 2886 Indole,
1717 2858 1777 2878 non
1789 2852 1937 2891 immerito
1955 2851 2080 2888 ungulari
2101 2851 2267 2884 Affectione
2291 2865 2357 2887 mo-

1302 2898 1403 2919 vemur
1420 2911 1431 2926 ,
1456 2887 1527 2917 illius
1554 2887 1735 2916 Matrimonii
1759 2886 1965 2924 perfec'honem
1989 2888 2140 2920 desiderare
2161 2892 2195 2922 &
2217 2902 2353 2924 annuere:

1301 2927 1364 2956 visis
1377 2928 1469 2964 itaque
1483 2925 1647 2963 praeinsertis
1668 2924 1769 2955 Literis
1789 2925 1823 2955 &
1842 2923 2095 2962 Capitulationibus
2111 2938 2144 2958 ac
2161 2930 2271 2961 illarum
2284 2942 2356 2962 con-

1301 2965 1416 2996 tinentia
1440 2964 1589 2999 diligenter
1606 2963 1749 3007 perspessa
1763 2985 1774 3001 ,
1800 2971 1912 2994 maturo
1935 2963 2084 3003 superinde
2101 2967 2198 2999 habito
2223 2969 2354 3001 Confilio

1301 3013 1370 3034 curn
1392 3002 1569 3039 Principibus
1580 3024 1590 3039 ,
1613 3000 1796 3039 Comibus,
1815 3001 1985 3042 Barombus,
2004 3006 2037 3035 ὃς
2051 3005 2218 3037 Proceribus
2236 3008 2356 3048 nostris,

1302 3051 1362 3072 non
1377 3050 1425 3079 per
1436 3040 1571 3070 Errorem
1587 3049 1633 3071 aut
1649 3041 1824 3078 improvide,
1836 3039 1882 3071 sed
1896 3041 1933 3071 de
1948 3042 2042 3073 nostra
2058 3052 2132 3074 certa
2145 3044 2268 3077 Scientia
2282 3047 2356 3078 Mo-

1301 3078 1998 3155 Ξίζῳεῆἑὲῗὲἓῶ0ωὸὲῖᾗὲἓὲωὲρᾶῗὲῗέ
2013 3081 2357 3159 (ἷὲαὲῗξῗηῖἓὲζοίῑῗέἴ

1563 3140 1573 3155 >
1763 3140 1774 3156 >
2238 3135 2242 3138 ’
2321 3135 2332 3154 Γ

1301 3143 1418 3186 Γετίἑῑίιτι
1438 3156 1573 3193 descripta
1587 3157 1620 3186 &
1634 3164 1785 3194 contenta,
1804 3154 1878 3187 Rata
1894 3157 1927 3187 &
1942 3141 2029 3189 Graia
2044 3159 2195 3198 habentes,
2217 3171 2270 3199 pro
2285 3161 2355 3193 No-

1301 3195 1342 3224 bis
1357 3204 1390 3225 ac
1404 3193 1539 3224 Nomine
1552 3193 1651 3224 nostro
1664 3195 1799 3231 proprio,
1817 3195 1973 3234 nostrisque
1991 3196 2160 3228 Haeredibus
2182 3200 2216 3230 &
2233 3199 2355 3231 Succes—

1299 3233 1406 3263 soribus
1429 3233 1638 3270 quibuscunque
1653 3255 1662 3270 ,
1687 3232 1747 3263 t‘am
1770 3233 1950 3270 conjunctim
1964 3235 2049 3274 quern
2063 3236 2191 3275 divisim,
2212 3237 2354 3270 Laudavi-

1299 3281 1379 3309 mus,
1397 3269 1656 3308 Confirmavimus,
1673 3269 1903 3311 Ratificavimus,
1922 3273 1956 3303 &
1968 3274 2217 3314 Approbavimus,
2244 3275 2354 3308 Lauda-

1299 3310 1436 3348 musque,
1454 3308 1666 3340 Confirmamus
1674 3331 1685 3346 ,
1705 3309 1904 3349 Rarfficamus,
1918 3310 1953 3340 δε
1965 3311 2183 3351 Approbamus,
2199 3323 2233 3344 ac
2247 3314 2354 3346 Robo-

1299 3350 1334 3417 {is
1348 3347 1505 3379 firmitatem
1521 3349 1658 3386 perpetuo
1671 3348 1800 3378 obtinere
1818 3348 1956 3379 Volumus
1972 3351 2006 3381 ὃς
2021 3351 2206 3383 Declaramus
2218 3363 2268 3390 per
2276 3353 2354 3385 1³1ae-

1310 3395 1399 3418 entes·

1338 3411 1538 3455 Pro’mittentes
1548 3448 1557 3461 ,
1575 3423 1653 3454 boni
1667 3423 1738 3454 Fide
1751 3423 1846 3454 nostri
1858 3425 1887 3454 in
1896 3425 1993 3458 Verbo
2008 3428 2120 3467 Regio,
2137 3429 2237 3460 omnia
2249 3430 2284 3461 &
2297 3430 2352 3462 sm-

1299 3464 1379 3502 gula,
1395 3465 1422 3492 in
1436 3464 1577 3502 praediclis
1592 3463 1691 3492 Literis
1704 3463 1737 3492 ὃ(
1753 3462 2007 3500 Capitulationibus
2029 3475 2162 3498 contenta
2180 3468 2214 3498 &
2228 3467 2351 3508 descrip-

1299 3512 1344 3540 ta,
1361 3503 1420 3532 tam
1437 3502 1616 3543 coniunc‘tim
1637 3501 1723 3543 quarn
1738 3500 1848 3544 divilim
1862 3524 1871 3539 ‚
1895 3504 1923 3532 in
1940 3514 2076 3542 quantum
2092 3504 2159 3536 Nos
2175 3515 2352 3540 concernunt

1301 3541 1334 3571 &
1351 3550 1526 3571 coucernere
1540 3541 1671 3578 poliunt,
1689 3539 1822 3570 homme
1837 3541 1934 3571 nostro
1947 3545 2062 3580 proprio
2078 3541 2152 3574 Rata
2165 3568 2176 3581 ‚
2195 3545 2298 3584 Grata,
2315 3548 2350 3577 &

1301 3578 1398 3609 Firma
1415 3579 1520 3608 habere
1536 3588 1598 3616 eaq3
1614 3577 1766 3619 adimplere
1782 3579 2024 3612 &inviolabiliter
2035 3580 2182 3612 observare
2195 3605 2205 3621 ‚
2219 3583 2298 3621 juxta
2311 3584 2354 3615 di-

1301 3617 1416 3647 &orum
1441 3616 1638 3646 Articulorum
1660 3617 1882 3654 praeinsertorum
1904 3617 2004 3650 seriem
2018 3620 2052 3651 δι
2064 3621 2288 3660 continentiam,
2304 3624 2356 3654 sub

1300 3654 1398 3685 Poenis
1418 3664 1452 3685 ac
1471 3654 1746 3684 Renunciationibus
1769 3655 1799 3683 in
1814 3655 1876 3692 ipsis
1892 3655 1991 3688 Literis
2006 3658 2040 3689 &
2053 3657 2305 3696 capitulationibus
2317 3662 2354 3693 ad

1300 3693 1416 3730 plenum
1434 3693 1575 3723 contentis
1594 3693 1628 3723 ὃ(
1647 3692 1802 3734 descriptis,
1823 3694 1856 3723 ὃς
1872 3695 2023 3731 praesertim
2038 3698 2228 3727 renuntiamus
2242 3707 2353 3737 expres-

1302 3733 1351 3769 se,
1367 3733 1455 3769 pure,
1473 3731 1590 3767 sponte,
1607 3731 1751 3769 absolute,
1768 3732 1801 3762 &
1818 3740 1847 3760 1n
1859 3733 1919 3762 vim
1936 3734 2011 3771 pacti
2027 3744 2075 3772 per
2089 3735 2239 3766 Praesentes
2249 3736 2354 3776 specia-

1300 3770 1361 3799 liter
1380 3768 1522 3799 Beneficio
1546 3769 1738 3806 cujuscunque
1761 3768 1958 3803 Restitutionis
1988 3774 2017 3803 i‘n
2046 3774 2185 3811 integrum
2204 3772 2241 3804 de
2257 3776 2328 3813 Jure
2342 3799 2355 3816 ‚

1302 3807 1531 3845 Consuetudine,
1548 3815 1595 3836 aut
1607 3808 1717 3837 Statuto
1732 3806 1896 3839 Minoribus
1911 3811 2047 3842 conceffo
2063 3833 2073 3849 ‚
2092 3811 2173 3849 quod
2187 3820 2246 3842 non
2259 3814 2353 3847 sumus

1300 3846 1397 3876 Tutor
1410 3869 1420 3882 ,
1443 3854 1488 3875 aut
1514 3845 1594 3883 quod
1616 3855 1674 3875 non
1697 3845 1790 3888 sumus
1811 3846 1885 3877 solus
1900 3858 1948 3880 aut
1961 3850 1990 3878 in
2005 3848 2124 3880 solidum
2141 3849 2256 3889 Tutor,
2272 3853 2354 3892 quod

1301 3883 1383 3914 Onus
1402 3883 1515 3914 Tutelae
1533 3893 1594 3913 non
1616 3883 1809 3920 assumpumus
1830 3894 1878 3915 aut
1900 3887 2012 3917 Tutelae
2033 3887 2088 3918 five
2111 3888 2354 3923 Administrationi

1302 3921 1371 3952 Nos
1383 3932 1443 3952 non
1459 3921 1663 3959 inmiscuimus,
1682 3921 1851 3961 Exceptioni
1873 3923 2048 3955 Contractus
2066 3927 2095 3956 in
2121 3927 2196 3957 Rem
2210 3928 2244 3959 δε
2261 3927 2351 3961 Utili-

211 3970 294 4001 apm,
310 3963 508 3999 contrahatur,
525 3961 559 3991 &
585 3962 614 3989 in
638 3960 722 3990 Facie
743 3958 879 3989 Ecclefiae
901 3959 1091 3992 solemnisetur
1103 3984 1114 4000 ,
1135 3961 1269 3992 Nomine
1298 3968 1385 3991 tatem
1401 3959 1503 3996 Pupilli
1519 3969 1579 3989 non
1593 3960 1662 3991 faffl
1674 3970 1721 3991 aut
1737 3960 1821 4003 gesti,
1840 3971 1901 3992 non
1915 3962 1949 3992 N
1953 3972 2083 3995 umeratae
2098 3964 2200 4006 Dotis,
2209 3975 2268 3998 non
2281 3969 2316 3999 N
2319 3980 2350 3999 u-

211 4000 320 4032 nostro
328 4000 516 4032 Promittendi
528 4000 561 4030 &
578 3997 765 4028 Concedendi
773 4021 783 4034 ,

1302 4008 1414 4028 meratae
1430 3997 1563 4028 Pecuniae
1577 4022 1587 4034 ,
1605 3997 1661 4028 Rei
1679 4009 1738 4028 non
1754 4006 1789 4029 lic
1804 3998 1920 4038 Gestae,
1939 4011 2052 4032 necnon
2068 4003 2208 4044 Legibus,
2222 4005 2352 4045 Saturis,

252 4039 298 4069 Ac
313 4039 397 4073 det&
415 4040 494 4076 spper
515 4036 620 4068 eisdem
635 4036 734 4067 Literis
748 4035 931 4075 obligatoriis
949 4037 984 4067 &
999 4046 1094 4068 earum
1109 4037 1220 4067 Formis
1235 4039 1269 4069 &
1301 4046 1347 4067 aut
1369 4035 1628 4079 Consuetudinibus
1650 4037 1768 4068 Tutoris
1788 4038 1890 4069 realem
1913 4040 1945 4070 δε
1961 4040 2149 4082 personalem,
2166 4044 2193 4073 in
2208 4043 2304 4076 Caufis
2317 4045 2352 4075 &

213 4077 368 4108 Poenis‘&
390 4076 548 4113 Poenarum
571 4075 756 4113 Quantitate,
781 4075 810 4104 in
832 4075 936 4104 eisdem
961 4075 1064 4106 Literis
1079 4075 1269 4116 apponendis,
1300 4074 1435 4112 Negotiis
1450 4074 1594 4111 Pupillum
1607 4076 1802 4113 tangentibus,
1820 4075 2025 4115 requirentibus
2058 4080 2092 4111 δε
2105 4083 2278 4121 exigentibus
2291 4103 2302 4120 ,
2317 4082 2352 4113 fio

213 4115 436 4153 earumdemque
449 4115 607 4160 Literarum
626 4111 794 4144 Traditione
814 4113 848 4144 &
869 4112 1081 4146 Delibetatione
1093 4137 1104 4153 ‚
1124 4112 1270 4146 Commu-
1300 4114 1398 4144 mulati
1412 4110 1607 4150 Contractus,
1624 4123 1740 4145 necnon
1754 4113 1826 4182 Ll-elgi

1813 4115 1880 4192 ξιξ
1902 4116 2012 4150 Praedia
2031 4102 2187 4152 ninom.
2204 4121 2258 4151 five
2268 4119 2356 4191 Judg
