2555 4266
762 247 873 290 ET
954 247 1217 291 ACTA

28 337 106 369 Ann.
120 334 165 367 D.
180 342 223 366 res
236 333 319 371 suos,
335 332 471 371 Auxilii33
496 331 667 364 Militaribus
686 331 828 366 Gentium
849 334 1006 366 Armorum
1022 358 1031 374 ,
1046 334 1182 372 Expenfis
1198 341 1240 363 ta-

53 375 137 415 1508.

32 420 96 447 Hm.
116 424 142 450 7.

47 2617 159 2645 *xm

46 2665 110 2693 192.

185 383 254 404 men
275 372 359 410 ipsius
378 374 505 411 Principis
524 373 720 411 Hispaniarum
734 396 744 412 ,
769 373 930 404 Haeredum
943 397 953 412 ,
979 383 1027 404 aut
1041 373 1242 404 successorum

185 413 303 443 suorum
315 433 324 448 ,
340 420 393 447 pro
411 410 549 442 Tuitione
571 414 605 443 ἃ
626 410 801 442 Defeniione
820 413 1010 450 eorumdem,
1027 413 1157 449 quotiens
1170 419 1242 449 opus

183 451 285 486 fuerit,
307 449 447 485 adjuvabit
468 449 514 480 vel
534 450 723 487 adjuvabunt,
742 458 849 488 quanto
864 451 947 481 citius
961 450 1123 480 commode
1138 449 1243 486 poterit

185 489 232 521 vel
248 489 388 526 poterint,
406 487 558 527 postquam
574 488 669 518 debite
681 487 716 519 ad
731 487 789 519 hoc
806 489 950 526 requifitus
962 489 1044 518 fuerit
1060 487 1106 517 vel
1119 487 1243 523 suerint;

178 529 214 566 viri
226 536 350 565 quorum
365 526 545 557 Auxiliorum
560 526 760 562 Praestatione,
784 527 879 564 quoad
893 526 1059 558 Numerum
1074 527 1171 556 attinet
1187 524 1244 554 Ar-

183 574 344 603 matorum,
363 565 491 596 habenda
504 565 558 596 erit
572 564 723 595 Facultatis
737 564 843 602 Ratio,
859 573 890 595 ut
906 565 1011 595 scilicet
1033 563 1162 602 praefatus
1183 566 1244 593 Rex

183 603 298 642 Angliae
313 627 323 642 ‚
346 603 488 634 Haeredes
508 611 555 634 aut
580 602 761 633 Succeffores
785 602 826 633 sui
838 625 849 641 ,
876 613 936 634 non
959 603 1028 634 ultra
1050 612 1174 634 teneatur
1190 611 1244 632 nec

185 651 333 674 teneantur
343 665 353 680 ,
370 642 455 680 quam
469 650 540 672 tunc
554 641 715 672 commode
728 641 820 672 facere
834 641 936 679 poterit
950 642 997 673 vel
1010 642 1132 680 poterint
1146 665 1156 678 ,
1173 650 1247 671 con-

185 681 300 712 siderata
324 680 480 719 Temporis
508 680 542 710 &
562 679 712 710 Locorum
736 681 948 718 oportunitate,
974 690 1008 711 ac
1032 680 1111 711 Statu
1132 679 1244 709 Rerum

185 720 324 758 suarum;
349 720 395 750 Ac
417 718 527 757 insuper
550 727 603 756 pro
626 717 800 748 Defenfione
823 720 857 748 ὃς
880 718 1019 749 Tuitione
1037 718 1169 749 Personae
1183 741 1193 754 ,
1211 718 1246 748 &

185 758 281 790 Statsis
298 758 406 796 praefati
421 759 553 795 Principis
572 755 769 823 I-qspaniarum
781 779 791 795 ‚
816 757 928 796 ejusque
945 756 1104 788 Haeredum
1118 757 1152 787 ὃς
1174 756 1247 786 Suc-

185 798 332 828 ceflorum
348 821 359 834 ,
384 796 541 827 Patriarum
555 817 565 831 ,
622 804 745 825 errarum
761 819 772 832 ,
798 794 1007 826 Dominiorum
1023 795 1225 833 praediCmrum
1235 816 1245 831 ,

186 845 287 867 contra
308 834 453 866 Invasores
476 834 509 863 &
533 831 648 863 hostiles
668 833 833 872 Agress'ores
852 833 1005 864 earundem
1029 833 1187 864 Patriarum
1211 832 1246 863 &

183 874 399 905 Dominiorum
416 871 623 909 qualescunque
634 871 756 909 fuerint,
775 871 903 909 praefatus
924 875 985 901 Rex
998 872 1130 911 Angliae,
1146 871 1248 902 Haere-

184 913 235 944 des
251 913 285 944 &
298 909 478 942 Succeffores
493 909 550 947 sui,
570 910 626 939 fine
638 910 751 948 fraude,
769 910 837 940 dolo
853 932 863 948 ,
880 910 1095 941 dissimulatione
1107 933 1118 949 ,
1135 917 1183 940 aut
1196 919 1249 940 co-

187 951 251 981 lore
269 958 475 989 quocumque,
491 949 543 978 erit
556 949 590 979 &
603 957 686 979 erunt
699 949 734 978 de
748 957 852 980 caetero
876 949 975 980 futuris
987 951 1124 987 perpetuis
1134 957 1250 986 tempo-

188 990 267 1019 ribus
288 988 397 1026 praefati
417 989 549 1026 Principis
569 986 766 1025 Hispaniarum
778 1009 788 1024 ,
814 986 975 1018 Haeredum
995 989 1029 1019 ὅτ
1046 986 1248 1018 Succefforum

186 1028 304 1057 suorum
330 1027 504 1057 Amicorum
527 1025 648 1056 Amicus
669 1026 703 1056 δε
727 1026 839 1063 Amici,
859 1027 892 1058 δε
907 1026 1097 1056 Inimicorum
1113 1025 1249 1055 Inimicus

187 1065 223 1096 ὃ(
238 1064 369 1103 Inimici,
389 1064 446 1094 fine
459 1064 494 1094 ali
517 1073 552 1093 ua
573 1062 774 1101 Exceptione2,
793 1064 870 1095 Non
883 1064 1059 1096 obstantibus
1077 1064 1249 1102 quibuscun-

187 1113 246 1142 que
270 1103 426 1143 Alligantiis
447 1103 480 1133 ἃ
533 1102 808 1133 onfoederationibus
829 1113 897 1141 quas
911 1103 996 1134 habet
1012 1104 1046 1134 &
1062 1103 1182 1140 habent,
1200 1101 1246 1131 vel

186 1143 217 1172 in
233 1142 360 1173 futurum
383 1141 486 1172 habere
500 1142 605 1182 poterit
628 1141 673 1171 vel
689 1142 813 1178 poterint
828 1166 837 1179 ,
864 1151 933 1172 cum
950 1141 1176 1180 quibuscumque
1188 1140 1250 1170 Re-

187 1181 287 1220 gibus,
305 1180 503 1217 Principibus,
520 1187 568 1210 aut
591 1178 856 1210 Communitatibus
870 1203 880 1219 ,
926 1179 1054 1210 ualescun
1077 1191 1113 1210 ue
1136 1179 1175 1209 illi
1197 1179 1250 1209 sint

187 1228 237 1250 aut
259 1228 363 1250 erunt:
390 1218 523 1249 Necnon
543 1217 696 1248 Personam
710 1241 720 1255 ,
745 1217 836 1248 Status
851 1241 860 1256 ,
922 1228 1025 1248 onores
1039 1243 1049 1257 ,
1105 1219 1252 1256 ignitates,

185 1256 305 1296 Causas,
324 1258 402 1295 Res,
419 1258 454 1288 &
468 1257 600 1294 Negotia
613 1257 694 1296 ipsius
707 1256 880 1287 Sereniffimi
896 1259 1026 1296 Principis
1043 1257 1250 1296 Hispaniarum,

186 1296 239 1327 fibi
255 1298 359 1328 intimo
382 1296 494 1326 Amore
510 1318 519 1334 ,
547 1294 616 1325 Fide
632 1319 642 1333 ,
662 1296 697 1327 &
722 1294 921 1326 Amicitiarum
942 1295 1065 1326 Foedere
1083 1295 1251 1334 conjuneti,

187 1345 276 1374 quern
300 1335 369 1366 loco
395 1334 458 1365 Filii
475 1333 618 1364 Cariffimi
637 1333 672 1363 ὃς
695 1333 877 1364 ΒίΙεᾶῐίΓιῐηί
900 1342 1008 1373 reputat
1023 1359 1032 1371 ,
1056 1335 1144 1365 taliter
1167 1333 1250 1364 cordi

187 1374 306 1405 habebit
325 1374 359 1405 δε
378 1373 509 1404 traerabit
522 1395 531 1410 ,
548 1372 618 1403 ficut
635 1371 845 1403 Pientiffimutn
860 1371 974 1403 Patrem
991 1372 1175 1403 Dilectiffimi
1191 1372 1253 1402 Filii

188 1412 326 1443 Honores
339 1435 350 1451 ,
375 1412 485 1449 Status,
503 1410 680 1448 Dionitates,
699 1409 816 1449 Causas,
837 1410 913 1450 Res,
932 1412 965 1442 ὃς
981 1411 1114 1450 Negotia
1130 1411 1251 1449 habere,

188 1460 334 1489 reputare,
352 1451 386 1482 &
403 1450 519 1480 tratstare
533 1435 616 1480 dsscet
629 1450 662 1479 &
677 1450 824 1480 convenit.

228 1489 274 1520 [τ
286 1499 304 1520 E
315 1497 343 1520 M
358 1513 368 1529 ‚
391 1488 603 1525 Conventum,
623 1486 843 1519 Concordatum
861 1488 895 1519 ὃς
911 1487 1090 1519 Conclusum
1108 1487 1165 1526 est,
1181 1488 1253 1517 inter

189 1527 325 1559 Oratores
340 1527 510 1566 praedictos,
531 1528 565 1559 δε
579 1526 716 1557 Oratores
729 1527 838 1564 praesati
847 1529 925 1564 Regis
935 1530 1114 1557 Romanorum
1130 1527 1254 1557 &Prin-

187 1570 250 1605 cipis
265 1566 478 1606 Hispaniarum,
494 1564 696 1602 Nominibus,
712 1565 907 1603 Auecoritate,
921 1564 1084 1603 Consensu,
1103 1565 1137 1596 &
1153 1564 1255 1595 Affen—

190 1606 222 1636 su
238 1607 340 1644 quibus
351 1606 431 1644 supra
447 1603 657 1642 Promiserunt,
676 1605 710 1634 δε
728 1613 779 1641 per
791 1603 944 1633 Praesentes
958 1602 1153 1640 promittunt,
1172 1602 1253 1641 quod

190 1653 286 1682 neque
296 1644 429 1682 praefatus
442 1645 566 1681 Princeps
580 1641 777 1681 Hispaniarum
792 1665 802 1681 ‚
820 1651 914 1679 neque
928 1641 1064 1672 Haeredes
1075 1651 1122 1672 aut
1137 1642 1257 1672 Succes-

192 1682 269 1713 sores
292 1684 328 1713 sui
352 1682 497 1720 praestabit
512 1681 558 1712 vel
572 1679 746 1718 praestabunt
762 1680 907 1711 Auxilium
920 1702 930 1718 ,
949 1679 1128 1718 Confilium,
1143 1680 1189 1710 vel
1203 1680 1256 1710 Fa-

189 1731 293 1752 vorem
303 1720 447 1751 Hostibus
458 1719 503 1750 vel
516 1718 643 1749 Inimicis
659 1718 849 1756 praefatiRegir
856 1718 970 1755 Angliae
977 1743 988 1757 ‚
997 1719 1195 1749 Haeredumve
1208 1726 1256 1749 aut

189 1759 398 1790 Successorum
421 1758 537 1789 suorum
552 1781 562 1794 ‚
587 1756 719 1794 eosdem,
739 1765 785 1787 aut
799 1767 898 1787 eorum
913 1757 1037 1796 aliquem
1053 1768 1102 1795 per
1116 1757 1257 1795 Terram,

189 1796 280 1829 Mare
295 1820 305 1836 ,
330 1798 378 1828 vel
398 1796 496 1835 Aquas
517 1795 611 1825 dulces
626 1795 755 1826 infestare
771 1796 818 1826 vel
831 1795 1160 1833 invadere‘volentibusz,
1180 1796 1218 1826 Et
1234 1798 1254 1825 fi

190 1836 290 1874 aliquis
308 1835 355 1866 vel
377 1835 463 1873 aliqui
481 1833 674 1872 cujuscunque
695 1832 788 1864 Status
803 1857 813 1873 ,
838 1833 955 1865 Gradus
969 1857 980 1873 ,
1004 1835 1048 1866 vel
1072 1834 1256 1865 Condjtionis

192 1875 319 1912 flierint,
335 1874 392 1904 five
414 1873 527 1911 Alligati
547 1880 594 1904 aut
608 1870 809 1903 Confoederati
828 1873 867 1903 sui
887 1874 956 1912 fint,
973 1873 1029 1904 sive
1040 1883 1119 1911 non,
1138 1873 1256 1912 Regna,

191 1913 316 1949 Patrias,
335 1912 496 1950 Dominia,
510 1912 544 1943 &
560 1911 663 1941 Terras
683 1911 792 1948 praefati
814 1915 892 1949 Regis
907 1911 1035 1950 Angliae‚
1051 1911 1209 1942 Haeredum
1223 1912 1256 1942 &

192 1951 401 1983 Succefforum
423 1950 539 1981 suorum
561 1959 625 1988 quae
648 1950 676 1979 in
697 1950 823 1987 praesenti
845 1950 964 1988 poffidet
978 1951 1023 1981 vel
1039 1951 1207 1981 infuturum
1222 1950 1259 1980 de

188 1990 260 2028 Jure
288 1989 428 2027 poffidere
448 1988 557 2025 debet,
581 1997 631 2026 per
652 1988 730 2019 viam
755 1987 878 2019 Guerrae
899 1988 1036 2019 hostiliter
1051 1989 1200 2019 invaserint
1213 1990 1259 2019 vei

191 2028 366 2068 Dampnum
380 2028 473 2058 eidem
494 2029 559 2064 Regi
576 2026 691 2064 Angliae
705 2050 715 2065 ,
739 2026 932 2065 Haeredibus,
960 2027 1191 2066 Succefforibus,
1212 2036 1260 2058 aut

196 2068 322 2098 Subditis
336 2067 406 2106 suis,
422 2066 493 2096 infra
509 2065 626 2104 Regna,
642 2065 764 2104 Patrias,
781 2066 897 2104 Terras,
914 2068 948 2097 &
962 2066 1103 2097 Dominia
1127 2066 1172 2097 sua
1186 2076 1258 2103 prae—

194 2106 272 2137 dicta
291 2105 392 2137 inferre
411 2113 459 2135 aut
476 2105 569 2135 facere
591 2104 751 2142 voluerint,
765 2104 894 2142 praefatus
906 2108 1030 2143 Princeps
1046 2104 1260 2144 Hispaniarum,

194 2144 275 2175 bona
290 2144 377 2182 Fide,
394 2143 521 2181 realiter,
538 2143 572 2174 ὃς
587 2152 657 2173 cum
669 2143 775 2174 efferim
786 2166 796 2180 ‚
812 2143 928 2174 eosdem
943 2147 1039 2181 Regem
1051 2143 1183 2182 Angliae,
1194 2145 1262 2173 Hae-

193 2183 271 2213 redes
288 2181 326 2218 (ᾗ,
340 2181 494 2221 Succeffiires
504 2181 579 2220 sitos,
598 2181 717 2212 Auxiliis
733 2181 902 2213 Militaribus
914 2181 1055 2213 Gentium
1079 2182 1236 2212 Armorum
1250 2205 1260 2219 ,

193 2221 331 2260 Expenlis
349 2230 445 2252 tamen
460 2221 542 2258 ipfius
554 2223 632 2257 Regis
646 2219 777 2258 Angliae,
792 2220 952 2251 Haeredum
967 2245 977 2258 ,
995 2229 1042 2251 aut
1056 2220 1259 2251 Succefforum

194 2261 330 2299 suorum,
345 2270 398 2297 pro
415 2259 557 2290 Tuitione
579 2260 614 2290 &
634 2258 811 2289 Defenfione
831 2259 1000 2289 eorumdem
1014 2281 1024 2297 ,
1043 2260 1173 2296 quotiens
1188 2269 1262 2296 opus

194 2299 298 2338 fuerit,
315 2299 460 2337 adjuvabit
473 2298 519 2328 vel
533 2296 722 2335 adjuvabunt,
740 2299 848 2335 quanto
871 2299 954 2328 citit‘is
976 2297 1139 2328 commode
1157 2299 1261 2336 poterit

194 2338 241 2369 vel
256 2345 407 2376 poterunt,
418 2335 570 2374 postquam
586 2336 683 2366 debite
697 2335 732 2366 ad
749 2337 809 2367 hoc
823 2337 967 2375 requisitus
980 2336 1061 2367 fuerit
1077 2337 1124 2367 vel
1136 2336 1260 2373 fuerint,

193 2375 231 2406 In
261 2386 387 2415 quorum
415 2376 597 2406 Auxiliorum
619 2374 805 2406 Praestatione
819 2399 828 2412 ‚
857 2376 950 2413 quoad
973 2374 1141 2406 Numerum
1161 2376 1260 2405 attinet

193 2414 383 2446 Armatorum
399 2439 408 2450 ,
434 2413 560 2445 habenda
581 2414 635 2443 erit
655 2413 804 2445 Facultatis
826 2412 913 2444 Ratio
928 2438 938 2451 ,
964 2422 995 2443 ut
1007 2412 1112 2444 scilicet
1128 2413 1261 2451 praefatus

201 2456 326 2492 Princeps
341 2453 555 2492 Hispaniarum,
570 2451 708 2483 Haeredes
722 2461 770 2483 aut
787 2452 967 2483 Succeffores
989 2451 1030 2481 sui
1049 2461 1108 2482 non
1130 2452 1201 2482 ultra
1217 2461 1260 2482 te-

194 2502 216 2523 n
249 2501 293 2523 tur
307 2492 354 2524 vel
366 2500 511 2523 teneantur
523 2514 533 2528 ,
561 2491 647 2529 quam
660 2498 729 2521 tunc
742 2491 903 2522 commode
920 2491 1015 2521 facere
1028 2491 1133 2527 poterit
1148 2491 1193 2521 vel
1207 2500 1261 2528 po-

195 2539 224 2561 te
248 2541 280 2562 nt
294 2553 304 2568 ,
327 2529 501 2561 considerata
512 2529 669 2566 Temporis
689 2530 723 2560 &
741 2529 890 2560 Locorum
913 2529 1120 2567 oportunitate,
1137 2538 1170 2559 ac
1182 2528 1261 2559 Statu

195 2570 311 2600 Rerum
325 2570 453 2607 suarum,
473 2578 506 2599 ac
527 2567 639 2605 insuper
662 2577 716 2605 pro
741 2567 916 2599 Defensione
931 2569 965 2598 δε
977 2567 1117 2598 Tuitione
1131 2566 1262 2598 Personae

195 2608 230 2639 δε
243 2607 338 2640 Status
352 2607 459 2646 praefati
473 2610 550 2643 Regis
565 2605 679 2645 Angliae
689 2629 698 2644 ,
719 2605 737 2621 ³⁹
758 2607 871 2645 ejusque
888 2606 1047 2637 Haeredum
1061 2606 1095 2636 ὅτ
1111 2606 1262 2637 Successo-

195 2656 277 2685 rum,
293 2646 484 2686 Regnorum,
501 2646 675 2682 Patriarum,
691 2645 861 2684 Terrarum,
878 2646 912 2676 &
935 2644 1141 2675 Dominiorum
1159 2644 1261 2683 praedi-

197 2685 332 2723 &orum,
347 2693 446 2715 contra
460 2683 621 2721 Invasores,
639 2684 674 2715 &
687 2682 800 2714 hostiles
812 2683 978 2723 Agreffores
1000 2682 1168 2714 eorumdem
1183 2683 1264 2722 Reg-

198 2734 304 2755 norum
315 2746 324 2762 ,
341 2723 514 2761 Patriarum,
531 2723 565 2754 &
581 2721 810 2760 Dominiorum,
829 2721 1043 2761 qualescumque
1055 2721 1175 2760 fuerint,
1193 2731 1265 2759 prae-

197 2763 270 2794 fatus
291 2764 418 2800 Princeps
434 2761 630 2800 Hispaniarum
643 2783 655 2799 ,
681 2760 818 2791 Haeredes
831 2783 841 2797 ,
863 2762 897 2792 ὃς
921 2759 1103 2790 Succeffores
1124 2760 1164 2791 sui
1181 2782 1190 2796 ,
1207 2760 1265 2790 fine

198 2801 298 2831 fraude
313 2823 324 2838 ,
346 2801 440 2838 dolo,
462 2799 680 2830 diffimulatione
696 2821 706 2838 ,
731 2807 778 2830 aut
803 2800 903 2830 colore
922 2808 1108 2836 quocumque
1124 2822 1134 2837 ,
1157 2799 1208 2828 erit
1230 2800 1264 2829 δε

199 2847 285 2870 erunt
297 2838 334 2868 de
346 2839 460 2868 caeteroi.
467 2839 608 2875 perpetuis
621 2838 719 2868 futuris
732 2838 908 2874 temporibus
922 2837 1030 2875 praefati
1042 2839 1121 2873 Regis
1132 2836 1244 2874 Angliae
1254 2859 1265 2876 ,

198 2876 379 2914 Haeredurn,
395 2877 430 2908 &
446 2875 649 2906 Succefforum
662 2874 781 2905 suorum
794 2897 804 2912 ‚
817 2874 991 2905 Amicorum
1001 2874 1123 2905 Amicus
1137 2876 1170 2905 ὅ(
1182 2876 1264 2905 Ami-

198 2918 227 2948 ci
238 2939 246 2954 ,
263 2916 297 2948 ὃς
317 2914 512 2945 Inimicorum
534 2912 670 2943 Inimicus
693 2912 726 2943 &
747 2911 879 2950 Inimici,
897 2912 954 2942 fine
965 2913 1057 2949 aliqua
1071 2912 1264 2951 Exceptione3

197 2954 278 2986 Non
291 2952 468 2984 obstantibus
482 2951 710 2989 quibuscumque
720 2950 877 2988 Alligantiis
885 2972 895 2988 ,
911 2951 945 2982 ὃς
957 2949 1265 2982 Confcederationibus

200 3003 270 3032 quas
289 2993 375 3023 habet
397 3000 445 3022 aut
465 2990 568 3021 habent
585 2990 631 3021 vel
654 2989 683 3019 in
704 2989 833 3021 futurum
847 2990 948 3020 habere
963 2990 1068 3027 poterit
1079 2989 1124 3020 vel
1139 2991 1264 3026 poterint

201 3041 272 3063 cum
295 3029 522 3069 quibuscumque
542 3028 671 3068 Regibus
685 3050 696 3066 ,
719 3027 900 3066 Principibus
920 3036 969 3058 aut
984 3027 1263 3066 Communitatibus,

200 3069 410 3108 qualescunque
425 3069 463 3098 illi
478 3068 531 3099 sint
544 3076 590 3098 aut
604 3074 701 3098 erunt:
721 3066 858 3098 Praefatus
873 3075 989 3104 quoque
1004 3068 1109 3104 Priceps
1116 3067 1157 3095 Hi
1163 3070 1265 3104 pania-

203 3119 265 3138 rum
284 3108 439 3138 Personam
453 3129 463 3145 ,
485 3106 578 3137 Status
592 3128 602 3144 ,
626 3104 782 3143 Honores,
800 3104 978 3144 Dignitates,
998 3103 1118 3142 Causas,
1169 3114 1212 3141 es,
1230 3107 1264 3137 δε

205 3147 339 3186 Negotia
350 3146 433 3184 ipsius
446 3144 617 3177 Sereniffimi
630 3147 708 3182 Regis
720 3143 850 3182 Angliae,
870 3143 922 3174 fibi
933 3143 1036 3174 intimo
1050 3143 1158 3174 Amore
1167 3143 1266 3182 ,Fide,

204 3186 240 3217 &
263 3185 468 3216 Amicitiamm
490 3183 611 3215 Foedere
633 3182 800 3221 conjuncti,
817 3191 906 3220 quern
919 3181 989 3212 loco
1003 3181 1090 3212 Patris
1103 3181 1266 3212 Chariffimi

204 3225 242 3255 δε
261 3222 448 3255 ΒῖΙεέὶίίῖῐωὶ
469 3222 553 3253 habet
575 3223 609 3254 &
632 3229 740 3259 reputat
780 3220 871 3252 taliter
888 3220 969 3251 cordi
984 3220 1099 3250 habebit
1114 3221 1148 3252 ὃς
1164 3219 1267 3251 warsta-

204 3263 268 3301 bit,
286 3262 356 3293 sicut
370 3260 604 3292 Amantiffimum
622 3260 727 3291 Filium
741 3243 909 3290 I3ientiffimi
930 3259 1019 3290 Patris
1032 3258 1187 3296 Honores,
1204 3258 1267 3290 Sta-

205 3309 252 3333 tus
268 3324 279 3339 ‚
303 3300 463 3340 Dignitatoe
480 3323 490 3338 ,
511 3298 615 3331 Causas
632 3323 642 3338 ,
665 3298 727 3329 Res
741 3298 775 3330 &
788 3297 920 3337 Negotia
933 3297 1056 3336 habere,
1070 3306 1216 3335 reputare,
1231 3297 1265 3328 &

204 3340 326 3371 trad'care
338 3341 421 3370 decet
434 3339 469 3369 &
483 3338 630 3369 convenit.

243 3377 375 3416 ΙΤΕΜ,
400 3376 608 3413 Conventum,
626 3374 864 3413 Concordatum,
881 3374 915 3405 &
930 3373 1107 3405 Conclusam
1121 3373 1179 3412 est,
1197 3374 1269 3405 inter

208 3416 349 3448 Oratores
369 3415 521 3454 praedietos
533 3438 544 3454 ,
569 3414 749 3445 Nominibus
769 3415 802 3446 δε
818 3413 1057 3450 Auctoritatibus‚
1075 3411 1220 3442 Consensu
1234 3412 1268 3443 &

207 3455 446 3494 Affensuquibus
458 3453 537 3492 supra
553 3476 563 3492 ,
585 3454 619 3484 &
635 3453 771 3485 Oratores
786 3452 892 3491 praefati
905 3455 983 3489 Regis
997 3449 1109 3489 Angliae
1126 3449 1269 3481 Promise-

208 3503 277 3525 runt
295 3496 329 3526 &
351 3503 401 3531 per
424 3492 576 3524 Praesentes
597 3491 778 3523 Promittunt
792 3515 802 3529 ,
818 3490 898 3529 quod
915 3500 969 3520 nec
985 3491 1114 3527 praetatus
1125 3491 1186 3518 Rex
1200 3491 1268 3519 An-

203 3531 288 3571 gliae,
304 3542 360 3563 nec
376 3531 531 3569 Haeredes,
548 3540 595 3562 aut
608 3529 787 3561 Successores
801 3529 858 3566 sui,
872 3538 927 3560 nec
950 3528 1064 3559 Subditi
1076 3527 1115 3558 sui
1125 3550 1134 3565 ,
1150 3537 1203 3558 nec
1219 3537 1269 3558 eo-

208 3579 276 3602 rum
297 3570 398 3608 aliquis
410 3593 421 3608 ,
444 3569 560 3600 Rebelli
575 3570 622 3600 stau
635 3568 815 3608 Rebciiibus‚
836 3567 977 3598 Proditori
991 3566 1037 3597 seu
1053 3566 1269 3604 Proditoribus,

208 3608 342 3648 Profugo
360 3608 407 3639 seu
423 3607 558 3646 ‚Profugis
578 3607 661 3645 ipsius
676 3609 805 3645 Principis
817 3605 1029 3645 Hispaniarum,
1045 3604 1203 3634 Haeredum
1222 3613 1270 3634 aut

211 3646 416 3678 Successorum
435 3646 552 3676 suorum
568 3667 578 3682 ,
594 3645 775 3676 inobedienti
801 3644 923 3674 Subdito
936 3666 946 3682 ,
969 3643 1016 3675 vel
1036 3642 1269 3674 Inobedientibus

212 3685 339 3717 Subditis
353 3708 363 3723 ,
388 3683 589 3722 cujuscumque
612 3682 729 3713 Gradi‘is
747 3705 757 3721 ,
780 3681 894 3720 Statsis,
912 3690 960 3712 aut
975 3680 1159 3716 Conditionis
1173 3680 1268 3711 existat

212 3724 259 3755 vel
273 3722 409 3762 existant,
428 3722 604 3759 ubicumque
621 3720 776 3751 Locorum
790 3721 909 3751 extiterit
921 3719 966 3749 seu
983 3720 1140 3758 extiterint,
1159 3719 1268 3756 Verbo,

212 3762 305 3793 Facto
320 3771 366 3792 aut
376 3760 511 3798 scripto,
530 3758 694 3795 Auxilium,
709 3758 870 3789 Consilium
882 3782 893 3796 ,
912 3757 958 3788 vel
973 3757 1113 3787 Favorem
1124 3782 1134 3796 ,
1152 3757 1270 3787 Victua-

211 3801 265 3838 lia,
281 3800 411 3838 Hospitia
425 3821 435 3838 ,
456 3798 600 3836 Stipendia
611 3819 622 3834 ‚
647 3797 783 3828 Pecunias
797 3821 807 3834 ,
832 3796 951 3834 Naves,
970 3795 1078 3826 Gentes
1093 3795 1250 3826 Armorum
1260 3819 1270 3832 ‚

213 3839 271 3869 five
294 3838 367 3869 aliud
382 3836 574 3876 quodcunque
598 3836 657 3866 dari
673 3859 683 3872 ,
707 3844 754 3866 aut
767 3834 907 3873 praestari,
926 3833 1074 3864 ministrari
1088 3834 1134 3865 vel
1149 3833 1270 3864 concedi

213 3879 360 3916 permittet
378 3885 425 3907 aut
445 3876 608 3913 permittent
622 3898 633 3911 ,
660 3872 705 3904 sed
718 3873 842 3904 eundem
859 3873 916 3903 five
929 3872 1043 3903 eosdem
1056 3880 1190 3910 tanquam
1203 3881 1271 3908 pro-

215 3916 310 3952 prium
325 3914 479 3946 Rebellem
499 3913 555 3943 five
569 3911 718 3948 Rebeiies,
733 3911 892 3950 Profugum
912 3911 968 3941 five
991 3909 1151 3949 Profugos,
1168 3909 1272 3940 Prodi-

214 3962 316 3986 torem*
329 3954 375 3985 seu
396 3952 558 3984 Proditores
572 3974 582 3989 ,
605 3959 738 3988 tanquam
754 3949 915 3987 Capitalem
930 3949 1084 3979 Inimicum
1101 3948 1157 3980 five
1171 3947 1272 3978 Inimi-

214 4000 282 4028 COS,
300 3991 475 4029 ubicumque
491 3990 621 4020 Iocorum
637 3987 816 4026 prosequetur
832 3988 865 4018 &
880 3988 1098 4025 prosequentur,
1115 3987 1150 4018 &
1164 3987 1200 4016 ab
1213 3986 1272 4016 aliis

213 4028 442 4069 quibuscumque
463 4029 500 4059 fic
517 4027 646 4067 prosequi
666 4027 774 4058 curabit
795 4026 829 4057 &
851 4025 980 4063 efficiet,
1005 4025 1146 4057 curabunt
1162 4026 1194 4056 &
1207 4024 1271 4056 effi-

212 4069 289 4099 cient
303 4076 373 4098 cum
387 4068 505 4098 effestu.

246 4105 356 4145 ITEM,
372 4105 560 4136 Conventum
577 4126 588 4142 ,
604 4101 824 4134 Concordatum
840 4124 850 4139 ,
867 4102 900 4132 &
923 4100 1102 4132 Conclusum
1124 4100 1180 4140 est,
1198 4101 1270 4132 inter

209 4143 345 4178 Oratores
365 4143 516 4185 praedictos
532 4165 544 4182 ,
564 4143 598 4176 &
625 4141 759 4174 Oratores
779 4140 886 4181 praefati
906 4143 984 4180 Regis
1008 4143 1209 4178 Romanorum,
1233 4140 1268 4172 &

1296 245 1767 294 PUBLICA.
2262 267 2342 310 247

1278 332 1409 375 Principis
1423 334 1635 378 Hispaniarum,
1654 337 1835 368 Nominibus
1849 337 1884 369 ὃς
1909 338 2099 378 Ausim-itate,
2115 338 2260 372 Consensu
2271 365 2279 374 ,
2301 343 2334 373 &
2355 341 2430 372 Anii.
2442 339 2487 372 D.

1280 369 1398 416 Asieiilu
1415 374 1514 409 quibus
1528 373 1621 413 supra,
1640 375 1845 413 Promiierunt,
1865 377 1897 407 &
1913 388 1962 414 per
1978 378 2129 408 praesentes
2145 375 2334 418 Promittsint,
2372 382 2458 417 1508.

1281 409 1362 445 quod
1376 419 1430 440 nec
1446 411 1573 447 praefatus
1585 415 1708 450 Princeps
1727 414 1938 454 Hispaniarum,
1957 426 2011 447 nec
2034 417 2184 453 Herodes,
2201 427 2247 448 aut
2263 419 2334 449 Suc—
2351 424 2413 448 Hm.
2432 429 2459 453 ῖ-

1281 446 1401 490 ceffores
1418 448 1474 485 sui,
1492 459 1546 493 nec
1564 450 1675 494 Subditi
1688 452 1727 482 sui
1744 476 1754 490 ,
1772 463 1826 483 nec
1846 463 1946 483 eorum
1964 455 2062 492 aliquis
2078 455 2191 485 Rebelli
2213 456 2258 486 seu
2275 457 2337 486 Re-

1282 484 1419 530 bellibus,
1436 485 1579 530 Pijoditori
1592 489 1637 520 seu
1652 490 1862 530 Proditoribus,
1880 491 2007 530 Profugo
2028 493 2073 523 seu
2097 494 2229 532 Profugis
2254 495 2337 531 ipfius

1282 523 1512 566 Rngs-Angliae,
1530 525 1704 571 Haeredurn,
1721 538 1768 559 aut
1793 530 1994 560 Success'orum
2013 532 2140 568 suorum,
2159 532 2340 563 inobedienti

1283 561 1489 606 Subditoxv'el
1506 562 1735 606 inobedientibus
1750 567 1889 605 Subditis,
1907 569 2096 608 cujuscunque
2106 570 2339 609 Gradfis,Statsis

1282 600 1328 630 vel
1342 599 1525 644 Conditionis
1542 602 1638 633 existat
1653 605 1697 634 vel
1713 605 1846 644 existant,
1865 608 2041 644 ubicumque
2065 609 2197 639 locorum
2218 611 2339 640 extiterit

1282 637 1328 668 seu
1343 646 1499 678 extiterint,
1519 639 1636 684 Verbo,
1653 641 1760 684 Fadio,
1778 653 1823 674 aut
1844 644 1955 682 Scripto
1976 646 2139 684 Auxilium,
2156 647 2316 678 Consilium
2328 670 2338 686 ,

1284 677 1330 707 vel
1354 676 1496 707 Favorem
1510 699 1519 715 ,
1537 677 1854 723 Vic'tiqialiaQI-iospitia,
1872 683 2031 720 Stipendia,
2050 684 2203 723 Pecunias,
2220 685 2339 724 Naves,

1285 714 1395 759 Gentes
1409 715 1568 760 Armorum
1578 740 1587 754 ,
1603 720 1660 748 live
1673 718 1746 748 aliud
1762 720 1963 759 quodcumque
1976 722 2136 753 Subsidium
2154 723 2340 762 ministrabit,

1283 753 1377 791 dabit,
1393 754 1557 798 praestabit,
1568 764 1615 786 aut
1627 757 1784 794 concedet,
1802 758 2013 797 ministrabunt,
2029 761 2153 798 dabunt,
2166 762 2339 799 praestabunt

1284 801 1331 823 aut
1345 793 1523 836 concedent,
1541 799 1598 825 live
1612 795 1648 824 ab
1662 795 1727 825 Alio
1742 796 1787 825 vel
1802 795 1870 825 Aliis
1884 798 2107 837 quibuscumque
2127 800 2185 830 dari
2207 801 2252 830 vel
2268 810 2340 838 prae-

1285 829 1366 868 stari,
1385 830 1553 874 ministrari,
1570 832 1630 862 dari
1649 842 1696 864 aut
1718 834 1839 864 concedi
1861 836 2001 872 permittet
2023 847 2069 867 aut
2093 840 2257 874 permittent
2270 861 2279 875 ,
2294 838 2341 868 sed

1285 870 1410 899 eundem
1426 870 1484 900 five
1499 869 1613 900 eosdem
1624 895 1633 908 ,
1651 881 1784 910 tanquam
1805 873 1952 909 proprium
1970 872 2118 904 Rebellem
2133 876 2189 907 five
2198 875 2342 913 Rebelles,

1285 907 1443 946 Profugum
1468 909 1513 951 seu
1536 908 1678 948 Profugos
1695 933 1704 947 ,
1730 910 1914 946 Proditorem
1935 912 1979 941 seu
2002 911 2182 951 Proditores,
2207 923 2342 952 tanquam

1287 945 1446 984 Capitalem
1465 945 1622 977 Inimicum
1644 948 1700 978 five
1719 948 1855 979 Inimicos
1870 972 1879 987 ,
1904 950 2077 988 ubicumque
2098 951 2230 983 locorum
2250 953 2344 990 prose-

1288 994 1389 1022 quetur
1411 985 1444 1015 ὃς
1464 985 1667 1028 prosequentur
1681 1010 1690 1024 ,
1708 988 1741 1017 δε
1764 988 1800 1017 ab
1822 987 1879 1017 aliis
1899 988 2126 1026 quibuscumque
2150 990 2187 1020 fic
2210 991 2342 1029 prosequi

1287 1024 1397 1054 curabit
1413 1024 1445 1054 ὃς
1459 1022 1580 1061 efficiet,
1597 1025 1736 1055 curabunt
1748 1026 1781 1056 δε
1798 1025 1926 1056 efficient
1938 1037 2005 1057 cum
2019 1026 2134 1058 effectu.

1324 1061 1434 1099 ITEM,
1453 1060 1660 1101 Conventum,
1674 1063 1894 1094 Concordatum
1908 1089 1917 1101 ,
1936 1065 1969 1095 &
1990 1063 2167 1096 Conclusum
2190 1066 2231 1097 est
2246 1089 2256 1104 ,
2275 1067 2346 1096 inter

1288 1099 1424 1131 Oratores
1440 1099 1606 1138 praedictos,
1621 1102 1654 1131 δε
1671 1100 1806 1133 Oratores
1819 1103 1925 1139 praefati
1938 1106 2014 1141 Regis
2026 1103 2138 1141 Angli'ae
2154 1103 2344 1136 Promiserunt

1286 1139 1321 1169 δε
1342 1149 1392 1176 per
1415 1138 1568 1169 Praesentes
1595 1139 1793 1179 Promittunt,
1811 1141 1892 1179 quod
1911 1151 1964 1171 nec
1985 1143 2112 1179 praefatus
2130 1145 2190 1172 Rex
2214 1142 2347 1181 Angliae,

1287 1186 1342 1207 nec
1357 1177 1512 1214 Haeredes,
1529 1187 1576 1208 aut
1589 1178 1771 1208 Succeiiores
1785 1180 1822 1209 sui
1831 1201 1841 1216 ,
1860 1189 1912 1210 nec
1926 1180 2037 1210 Subditi
2053 1180 2166 1218 sui,nec
2182 1183 2272 1219 quivis
2280 1182 2349 1211 alius

1285 1214 1336 1245 sub
1361 1215 1532 1246 Obedientia
1547 1238 1557 1254 ,
1577 1215 1736 1255 Distrititu,
1751 1216 1951 1255 Jiirisciietione
1965 1242 1974 1255 ,
1991 1227 2038 1249 aut
2059 1218 2179 1250 Ditione
2201 1220 2254 1250 suis
2265 1244 2275 1257 ,
2291 1229 2348 1250 nec

1287 1263 1388 1284 eorum
1401 1255 1498 1292 aliquis
1510 1253 1663 1284 Rebellem
1683 1255 1729 1285 seu
1755 1256 1887 1287 Rebelles
1904 1280 1914 1293 ,
1939 1257 2121 1288 Proditorem
2145 1258 2191 1288 seu
2212 1258 2353 1288 Prodito-⁴

1288 1302 1331 1322 res
1347 1316 1357 1330 ,
1386 1291 1544 1331 Profugum
1567 1293 1612 1324 seu
1638 1293 1781 1332 Profugos
1803 1295 1872 1325 dieti
1894 1297 2024 1333 Princiffis
2046 1298 2086 1324 Hi
2098 1300 2240 1333 paniarum
2256 1319 2266 1334 ,
2295 1305 2348 1327 cu-

1284 1330 1441 1370 juscunque
1461 1329 1557 1362 Statsis
1574 1354 1583 1369 ,
1608 1330 1725 1362 Gradus
1745 1341 1790 1363 aut
1819 1332 2003 1364 Conditionis
2023 1336 2064 1365 exi
2107 1343 2118 1365 t
2141 1334 2186 1365 vel
2210 1334 2350 1374 existant,

1289 1371 1318 1400 in
1340 1369 1386 1414 sua
1401 1369 1520 1414 Regna,
1535 1369 1655 1407 Patrias,
1674 1369 1829 1409 Dominia‚
1848 1371 1970 1409 Terras,
1989 1372 2105 1411 Portus,
2119 1372 2347 1411 jurisdictiones,

1290 1408 1475 1438 Obedientias
1488 1431 1498 1446 ,
1521 1417 1568 1439 aut
1588 1407 1742 1440 Distrie‘tus
1761 1410 1953 1447 quovismodo
1977 1411 2107 1442 admittet
2132 1411 2188 1441 five
2211 1412 2350 1450 recipiet,

1290 1447 1439 1478 admittent
1456 1447 1512 1477 five
1527 1447 1676 1485 recipient,
1694 1457 1749 1478 nec
1762 1449 1799 1479 ab
1816 1448 1884 1479 Aliis
1898 1449 2125 1488 quibuscumque
2140 1450 2227 1488 recipi
2241 1451 2286 1481 vel
2300 1449 2352 1479 ad·-

1290 1486 1364 1516 mitti
1387 1487 1528 1522 permittet
1549 1487 1595 1516 vel
1616 1487 1798 1524 permittent,
1818 1488 1851 1518 ὃς
1875 1485 1949 1518 Casu
1969 1498 2029 1526 quo
2048 1488 2179 1526 deinceps
2194 1488 2352 1527 hujusmodi

1291 1523 1442 1554 Rebellem
1468 1523 1513 1554 vel
1536 1523 1672 1554 Rebelles
1689 1548 1699 1562 ,
1715 1524 1897 1557 Proditorem
1919 1526 1965 1556 seu
1991 1526 2153 1557 Proditores
2164 1549 2174 1565 ,
2190 1526 2351 1566 Profugum

1292 1562 1338 1592 vel
1358 1561 1505 1599 Profugos
1525 1562 1595 1592 infra
1620 1562 1725 1600 Regna
1738 1586 1748 1601 ,
1766 1563 1870 1594 Patrias
1886 1587 1896 1601 ,
1914 1564 2054 1595 Dominia
2068 1588 2077 1602 ,
2093 1565 2211 1603 Terras,
2231 1565 2350 1604 Portus,

1293 1599 1784 1639 Obedientias,Jurisdidtiones,aut
1799 1601 1954 1633 Distristus
1967 1603 2036 1634 dicti
2051 1607 2129 1641 Regis
2144 1603 2256 1641 Angliae
2264 1603 2352 1642 Esse,

1293 1639 1432 1677 Latitare,
1448 1648 1495 1670 aut
1509 1648 1696 1677 quocumque
1708 1642 1765 1670 alio
1781 1640 1888 1678 modo,
1907 1643 1993 1672 etiam
2010 1641 2047 1672 Vi
2070 1651 2118 1673 aut
2135 1642 2208 1672 Casu
2231 1643 2351 1673 fortuito

1291 1677 1408 1708 existere
1429 1677 1476 1708 seu
1496 1678 1636 1715 applicare
1652 1678 1677 1698 *-
1691 1679 1850 1716 acceperit,
1866 1680 1913 1709 seu
1933 1680 2144 1718 quoquomodo
2168 1680 2352 1719 intellexerit,

1291 1717 1424 1754 sciat,aut
1439 1717 1534 1754 aliquo
1547 1716 1638 1751 modo
1651 1716 1826 1754 suspitionem
1839 1718 2218 1756 habuerit,acceperint,vel
2232 1727 2352 1758 quoquo

1294 1755 1384 1786 modo
1398 1755 1710 1793 intellexerint,sciant,
1726 1765 1774 1786 aut
1791 1755 1982 1794 Suspicionem
1997 1758 2160 1792 habuerint:
2177 1765 2244 1788 tunc
2251 1758 2355 1794 absque

1292 1795 1375 1824 omni
1391 1793 1502 1831 fraude,
1515 1793 1600 1831 dolo,
1619 1793 1697 1825 malo
1717 1795 1849 1833 ingenio,
1863 1794 2017 1834 dilatione,
2033 1795 2228 1834 excusatione,
2244 1795 2353 1827 sinistri

1290 1833 1446 1863 verborum
1461 1833 1706 1869 interpretatione,
1721 1843 1769 1863 aut
1782 1832 2000 1864 diffirnulatione
2013 1842 2211 1872 quacumque,
2229 1843 2276 1865 aut
2296 1835 2353 1865 aiio

1294 1871 1395 1907 quovis
1413 1871 1531 1909 qiiaefito
1545 1871 1645 1901 colore
1657 1894 1667 1909 ,
1685 1870 1773 1902 Illum
1790 1872 1836 1902 seu
1858 1871 1942 1909 Illos,
1963 1872 2116 1903 Rebellem
2138 1873 2184 1904 seu
2204 1872 2355 1911 Rebelles,

1294 1909 1477 1940 Proditorem
1490 1909 1535 1939 seu
1550 1908 1733 1948 Proditores,
1747 1910 1905 1949 Profugum
1921 1911 1965 1942 seu
1973 1911 2131 1950 Profugos,
2148 1911 2354 1949 cujuscumque

1295 1947 1421 1985 Gradfis,
1441 1947 1552 1985 Statfis,
1571 1946 1772 1987 Conditioiiis,
1788 1958 1834 1979 aut
1850 1949 2006 1987 Dignitatis
2027 1950 2126 1981 existat
2145 1950 2203 1980 five
2216 1950 2354 1988 existant,

1295 1986 1389 2018 statim
1404 1988 1438 2018 ὃς
1461 1985 1642 2025 immediate,
1662 1987 1696 2018 &
1715 1988 1817 2025 absque
1840 1987 1973 2019 ditatione
1993 1997 2175 2026 quacumque
2194 1990 2285 2026 capiet
2307 1997 2355 2020 aut

1296 2027 1358 2063 capi
1374 2026 1473 2063 faciet,
1491 2026 1604 2062 capient
1616 2033 1664 2056 aut
1678 2027 1741 2063 capi
1755 2027 1861 2057 facient
1871 2027 1978 2057 realiter
1994 2029 2027 2058 δε
2044 2037 2112 2057 cum
2132 2027 2256 2064 effectu3
2274 2026 2355 2057 Eun—

1317 2073 1421 2102 emque
1434 2064 1492 2094 five
1505 2062 1632 2094 Eosdem
1648 2064 1686 2094 fic
1699 2068 1815 2102 captum
1829 2064 1886 2094 five
1902 2075 1999 2103 captos
2008 2090 2016 2103 ‚
2034 2066 2060 2095 V
2063 2065 2161 2096 inculis
2176 2066 2210 2096 δε
2223 2064 2356 2096 Carceri-

1295 2103 1347 2133 bus
1360 2102 1544 2134 efferii-ualiter
1563 2102 1707 2133 mandabit
1727 2104 1762 2134 δε
1781 2105 1959 2141 committet,
1976 2105 2148 2135 mandabunt
2166 2103 2199 2134 &
2218 2105 2357 2134 commit-

1297 2149 1372 2180 tent,
1388 2151 1474 2179 atque
1489 2141 1575 2171 Illum
1591 2141 1648 2171 five
1664 2141 1728 2171 Illos
1743 2142 1781 2172 sic
1796 2143 1856 2172 tute
1873 2143 1907 2172 δε
1921 2142 2016 2173 secure
2030 2143 2138 2173 tenebit
2151 2143 2185 2173 «Sc
2199 2142 2355 2180 custodiet,

1297 2182 1434 2211 tenebunt
1449 2181 1483 2211 &
1498 2179 1717 2218 custodient,&
1732 2180 1880 2218 praefatum
1898 2183 2047 2219 Principem
2063 2180 2125 2219 His
2132 2179 2357 2218 aniaru7n,I-lae-

1298 2219 1376 2249 redes
1389 2217 1609 2250 &Successores
1623 2218 1685 2248 suos
1697 2228 1748 2256 per
1755 2219 1875 2249 Litteras
1890 2219 1946 2249 suas
1962 2219 2076 2257 propria
2084 2190 2178 2250 sillaim
2195 2218 2357 2256 subscriptas

1297 2258 1331 2289 δε
1346 2257 1462 2295 signatas
1476 2257 1512 2287 de
1524 2256 1557 2287 ea
1580 2256 1628 2287 Re
1650 2257 1864 2294 quamprimum
1885 2259 1988 2294 poterit
2008 2267 2055 2288 aut
2076 2260 2216 2295 poterint,
2235 2258 2357 2288 advilare

1299 2305 1418 2325 monere
1429 2297 1463 2327 δε
1481 2296 1634 2326 certiorem
1649 2296 1744 2326 facere
1756 2296 1867 2326 curabit
1883 2297 1916 2326 &
1929 2297 2086 2334 curabunt,
2103 2305 2187 2334 atque
2201 2295 2285 2326 Illum
2300 2296 2358 2326 sive

1298 2333 1380 2372 Illos,
1398 2334 1468 2365 ficut
1482 2334 1649 2371 praefertur,
1667 2343 1783 2370 captum
1799 2334 1857 2364 five
1869 2343 1984 2373 capt05,
2001 2334 2177 2365 custoditum
2191 2334 2247 2364 five
2260 2333 2358 2364 custo-

1297 2372 1388 2411 ditos,
1407 2372 1620 2412 quamprimum
1635 2381 1683 2411 per
1700 2373 1819 2403 Litteras
1834 2372 1904 2403 dieti
1919 2374 2048 2411 Principis
2059 2375 2267 2412 Hispaniarum,
2287 2372 2360 2402 Hae-

1298 2410 1400 2441 redum
1423 2420 1470 2441 aut
1492 2409 1697 2441 Succefforurn
1720 2411 1837 2441 suorum
1854 2435 1864 2447 ,
1889 2411 1924 2441 ad
1951 2411 2009 2441 hoc
2030 2411 2172 2449 requiiitus
2198 2411 2280 2441 fuerit
2300 2411 2359 2442 five

1297 2449 1418 2485 fuerint,
1435 2449 1537 2488 absque
1551 2449 1634 2478 omni
1646 2449 2109 2486 dilatione,excusatione,finistra
2124 2450 2361 2488 interpretatione,

1298 2488 1385 2525 dolo,
1404 2488 1514 2524 fraude,
1533 2487 1770 2525 dissimulatione,
1790 2488 1865 2518 malo
1879 2489 2014 2526 ingenio,
2031 2496 2078 2518 aut
2092 2488 2147 2518 alio
2167 2489 2268 2525 quovis
2282 2496 2361 2526 quao-

1299 2526 1352 2557 fito
1367 2526 1467 2557 colore
1478 2549 1488 2565 ,
1503 2534 1549 2557 aut
1565 2526 1648 2556 causa
1662 2527 1748 2563 usque
1761 2525 1796 2556 ad
1815 2527 1849 2557 &
1862 2527 1891 2555 in
1908 2526 2159 2565 Terrasfflatrias,
2178 2527 2211 2557 &
2222 2525 2362 2556 Dominia

1298 2564 1422 2600 eiusdem
1442 2567 1573 2602 Principis
1593 2564 1786 2602 Hispaniarum
1816 2574 1866 2600 per
1893 2563 1956 2595 suos
1976 2565 2111 2596 Subditos
2137 2566 2171 2596 &
2195 2564 2363 2595 officiarios

1298 2603 1375 2634 salvo
1394 2605 1428 2634 ὃς
1445 2604 1539 2634 secure
1554 2604 1678 2633 conduci
1694 2604 1795 2641 faciet,
1813 2604 1846 2633 δε
1858 2603 1963 2634 facient
1977 2603 2083 2633 realiter
2100 2604 2134 2634 &
2149 2611 2219 2634 cum
2235 2602 2342 2633 effeffltu
2353 2626 2364 2641 ,

1300 2642 1450 2679 ipsumque
1476 2641 1624 2671 Rebellem
1646 2641 1692 2672 seu
1715 2641 1851 2671 Rebelles
1867 2641 2084 2679 ,Proditorem
2105 2641 2152 2672 vel
2175 2641 2337 2672 Proditores
2350 2664 2361 2679 ,

1300 2680 1460 2719 Profugum
1482 2681 1528 2710 seu
1552 2679 1694 2719 Profugos
1709 2701 1718 2717 ,
1746 2680 1816 2710 ficut
1838 2679 2000 2716 praedicitur
2014 2703 2023 2717 ,
2046 2682 2075 2710 in
2095 2679 2195 2717 Regna
2210 2702 2220 2717 ,
2237 2679 2340 2710 Terras
2352 2701 2363 2717 ,

1300 2718 1422 2756 PatriaS,
1440 2720 1473 2750 δε
1494 2718 1633 2748 Dominia
1651 2718 1724 2748 dieti
1745 2720 1874 2755 Principis
1894 2718 2089 2757 Hispaniarum
2111 2717 2292 2749 conductum
2315 2720 2362 2748 vel

1301 2757 1462 2787 conduCtos
1477 2778 1488 2794 ,
1518 2755 1726 2786 Commiffa'rio
1756 2756 1802 2786 vel
1833 2754 2044 2786 Commisi'ariis
2069 2756 2192 2794 ejusdem
2224 2755 2365 2794 Principia

1303 2795 1518 2833 Hispaniarum,
1536 2803 1586 2831 per
1594 2794 1713 2825 Litteras
1724 2794 1781 2824 suas
1794 2793 1888 2824 Manu
1902 2794 1949 2824 sua
1964 2794 2126 2830 subscriptas
2140 2793 2174 2824 ad
2189 2793 2247 2824 hoc
2263 2794 2366 2825 aneto*

1301 2833 1401 2871 risatis,
1418 2835 1477 2864 viz.
1496 2833 1524 2862 in
1548 2832 1642 2869 aliquo
1665 2833 1749 2862 Loco
1767 2831 1802 2862 ad
1830 2832 1889 2861 hoc
1913 2840 1975 2863 tuto
1989 2833 2022 2863 ὃ(
2037 2832 2132 2863 securo
2144 2831 2213 2861 infra
2227 2832 2363 2869 praedidn

1302 2871 1425 2910 Regna,
1440 2872 1561 2907 PatriaS,
1579 2870 1682 2900 Terras
1705 2870 1740 2899 δε
1762 2869 1904 2899 Dominia
1923 2870 1993 2900 dieti
2008 2872 2136 2907 Principis
2148 2869 2363 2908 Hispaniarum,

1301 2909 1461 2940 Haeredum
1481 2909 1527 2939 vel
1549 2908 1754 2938 Successorum
1777 2908 1893 2938 suorum
1908 2932 1918 2946 ‚
1937 2908 2030 2939 statim
2053 2909 2086 2939 ὃς
2107 2909 2313 2948 incontinenti,
2327 2910 2363 2940 8:

1301 2948 1405 2985 absque
1422 2947 1505 2978 omni
1520 2946 1675 2985 dilatione,
1688 2946 1880 2983 excusatione,
1899 2946 2007 2977 sinistra
2021 2947 2264 2984 interpretatione,
2281 2947 2364 2986 dolo,

1302 2986 1402 3016 fraude
1416 3009 1426 3026 ,
1450 2983 1666 3016 dissimulatione
1680 3006 1690 3022 ,
1716 2985 1793 3015 malo
1810 2985 1926 3023 ingenio
1943 3007 1952 3023 ,
1977 2994 2025 3016 aut
2044 2985 2100 3015 alio
2124 2986 2224 3023 quovis
2245 2985 2364 3023 quaefito

1301 3025 1418 3063 colore,
1435 3032 1482 3054 aut
1501 3023 1598 3060 causa,
1616 3024 1649 3053 &
1673 3022 1775 3060 absque
1795 3023 1890 3060 aliquo
1914 3025 1945 3053 in
1969 3024 2145 3054 contrarium
2171 3023 2248 3053 facto
2261 3032 2309 3054 aut
2323 3032 2365 3055 at-

1302 3071 1460 3102 temptato,
1478 3063 1565 3100 pure,
1583 3061 1744 3098 {impliciter
1753 3066 1765 3099 “,
1783 3060 1909 3091 absolute
1927 3062 1962 3091 &
1982 3061 2086 3099 absque
2105 3061 2272 3092 conditione
2293 3061 2364 3101 qui-

1301 3111 1429 3139 cumque
1444 3100 1530 3132 tradet
1545 3101 1578 3131 δε
1593 3100 1775 3141 deliberabit,
1793 3099 1902 3130 tradent
1919 3101 1952 3131 ὃς
1973 3100 2186 3137 deliberabunt,
2204 3100 2308 3131 tradive
2326 3102 2361 3132 ὅε

1301 3140 1448 3171 deliberari
1475 3138 1556 3169 faciet
1576 3139 1610 3169 δε
1630 3138 1735 3168 facient
1750 3160 1760 3175 ,
1793 3137 1959 3176 Sumptibus
1981 3146 2077 3169 tamen
2100 3138 2134 3168 ὃς
2155 3138 2289 3176 Expensis
2307 3148 2360 3176 pro

1301 3177 1459 3217 hujusmodi
1476 3176 1660 3208 solummodo
1684 3175 1842 3207 Conduem
1864 3176 2019 3207 necessariis
2039 3178 2074 3208 &
2089 3177 2298 3207 rationabilibus
2312 3185 2363 3214 per

1302 3217 1528 3254 Requirentem‚
1545 3214 1590 3245 vel
1605 3215 1663 3253 ejus
1678 3214 1914 3245 Commissarium
1927 3215 1974 3246 vel
1985 3214 2217 3250 Commissarios,
2230 3223 2362 3252 tempore

1302 3255 1478 3286 Traditionis
1492 3256 1525 3286 ὃ(
1543 3253 1760 3284 Deliberationis
1774 3252 1936 3291 hujusmodi
1953 3253 2097 3291 Personis,
2112 3262 2176 3293 quae
2202 3252 2361 3292 hujusmodi

1303 3293 1492 3324 Condustum
1509 3292 1642 3330 fecerint,
1660 3291 1774 3321 indilate
1785 3291 1933 3322 solvendis.
2335 3323 2338 3325 ,

1340 3331 1431 3363 ITEM
1444 3355 1455 3370 ,
1472 3330 1661 3362 Conventum
1673 3351 1683 3368 ,
1703 3329 1920 3361 Concordatum
1943 3329 1976 3360 δε
2001 3328 2179 3360 Conclusum
2200 3328 2242 3360 est
2254 3351 2264 3367 ,
2289 3330 2363 3360 inter

1302 3370 1437 3402 Oratores
1453 3369 1660 3408 praedie'tos,&
1680 3368 1816 3399 Oratores
1828 3368 1936 3406 praefati
1951 3371 2030 3405 Regis
2044 3370 2221 3398 Romanorum
2233 3369 2268 3400 &
2278 3370 2360 3398 Prin-

1303 3413 1364 3448 cipis
1380 3407 1574 3447 Hypaniarum
1610 3406 1805 3444 Nominibus,
1823 3407 2017 3444 Auctoritate,
2035 3405 2200 3445 Consensu,
2216 3406 2363 3437 &Assen-

1303 3449 1333 3479 su
1346 3448 1446 3488 quibus
1461 3447 1539 3485 supra
1550 3469 1560 3485 ,
1577 3430 1769 3475 i’romiserunt
1790 3446 1824 3475 ὃς
1839 3454 1889 3483 per
1910 3444 2070 3483 Praesentes,
2085 3443 2258 3475 Promittunt
2281 3444 2362 3483 quod

1304 3496 1359 3517 nec
1372 3485 1501 3524 praelatus
1514 3486 1637 3522 Princeps
1653 3482 1847 3523 Hispaniarum
1856 3506 1866 3521 ,
1884 3493 1939 3514 nec
1952 3482 2089 3513 Haeredes
2101 3492 2150 3514 aut
2161 3482 2363 3522 Succeffores,

1305 3534 1360 3555 nec
1376 3523 1489 3555 Subditi
1504 3523 1561 3561 sui,
1578 3532 1633 3553 nec
1649 3522 1742 3560 quivis
1766 3521 1834 3552 alius
1852 3521 1904 3552 sub
1931 3519 2123 3561 obedientia,
2139 3520 2296 3559 Districtu,
2309 3521 2363 3559 Ju-

1305 3563 1486 3601 risdiCtione,
1510 3570 1556 3592 aut
1578 3561 1700 3592 Ditione
1722 3560 1774 3590 suis
1789 3582 1798 3597 ‚
1823 3569 1877 3590 nec
1897 3569 2000 3590 eorum
2021 3559 2120 3597 aliquis
2140 3559 2292 3590 Rebellem
2317 3559 2362 3590 seu

1305 3601 1438 3632 Rebelles
1451 3623 1461 3637 ,
1486 3598 1667 3630 Proditorem
1688 3598 1734 3629 seu
1753 3597 1915 3628 Proditores
1929 3620 1939 3634 ‚
1965 3597 2052 3628 Profu
2075 3607 2123 3628 um
2150 3597 2196 3628 seu
2219 3597 2363 3636 Profugos

1304 3639 1374 3670 dieti
1388 3642 1464 3677 Regis
1489 3637 1619 3675 Angliae,
1634 3637 1825 3673 cujuscunque
1848 3635 1980 3673 Gradus,
1997 3635 2089 3666 Status
2109 3644 2156 3666 aut
2177 3634 2363 3665 Conditionis

1303 3677 1401 3709 existat
1423 3676 1468 3708 vel
1487 3678 1606 3706 existant
1625 3698 1635 3714 ,
1649 3676 1678 3705 in
1701 3674 1746 3704 sua
1767 3674 1871 3711 Regna
1883 3697 1894 3713 ,
1910 3674 2011 3705 Patrias
2024 3696 2034 3711 ,
2050 3673 2189 3704 Dominia
2204 3696 2214 3712 ,
2231 3673 2334 3704 Terras
2350 3696 2361 3711 ,

1306 3716 1409 3747 Portus
1422 3738 1432 3753 ,
1451 3714 1662 3752 Jurisdietiones
1674 3736 1684 3751 ,
1701 3712 1883 3743 Obedientias
1898 3736 1907 3750 ,
1923 3721 1971 3743 aut
1992 3711 2145 3742 Distridms
2169 3711 2361 3748 quovismodo

1303 3755 1436 3785 admittet
1452 3753 1509 3783 five
1528 3752 1658 3790 recipiet,
1673 3750 1820 3781 admittent
1842 3750 1899 3780 five
1919 3751 2070 3788 recipient,
2088 3759 2142 3779 nec
2165 3751 2201 3779 ab
2219 3749 2277 3780 aliis
2298 3751 2363 3787 qui-

1304 3793 1480 3830 buscumque
1503 3791 1586 3829 recipi
1606 3789 1652 3820 vel
1675 3788 1787 3820 admitti
1806 3790 1951 3827 permittet
1973 3790 2018 3819 seu
2042 3789 2212 3826 permittent.
2247 3787 2286 3817 Et
2300 3788 2362 3819 cafix

1305 3841 1365 3869 quo
1378 3830 1509 3867 deinceps
1521 3827 1680 3866 hujusmodi
1696 3826 1845 3857 Rebellem
1869 3828 1915 3858 vel
1940 3826 2088 3862 RebelleS,
2107 3825 2289 3856 Proditorem
2312 3827 2359 3857 seu

1305 3869 1481 3905 Proditores,
1501 3866 1664 3903 Profugum
1677 3866 1722 3896 vel
1746 3864 1907 3903 Profugos,
1925 3865 1994 3895 infra
2018 3864 2134 3903 Regna,
2153 3863 2274 3901 Patrias,
2294 3863 2362 3895 Do-

1306 3909 1410 3945 minis,
1429 3906 1551 3944 Terras,
1567 3905 1686 3941 Portus,
1705 3903 1904 3938 obedientias,
1917 3901 2362 3940 Jurisdifflones‚autDistri‹5tus

1305 3946 1375 3977 dicti
1396 3946 1525 3982 Principis
1546 3942 1741 3982 Hispaniarum
1753 3964 1762 3980 ,
1779 3941 1863 3979 Esse,
1884 3941 2027 3978 Latitare,
2042 3949 2088 3970 aut
2109 3949 2283 3978 quocunque
2305 3942 2362 3972 aiio

1305 3983 1505 4022 mod0,etiam
1518 3982 1554 4012 Vi
1563 3989 1626 4019 ,aut
1639 3979 1712 4011 Casu
1727 3980 1846 4010 fortuito
1861 3978 1974 4010 existere
1989 3978 2033 4008 seu
2051 3978 2190 4015 applicare
2204 3981 2362 4018 acceperit,

1305 4023 1351 4053 seu
1368 4019 1579 4062 quoquomodo
1595 4018 1847 4056 intellexerit,sciat
1857 4040 1866 4056 ,
1883 4025 1929 4048 aut
1941 4017 2036 4054 aliquo
2051 4017 2142 4047 modo
2159 4017 2363 4055 intellexerint,

1305 4061 1407 4099 sciant,
1425 4067 1470 4090 aut
1486 4057 1676 4095 Suspirionem
1691 4057 1851 4087 habuerint:
1862 4064 1932 4085 tunc
1947 4056 2050 4093 absque
2064 4055 2146 4085 omni
2161 4055 2361 4092 fraude,dolo‚

1307 4099 1383 4131 malo
1397 4097 1527 4138 ingenio,
1543 4095 1692 4133 dilatione,
1711 4094 1903 4131 excusatione,
1921 4092 2028 4123 sinistra
2050 4094 2205 4124 verborum
2229 4096 2365 4134 interpre-

1305 4139 1411 4172 tatione
1425 4159 1436 4177 ,
1452 4143 1499 4168 aut
1517 4133 1733 4166 dissimulatione
1752 4141 1935 4172 quacumque
1951 4154 1961 4170 ,
1980 4140 2027 4164 aut
2047 4132 2101 4164 alio
2125 4133 2225 4171 quovis
2247 4132 2364 4197 qvi-'religo

2248 4178 2326 4198 taor
2349 4189 2360 4205 ‚

2370 1682 2484 1712 *XIII-

2375 1731 2438 1759 293·
