2555 4266
211 154 303 208 78.

88 289 174 320 1457.
212 281 350 310 rimorum
366 277 566 308 Domitiorum
583 287 616 307 ac
632 277 788 307 Nobilium
803 277 844 306 tui
858 276 972 314 Regni,
993 276 1094 312 quibus
1107 273 1191 304 facile
1199 273 1275 312 judi-

57 323 122 348 Haen.
139 322 166 348 6.
210 329 275 350 care
290 318 435 355 potuimus
454 317 540 353 quam
562 314 672 352 Utilis,
701 314 905 345 accommoda
919 336 929 352 ,
963 314 997 344 ὅ(
1022 313 1181 343 Laudabilis
1200 313 1274 343 foret

207 356 337 388 Provifio
350 355 386 386 de
402 354 526 386 Persona
536 354 613 395 ipfius
626 356 775 385 Laurentii
787 353 823 384 ad
834 353 954 384 eandem
975 351 1202 382 Dunelmensem
1215 350 1274 382 Ec-

210 396 334 427 clesiam.
1159 416 1163 418 ,

206 439 211 441 ’
250 433 306 472 Et,
322 433 388 464 licet
402 431 590 472 postmodum
605 441 662 462 tuae
682 430 799 462 Litterae
820 430 1044 470 supervenerint,
1070 427 1208 459 dilectum
1230 426 1279 457 Fi-

209 474 298 511 lium,
318 471 479 511 Johannem
492 470 648 507 Arundell,
673 469 809 513 Phfficum
831 477 907 498 tuum
921 491 932 507 ,
955 467 1202 498 Commendantoe
1220 488 1230 503 ,
1249 473 1280 495 ut

210 514 221 544 i
241 511 302 542 sum
313 511 408 543 eidem
418 510 604 541 Dunelmenii
619 508 755 540 Ecclehae
768 507 978 547 praeficeremus
992 508 1022 536 in
1030 505 1191 542 Pastorem,
1199 503 1280 547 Nos,

247 552 272 582 ei
288 550 468 582 Gravitatem
487 549 631 587 pensantes
646 548 679 578 ὅ(
695 548 804 578 mature
818 547 967 586 providere
980 544 1167 579 intendentes,
1186 542 1281 571 habita

216 591 291 621 inter
305 589 375 620 Nos
390 589 423 619 &
449 587 633 618 Venerabiles
652 586 758 616 Fratres
780 585 894 616 nostros
918 584 1032 614 Sanetae
1053 581 1198 611 Romanae
1220 579 1280 609 Ec-

212 629 303 661 clefiae
319 627 483 658 Cardinales
495 626 624 665 diligenti
648 624 831 655 Discuffione
852 624 885 654 &
906 622 1122 652 Examinatione
1146 618 1282 649 Persona-

211 678 295 706 rum,
315 667 386 698 cum
406 665 506 696 Nobis
520 664 648 702 perante‘a
664 663 771 693 Merita
787 664 821 693 ὅ(
838 661 964 692 Virtutes
977 658 1054 700 ipfius
1061 660 1209 702 Laurentii
1227 667 1282 686 no-

210 706 320 738 ‹iffima
331 705 443 743 forent,
457 705 498 734 ob
512 703 570 734 suas
584 701 790 739 Conditiones,
815 701 848 731 &
873 699 1043 735 Doctrinae,
1069 697 1230 736 Sanguinis,
1247 695 1284 726 &

211 745 372 783 Prosapiae,
389 752 423 774 ac
437 744 524 773 etiam
538 742 603 780 quia
619 740 765 771 Oriundus
779 748 866 777 prope
881 737 1042 768 Dioecesrtn
1059 734 1283 779 di&ae·Dulnel-

214 784 315 816 meniis
334 782 469 814 Ecclesiae
486 780 588 811 Mores
600 779 700 809 Patriae
717 779 750 810 δε
766 777 934 807 Hominum
954 775 1111 814 intelligens
1122 797 1131 813 ,
1149 774 1189 802 illi
1211 771 1283 802 Un-

214 823 250 853 lis
264 824 298 854 &
316 820 489 853 fruetuosus
507 819 665 857 plurimum
677 816 735 847 effe
746 817 866 855 poterit,
887 813 1000 845 tandem
1014 837 1024 853 ,
1051 814 1087 844 de
1110 811 1278 843 eorumdem

213 861 344 892 Fratrum
360 859 502 897 Consilio,
522 858 557 889 de
572 856 692 886 Persona
714 855 792 895 ipsius
808 856 958 884 Laurentii
974 854 1074 884 eidem
1094 848 1283 893 Dunelrnenfi

213 900 348 932 Ecclefiae
369 897 459 928 M0tu
496 896 613 935 proprio
646 894 779 925 duximus
810 892 1024 923 providendum
1049 913 1058 928 ,
1091 888 1282 932 Prfzficiendo

213 940 305 979 ipsum
328 938 367 967 illi
382 938 411 966 in
437 935 613 974 Episcopum
639 933 671 963 &
698 932 845 974 Pastorem
861 955 871 968 ,
897 930 1007 961 Curam
1023 952 1043 973 ,Ι
1060 927 1224 967 Regimen,
1253 926 1286 956 ὃ(

211 976 502 1012 Administrationem
517 973 600 1012 ipsius
626 970 761 1006 Ecclelrae
781 971 832 1001 {ibi
853 971 882 1000 in
904 967 1097 1009 Spiritualrbus
1125 967 1159 997 8<
1188 965 1283 997 Tem-

210 1017 354 1061 'poralibus
368 1013 490 1054 plenarie
506 1009 737 1047 committendo,
846 1047 851 1052 .
1071 1045 1076 1050 Π
1107 1044 1113 1049 1
1255 1043 1260 1049 ·

251 1055 297 1086 Ad
312 1052 390 1094 quod
405 1052 569 1082 faciendum
584 1048 728 1088 potiffime
743 1046 852 1077 inducti
876 1045 984 1076 fuimus
1001 1067 1012 1083 ,
1034 1042 1225 1076 existimant&
1254 1042 1282 1074 id

209 1103 325 1138 ,gratum
341 1092 446 1122 merito
463 1091 496 1120 &
511 1097 668 1127 acceptum
683 1097 739 1117 tuae
755 1086 928 1116 Sublimitati
953 1084 1032 1122 fore,
1055 1083 1140 1114 talem
1160 1082 1282 1121 Virum,

213 1133 255 1164 tui
269 1129 364 1163 Status
378 1131 411 1162 ὃ(
427 1128 557 1161 Honoris
576 1127 751 1165 praecipuum
768 1123 954 1161 Zelatorem,
973 1131 1162 1162 promovere,

249 1171 284 1203 In
300 1180 355 1209 qua
370 1168 488 1209 quidem
502 1166 694 1198 Promotione
705 1186 714 1198 ,
735 1164 871 1201 quoniam
888 1161 1049 1193 constantes
1064 1160 1280 1199 perfistere,nec

211 1211 248 1242 ab
263 1219 295 1239 ea
312 1209 372 1240 ullo
387 1207 478 1238 modo
498 1206 602 1236 variare
616 1202 805 1240 intendamus,
822 1202 841 1221 *³
863 1201 1073 1232 Sublimitatem
1087 1209 1167 1230 tuam
1183 1199 1282 1230 Parer—

213 1249 250 1281 na
263 1247 389 1279 Caritate
410 1254 557 1286 precamur
574 1243 607 1273 &
627 1242 774 1273 hortamur
799 1241 829 1272 in
850 1239 987 1270 Domino
1001 1248 1032 1270 ut
1047 1238 1153 1269 nostrae
1169 1238 1281 1269 Volun-

210 1288 261 1321 'tati
272 1295 353 1319 tuam
371 1285 553 1321 conformes,
569 1283 602 1313 &
617 1292 632 1312 a
648 1280 702 1310 tuis
713 1280 854 1317 prioribus
869 1279 980 1310 Litteris
997 1288 1057 1308 non
1070 1277 1204 1317 discedas,
1219 1287 1280 1308 rne-

210 1329 384 1364 'moratoque
402 1325 552 1353 Laurentio
570 1322 621 1351 tuis
637 1318 737 1358 Regiis
752 1318 910 1349 Favoribus
925 1316 1046 1348 affistere
1067 1317 1134 1348 velis
1148 1339 1158 1355 ,
1179 1326 1208 1347 ut
1225 1317 1231 1346 i
1254 1317 1282 1346 se

209 1365 321 1397 sublatis
334 1362 550 1402 quibuscunque
567 1358 750 1395 obstaculis,
768 1357 803 1387 ad
825 1355 1033 1388 Poffeffionem
1044 1355 1160 1396 Jurium
1173 1356 1206 1386 &
1267 1371 1281 1378 -

210 1413 315 1436 norum
332 1403 387 1432 suae
402 1399 537 1431 Ecclesiae
554 1399 643 1429 libere
659 1397 837 1427 admittatur:

212 1452 215 1456 ⁴
250 1441 375 1473 Praefato
390 1441 462 1470 vero
478 1437 608 1478 Johanni
624 1435 725 1476 Phtjfico
736 1441 799 1473 tuo,
810 1434 1062 1474 'contemplatione
1075 1441 1134 1465 tuae
1156 1432 1279 1464 Celsitu-

210 1480 301 1519 dinis,
319 1481 353 1512 ὃς
368 1480 409 1509 ob
429 1479 560 1508 eximiam
582 1475 726 1505 Virtutem
746 1474 821 1504 suam
839 1496 849 1512 ‚
867 1474 937 1504 cum
961 1471 1049 1504 Casus
1071 1473 1237 1503 Vacationis
1254 1471 1281 1502 se

209 1517 364 1557 obtulerit,
382 1526 521 1557 quantum
538 1524 606 1545 cum
622 1513 692 1545 Deo
709 1514 880 1551 poterimus,
898 1513 1048 1551 providere
1061 1512 1242 1549 curabimus,

211 1560 215 1562 “
246 1557 281 1589 In
295 1558 352 1589 hoc
370 1556 509 1595 fiquidem
527 1553 694 1590 Defiderio,
713 1560 798 1589 prout
815 1551 845 1581 in
860 1559 907 1581 tua
927 1549 1020 1620 RQ
1044 1551 1078 1582 ὃ(
1103 1550 1189 1582 Filiali
1212 1549 1274 1580 De-

210 1598 327 1628 votione
343 1595 532 1631 confidimus,
550 1592 733 1630 expectamus
741 1599 771 1620 ut
787 1589 846 1628 ipio
865 1588 970 1620 effectu
1021 1590 1085 1620 obis
1106 1588 1270 1626 satisfacias,

209 1637 244 1668 δε
260 1635 349 1674 ipsum
365 1636 548 1664 Laurentium
563 1632 591 1661 in
604 1631 738 1663 omnibus
748 1627 999 1659 Commendatum
1016 1627 1158 1667 suscipias,
1176 1629 1204 1657 in
1219 1637 1278 1666 quo

208 1682 274 1705 rem
290 1675 318 1705 te
334 1673 449 1713 dignam
463 1673 495 1702 &
509 1670 610 1701 Nobis
623 1677 731 1709 gratam
751 1667 908 1705 plurimum
933 1665 1055 1704 efficies,
1082 1675 1147 1706 quae
1168 1676 1204 1697 eo
1226 1667 1280 1697 erit

210 1711 329 1744 Gratior
342 1713 405 1749 quia
424 1712 452 1741 in
466 1710 624 1740 Honorem
638 1716 694 1738 tuae
708 1706 892 1736 Sublimitatis
907 1705 1083 1736 redundabit.

59 1209 76 1226 ⁸
101 1207 157 1235 xl.

59 1255 126 1284 405.

253 1751 320 1782 Dat.
343 1753 432 1780 Romae
448 1749 523 1788 apud
532 1748 662 1777 Sanctum
675 1747 804 1784 Petrum,
833 1744 921 1775 Anno
941 1742 1148 1774 Incarnationis
1170 1743 1278 1774 Domi·
1322 1742 1337 1752 ⁹

213 1791 288 1836 nicae
304 1789 475 1825 Millefimo,
495 1784 800 1831 Quadringentesimo,
819 1782 1282 1853 Qinquagefimoseptimo,De—

213 1839 290 1860 cuno
306 1827 369 1859 Kal.
388 1826 579 1867 Septembris,
594 1823 781 1857 Pontificatus
796 1832 836 1854 no
864 1832 887 1853 r1
902 1824 991 1854 Anno
1010 1829 1104 1853 tertio.

828 1899 866 1931 A.
885 1907 936 1931 ns
954 1899 1187 1931 Vani-:rurs

835 1980 890 2012 Sub
908 1979 974 2011 Filis
991 1980 1151 2012 Canabinit.

439 2111 491 2144 Dc
516 2110 670 2148 Licentia,
693 2117 748 2153 pro
776 2107 861 2139 Duce
885 2104 1062 2151 Norfolciae.

61 2196 138 2228 Ann.
154 2193 198 2226 D.

82 2241 168 2273 1457-

61 2279 115 2303 An.
134 2283 178 2309 35.

60 2317 96 2340 Η.
116 2314 143 2340 6.

60 2355 198 2388 Franc.3,·.

61 2395 101 2418 Η.
122 2391 149 2419 6.

60 2439 98 2459 m.
121 2439 150 2465 9.

217 2196 331 2254 REX
348 2194 482 2226 universis
499 2195 531 2224 ὅ(
547 2193 658 2232 singulis
673 2191 849 2229 Admirallis,
869 2192 930 2222 δῖε.
951 2190 1089 2222 Salutem.

327 2234 502 2272 Supplicavit
521 2231 634 2270 Nobis,
653 2230 808 2262 cariffimus
825 2230 1062 2271 consanguineus
1082 2228 1178 2262 noster
1196 2252 1207 2269 ‚
1224 2229 1281 2270 Jo-

214 2273 318 2304 hannes
334 2277 403 2303 Dux
419 2270 586 2310 Nmffilctae,

254 2314 317 2352 Qi
332 2312 483 2348 Tempore
499 2309 680 2344 infirmitatis,
692 2307 749 2347 qua
764 2318 852 2346 nuper
869 2306 1012 2338 Altiffirno
1028 2307 1203 2347 complacuit
1212 2307 1281 2338 Nos

216 2353 340 2389 visitare,
360 2351 392 2380 ad
409 2349 516 2379 diversa
539 2348 619 2378 Loca
642 2347 828 2384 Sanctorum,
852 2348 908 2377 tam
933 2348 961 2377 in
983 2346 1143 2385 Hibernia,
1166 2346 1283 2385 Scotia,

216 2391 353 2422 Brittanni
406 2388 548 2425 picardia,
569 2388 601 2417 &
616 2385 756 2425 Colonia,
777 2390 863 2425 quarn
878 2386 911 2416 ad
927 2385 1146 2417 Sacrosanetum
1160 2384 1215 2416 San
1237 2386 1280 2415 ui-

215 2439 284 2460 nem
299 2429 335 2459 de
349 2429 366 2457 X
394 2425 566 2466 yndesnake‚
583 2435 696 2455 necnon
712 2426 745 2455 ad
764 2425 891 2456 Romam
905 2425 938 2455 &
951 2424 1117 2464 Jerusalem,
1140 2434 1193 2462 pro
1250 2434 1279 2454 e-

213 2469 353 2498 levamine
369 2468 401 2497 &
417 2466 540 2496 Sanitate
555 2465 687 2495 Personae
704 2464 823 2501 nostrae,
843 2463 984 2494 mediante
1002 2463 1104 2495 Gratia
1118 2462 1279 2502 Salvatoris,

214 2505 436 2543 consequendis,
451 2512 588 2542 gratanter
604 2504 718 2541 peregre
733 2503 815 2533 vovit
832 2501 971 2540 proficisci
981 2525 992 2540 ,

251 2544 299 2575 Ut
315 2545 367 2574 sibi
382 2544 544 2573 Licentiam
567 2540 834 2580 nostramRegiam
848 2563 858 2579 ,
883 2549 959 2571 extra
986 2542 1044 2571 hoc
1069 2540 1206 2580 Regnum
1225 2550 1278 2571 no·

214 2583 303 2615 strum
313 2605 322 2620 ,
336 2581 369 2613 ad
384 2581 477 2612 Partes
488 2579 716 2617 Transmarinas,
734 2582 769 2610 ad
784 2579 861 2610 Vota
877 2579 922 2609 sua
936 2580 1073 2617 praeditsta
1089 2579 1197 2610 devote
1215 2589 1279 2620 per-

214 2622 390 2660 implendum
401 2643 409 2658 ,
428 2619 540 2650 transire
555 2619 673 2657 gratiose
689 2619 846 2649 concedere
862 2619 1053 2657 dignaremur,

254 2660 321 2691 Nos
337 2659 437 2695 (Piam
453 2657 642 2689 Intentionem
657 2657 784 2693 praediffl
810 2658 1014 2695 consanguinei
1033 2667 1068 2687 no
1093 2660 1118 2686 ri
1139 2655 1284 2693 adimpleri

214 2698 398 2735 affeetmtes)
422 2697 582 2727 Licentiam
605 2695 730 2726 nostram
748 2695 917 2734 praedicstam
941 2694 1034 2725 eidem
1107 2694 1282 2733 nsanguineo

213 2738 332 2775 nostro,
351 2736 470 2766 Tenore
485 2734 664 2764 Praesentium
673 2757 683 2773 ,
701 2734 830 2765 duximus
845 2733 1081 2772 concedendam,

252 2776 290 2807 Et
304 2777 369 2806 ideo
387 2775 469 2804 vobis
482 2773 653 2804 Mandatnus
666 2773 745 2809 quoti
758 2770 907 2812 praefatum
917 2771 1150 2811 consanguineum
1163 2771 1281 2813 nostrum

213 2815 252 2846 ad
264 2815 358 2846 Partes
372 2813 518 2852 praedicstas
535 2813 623 2843 libere
633 2835 642 2849 ,
660 2811 692 2842 &
707 2813 808 2850 abique
821 2810 1046 2851 impedimento,
1072 2810 1280 2850 molestatione,

213 2855 267 2925 seu1
275 2853 485 2892 perturbatione
497 2860 667 2891 quacunque
683 2850 792 2881 transire
807 2850 980 2889 permittatis.

215 2901 219 2904 ’
268 2903 287 2922 n
306 2893 383 2922 cuus
415 2892 477 2922 &c.

265 2903 355 2963 Τείὶέ
369 2914 454 2968 R'ege
468 2928 540 2970 apud
556 2927 833 2969 westmonasterium,
850 2926 967 2958 decimo
981 2934 1082 2966 quarto
1095 2925 1143 2956 die
1153 2925 1284 2966 Augusti.

414 3009 467 3037 Per
483 3006 565 3045 ipsicm
582 3008 698 3044 Regem,
714 3004 753 3041 ό·
771 3005 803 3035 de
818 3007 901 3035 Data
912 3003 1058 3043 predicta,
1065 3001 1125 3039 &ta

106 3159 124 3201 ς
146 3158 166 3200 5
599 3134 649 3166 De
671 3124 759 3179 Regio
780 3132 916 3178 Affinfh.

71 3227 148 3260 Ann.
160 3225 201 3256 D.
222 3221 482 3282 SAflffiffiffl0.i¹¹
495 3217 614 3266 Christo
630 3216 704 3248 Patri
719 3217 753 3248 &
768 3215 922 3254 Domino,
942 3216 1078 3262 Domino
1094 3215 1158 3261 Caly·
1182 3228 1207 3254 o,
1228 3215 1285 3247 Di-

93 3275 146 3306 145
153 3274 180 3303 7.
277 3272 346 3292 vina
361 3259 563 3295 Providentia,
581 3256 773 3288 Sacrosanetae
786 3256 930 3286 Roman-2
945 3265 977 3286 ac
993 3255 1166 3285 Universalis
1180 3255 1285 3286 Eccle-

227 3301 271 3331 siae
285 3305 388 3331 Summo
402 3296 528 3339 Pontifici
541 3299 693 3332 Henrn'cus,
712 3294 771 3324 Dei
785 3293 888 3331 oraria,
909 3296 970 3323 Rex
995 3293 1110 3330 Angliae
1133 3293 1171 3329 ὠν
1192 3297 1283 3324 Fran-

73 3311 189 3375 gago.
227 3344 273 3370 ciae
283 3362 292 3378 ,
309 3340 342 3369 &
359 3342 492 3370 Dominus
504 3336 662 3372 Hiberniae,
679 3318 905 3364 devotaspedum
920 3332 1011 3362 oscula
1025 3333 1181 3362 beatorum.

75 3389 134 3414 Par.
146 3384 190 3420 36.
267 3377 391 3408 Noverit
409 3376 562 3407 Paternitas
578 3372 669 3404 vestra
681 3369 859 3402 Sanetiffima
877 3371 956 3408 quod
970 3370 1040 3400 Nos
1062 3369 1218 3407 Elec‘lioni,

77 3428 110 3452 tr.
130 3425 158 3451 6.

57 3469 192 3500 ,p.1.m.

83 3509 125 3527 lt.

234 3533 275 3565 &i
292 3529 459 3561 Monasterii
472 3527 718 3563 Commonacho,
736 3527 765 3557 in
782 3525 926 3556 Abbatem
972 3525 1019 3555 oci
1033 3524 1114 3562 illius,

272 3568 367 3601 Petitfi
379 3569 453 3607 prius
464 3577 480 3597 a
494 3567 593 3598 Nobis
607 3564 738 3598 Licentia
752 3562 884 3603 Eligendi
900 3586 910 3602 ,
927 3563 961 3594 &
976 3585 988 3602 ,
1008 3571 1095 3601 prout
1119 3561 1206 3592 moris
1226 3559 1267 3592 est
1281 3583 1292 3601 ,

230 3617 401 3686 opitinetgiilm
417 3643 554 3675 assensum
566 3643 744 3674 adhibuimus
757 3642 790 3673 &
809 3640 965 3672 Favorem:

272 3686 314 3719 Et
329 3687 386 3716 hoc
401 3681 499 3723 vestre
520 3683 668 3711 Sanbiitati
687 3680 886 3711 innotescimus
907 3689 955 3717 per
979 3676 1150 3715 Praesentae,
1169 3684 1200 3708 ut
1213 3675 1292 3716 quod
1368 3674 1450 3706 Cum
1464 3675 1537 3705 inter
1552 3672 1774 3706 Commiffarios
1786 3671 1907 3709 nostros,

236 3726 364 3759 vestrum
378 3721 419 3753 est
433 3724 466 3792 {SI}
476 3720 529 3750 hac
544 3728 636 3758 parte,
651 3720 750 3758 exequi
765 3718 925 3757 dignemini
941 3726 1011 3749 cum
1024 3716 1144 3747 Favore.

274 3764 308 3795 In
321 3763 418 3802 cujus,
467 3768 492 3790 c-

1312 527 1343 562 pi
1358 526 1425 553 Loci
1436 522 1525 560 illiur,
1541 523 1635 553 eidem
1651 521 1785 553 Ecclesiae
1799 521 1835 553 de
1859 521 1980 552 Persona
1993 544 2003 560 ‚
2027 522 2186 560 praedileffi

267 3415 372 3453 Nuper
387 3416 471 3446 faetae
485 3416 514 3446 in
530 3411 658 3445 Ecclesia
672 3409 864 3441 Conventuali
879 3407 1051 3441 Monasterii
1067 3407 1164 3438 Santsti
1190 3408 1235 3438 Au
1277 3424 1291 3431 -

230 3455 295 3487 stiui
307 3455 384 3492 juxta
397 3453 597 3489 Cantuariam,
614 3449 726 3481 Sandiae
740 3448 882 3478 Romanae
899 3447 1033 3478 Ecclesiae
1045 3446 1208 3476 immediate
1238 3447 1291 3476 ub-

229 3493 323 3534 jecta,
341 3492 394 3528 de,
410 3491 514 3522 dilecto
529 3490 630 3521 Nobis
643 3490 673 3518 in
687 3486 821 3523 Christo,
839 3486 934 3516 Fratre
978 3486 1056 3515 acobo
1077 3484 1212 3514 Sevenoke
1221 3507 1232 3523 ,
1247 3484 1291 3515 di·

676 144 1472 196 CONVENTIONES,
1528 143 1917 197 LITERAE,

54 241 135 276 Ann.
153 239 196 271 D.
213 243 384 278 Margaretae
401 239 510 283 Reginae
524 235 638 275 Angliae
652 236 768 268 illustris
787 236 1018 274 Consortistuae,
1034 235 1068 266 ὅτ.
1081 234 1200 265 aliorum
1209 233 1272 273 plu·
1317 255 1320 264 .

2402 233 2540 268 A'nnD.

2426 282 2512 314 1457-

2401 317 2465 342 Heu.
2491 314 2522 345 6.

2404 351 2423 370 ¹*
2444 353 2497 380 xi.

2404 390 2460 425 406
2467 412 2472 418 .

2403 428 2481 460 Ant..
2488 427 2532 461 D.

2236 490 2383 555 s
2399 474 2522 542 me.

1319 562 1381 599 stri,
1405 560 1536 599 Magistri
1557 564 1706 592 Laurentii
1719 560 1826 597 Bothe,
1842 561 1995 599 providerit
2010 584 2020 599 ,
2047 561 2195 600 ipsumque
2216 565 2246 593 in
2265 564 2382 604 Episco-
2401 546 2518 618 {ja-ti&

2113 611 2126 630 r
2149 601 2255 633 Literas
2270 603 2385 637 Bullatas

1565 317 1594 345 ’ἒ
1618 321 1666 353 De
1689 317 1883 363 Restitutione
1897 306 2135 367 Temporalium.

1317 404 1461 467 REX,
1476 405 1616 438 Escaetori
1630 405 1678 436 suo
1692 406 1721 436 in
1739 404 1890 436 Comitatu
1905 381 2124 447 Middlereizilze,
2135 408 2273 441 Salutem.
2330 386 2339 388 ἡ

1433 445 1515 476 Cum
1530 445 1680 476 Dominus
1694 447 1815 474 Summus
1831 443 1962 481 Pontifex
1979 467 1988 482 ,
2011 455 2101 482 nuper
2122 457 2240 479 vacante
2259 448 2383 480 Ecclesia

1317 483 1523 523 Dunelmensi,
1540 494 1590 523 per
1606 483 1740 515 Mortem
1756 483 1930 514 Venerabilis
1943 482 2029 514 Patris
2043 484 2158 515 Roberti
2169 496 2188 516 n

1319 609 1390 639 pum
1406 599 1484 630 Loci
1501 600 1572 630 illius
1585 599 1743 638 praefecerit
1757 601 1791 631 δε
1807 599 1973 640 Pastorem,
1992 600 2062 632 ficut

1320 640 1329 668 i
1350 638 1403 668 sius
1417 637 1545 669 Domini
1556 638 1673 670 Summi
1686 637 1850 677 Pontificis,
1867 634 1969 670 Nobis
1981 640 2048 671 inde
2095 638 2193 678 rectas,
2208 639 2386 679 Nobssmn-
2399 626 2447 697 ζὴ,
2467 622 2497 649 6.

1345 684 1445 755 ²540„
1491 688 1493 690 ·
2399 680 2482 734 „;.;.

1323 763 1326 766 ·
1357 751 1418 783 Pro
1429 763 1468 784 eo
1480 753 1560 791 quod
1574 752 1643 783 idem
1659 751 1803 797 Epfiopm
1811 755 1952 786 omnibus
1964 755 2000 787 &t
2015 755 2127 793 singulis
2141 755 2243 787 Verbis
2256 779 2266 795 ,
2284 756 2386 789 Nobis

1320 792 1354 828 ὃς
1369 791 1499 835 Coronae
1513 791 1620 822 nostrae
1632 793 1886 836 praeiudicialibuS,
1902 795 1931 824 in
1954 795 2038 826 dictis
2060 795 2160 826 Literis
2179 795 2293 826 Bullatis
2314 806 2388 826 con-

1321 837 1420 868 tentis,
1440 839 1538 874 coram
1557 830 1659 861 Nobis
1678 832 1769 869 palam
1791 833 1825 863 &
1845 833 1971 870 expresse
1993 834 2202 872 Renunciavit,
2226 835 2261 865 &
2282 834 2392 866 Gratia:

1320 868 1581 914 nostraeNhurmlrter
1593 869 1620 899 se
1633 869 1786 907 Submiiit,
1804 871 1930 902 volentes
1943 882 2012 903 cum
2028 882 2064 903 eo
2085 873 2116 903 in
2137 873 2191 904 hac
2210 882 2289 912 parte
2309 883 2391 914 agere

1320 917 1453 950 gratiose,
1539 945 1543 950 ,
1581 941 1600 951 7.

1338 946 1500 993 ’Ᾰῼερίπιυε
1513 943 1693 989 Fidelrtatern
1713 945 1790 986 ipfius
1804 945 1923 991 ERisthi
1936 971 1948 988 ‚
1971 950 2006 981 ὅτε
2027 949 2211 990 Temporalia
2231 950 2388 991 Episcopa-

1321 994 1368 1018 tus
1384 986 1456 1016 rllxus
1465 1008 1475 1023 ,
1490 993 1575 1024 prout
1593 993 1682 1015 mons
1695 984 1753 1024 est,
1769 983 1960 1017 Restituunus
1973 989 2084 1027 eidem,
2285 999 2289 1003 ·

1357 1024 1395 1056 Et
1408 1024 1475 1054 ideo
1490 1023 1541 1054 tibi
1555 1022 1743 1062 Praecipimus
1757 1023 1838 1061 quod
1858 1024 1941 1054 eidem
1968 1029 1995 1055 E
2012 1032 2093 1065 icopo
2110 1026 2295 1067 Temporalia
2314 1038 2388 1069 prae-

1320 1062 1396 1093 dieta
1411 1086 1420 1101 ,
1439 1061 1701 1106 cumUPertinentiis
1711 1084 1720 1099 ,
1740 1061 1890 1092 inBalliva
1904 1071 1968 1102 tua,
1983 1035 2044 1096 fiere·
2054 1065 2205 1106 dilatione,
2225 1067 2343 1099 Liberes
2357 1070 2388 1099 in

1319 1102 1415 1133 forms⁴
1428 1101 1582 1140 praedicta,
1595 1101 1671 1132 salvo
1681 1099 1751 1139 Jure
1763 1100 1918 1139 cujussibet.
2353 1131 2358 1133 Δ

1321 1179 1340 1210 b
1358 1140 1449 1185 Teste
1463 1140 1545 1180 Rege
1558 1139 1633 1178 apud
1656 1139 1934 1182 Wstmonasterium,
1951 1139 2069 1173 decimo
2091 1141 2199 1174 oCtavo
2219 1143 2265 1175 die
2287 1144 2386 1176 0610-

1341 1190 1388 1219 m,

1506 1259 1570 1288 <Per
1588 1259 1683 1287 Breve
1700 1256 1732 1286 de
1752 1258 1873 1287 Privato
1888 1257 2001 1297 Sigillo,
2018 1257 2057 1294 ό·
2081 1257 2113 1288 de
2135 1260 2218 1289 Dan
2239 1260 2388 1299 precede,

1642 1296 1824 1326 Auaoritate
1841 1296 2036 1328 parliamenti.

1337 1371 1509 1404 Consimilia
1527 1371 1626 1404 Brevia
1643 1373 2010 1451 diriggffgfvsffigffizitb?
2021 1373 2191 1414 subscriptis,
2205 1374 2258 1406 sub
2271 1374 2371 1406 adem

1354 1485 1496 1526 Efiaetori
1515 1491 1593 1526 Regis
1610 1492 1640 1519 in
1660 1492 1732 1519 Com.
1751 1489 1883 1520 Eborum.

1355 1526 1496 1566 Efiaetort'
1516 1530 1594 1565 Regis
1612 1532 1641 1557 in
1657 1532 1730 1558 Com.
1748 1527 1872 1558 Lincoln.

1353 1565 1496 1605 Efiaetori
1514 1569 1592 1605 Regis
1608 1570 1637 1597 in
1655 1570 1728 1597 Com.
1745 1566 1928 1598 Northumbr.

1355 1644 1393 1677 Et
1409 1645 1582 1679 Mandatum
1599 1646 1642 1679 est
1660 1646 1816 1687 Militibus,
1830 1649 1893 1680 &c.

1402 1793 1461 1824 Pro
1487 1791 1603 1822 Comite
1622 1789 1802 1822 Warrewici
1813 1814 1824 1832 ,
1847 1787 1884 1821 de
1901 1786 2042 1832 Potestate
2062 1785 2290 1836 Appatizan'di.

1319 1874 1444 1939 REX
1461 1874 1627 1912 Omnibus,
1643 1873 1678 1905 ad
1693 1884 1766 1914 quos
1778 1897 1787 1913 ‚
1806 1873 1867 1905 &c.
1887 1874 2024 1906 Salutem.

1440 1914 1540 1945 Sciatis
1552 1915 1650 1953 quod,

1356 1950 1439 1983 Cum
1455 1953 1542 1992 Nos,
1555 1951 1693 1983 vicesimo
1710 1951 1788 1982 sexro
1803 1951 1850 1982 die
1869 1951 2051 1983 Novembris
2063 1974 2074 1991 ,
2100 1952 2204 1984 ultimo
2225 1951 2385 1992 praeterito,
2405 1946 2483 1980 Arm.
2498 1948 2542 1982 D.

1317 1989 1354 2020 de
1367 1991 1536 2023 avisamento
1550 1992 1585 2024 &
1597 1990 1706 2021 assensu
1719 1990 1846 2022 Concilii
1863 1991 1961 2030 nostri,
1977 1990 2201 2030 Retinuerimus,
2217 1989 2390 2022 carminum
2434 1995 2525 2028 1457.

1318 2027 1572 2070 Consanguineum
1594 2029 1747 2069 nostrum,
1770 2029 1936 2060 Ruhardum
1959 2034 2088 2061 Comitem
2119 2032 2281 2061 Warrewr'ci
2296 2054 2306 2067 ,
2331 2028 2382 2060 sub
2404 2030 2456 2055 An-
2476 2029 2525 2063 36·

1317 2070 1404 2100 certis
1426 2070 1518 2100 modo
1533 2070 1566 2100 &
1582 2069 1694 2106 forma,
1713 2069 1746 2099 ad
1762 2069 2013 2100 Proficiscendum-
2030 2069 2204 2100 inServitio
2226 2068 2326 2099 nostro
2345 2068 2385 2099 su·
2406 2069 2438 2094 H·
2458 2068 2486 2093 6-

1318 2115 1367 2144 pra
1383 2108 1483 2146 Mare,
1501 2108 1584 2147 super
1598 2108 1670 2139 salva
1686 2107 1823 2139 Custodia
1844 2108 1986 2147 ejusdem,
2009 2118 2042 2139 ac
2073 2108 2249 2145 Defensrone
2282 2107 2385 2139 Inimi-
2403 2105 2528 2143 1²¹¹·36s

1318 2154 1423 2190 corum
1436 2147 1616 2185 nostrorum,
1637 2147 1756 2186 ibidem,
1775 2157 1828 2185 pro
1843 2148 1989 2178 Termino
2005 2147 2111 2177 Trium
2128 2148 2386 2185 Annorum,prout
2403 2146 2439 2171 H·
2457 2143 2488 2170 ⁶·

1319 2194 1348 2214 in
1365 2185 1406 2216 in
1418 2195 1440 2217 ι)
1451 2196 1469 2218 E
1481 2195 1503 2216 N
1513 2195 1536 2217 τ
1544 2195 1565 2216 u
1576 2195 1600 2217 R
1610 2195 1622 2216 1
1632 2195 1644 2216 s
1652 2210 1664 2224 v,
1684 2186 1750 2217 inde
1765 2188 1839 2217 inter
1855 2188 1915 2216 Nos
1937 2186 1971 2218 &
1982 2184 2136 2226 prefatum
2156 2185 2384 2226 Confiznguineum
2402 2188 2428 2220 p-
2443 2190 2472 2208 ²·

1317 2220 1434 2264 mistrum
1446 2224 1504 2255 Co
1515 2233 1537 2255 N
1547 2235 1566 2256 F
1574 2233 1592 2254 E
1600 2234 1617 2254 c
1626 2233 1649 2254 τ
1659 2233 1670 2254 1
1679 2233 1691 2255 s
1699 2247 1707 2262 ,
1726 2225 1812 2263 plene
1828 2225 1926 2263 liquet,
2401 2229 2440 2250 ⁷¹⁸·
2454 2228 2505 2257 ²⁰2

1354 2263 1400 2306 Ac
1415 2262 1483 2294 Nos
1499 2264 1554 2306 (de
1568 2263 1729 2302 Fidelitate,
1756 2264 1903 2295 Probitate
1916 2286 1926 2302 ,
1951 2263 1986 2294 &
2007 2263 2125 2311 provida
2146 2261 2389 2301 Circumspefflo-

1317 2310 1354 2329 ne
1368 2302 1449 2339 ipsius
1465 2302 1678 2341 Conlauguinei
1695 2302 1785 2333 nostri
1810 2303 2055 2342 quamplurimum
2076 2301 2272 2340 confidentes)
2293 2301 2390 2332 eidem

1316 2340 1515 2379 Consbnguineo
1529 2341 1615 2381 nostro
1630 2341 1746 2378 plenam
1768 2343 1800 2372 &
1820 2341 2007 2372 iufficientem
2030 2340 2250 2371 Committimus
2271 2342 2305 2372 ὅ(
2325 2339 2390 2371 Da-

1317 2388 1382 2409 mus
1398 2379 1575 2412 Porestatem
1594 2402 1604 2418 ,
1629 2381 1662 2410 δε
1686 2380 1897 2411 Auctoritatem
1916 2380 2074 2420 generalem
2101 2382 2135 2412 &
2159 2379 2308 2419 specialem
2354 2377 2392 2410 ad

1318 2427 1510 2461 quaec-umque
1526 2419 1606 2449 Loca
1622 2419 1656 2448 δε
1671 2417 1777 2449 Patrias
1791 2418 1984 2450 Inimicorum
1999 2419 2235 2456 nostrorum,ubi
2251 2427 2305 2456 pro
2319 2401 2390 2448 1²³·0s-

1317 2457 1345 2486 se
1358 2458 1441 2497 ἱρίιυε
1457 2457 1671 2497 Cous-anguinei
1687 2457 1775 2487 nostri
1793 2458 1894 2487 melitis
1908 2457 1967 2488 fieri
1985 2459 2088 2495 poterit
2103 2479 2113 2496 ,
2131 2456 2337 2495 Appatizandi,
2352 2456 2391 2496 βε

1320 2496 1350 2525 in
1372 2496 1478 2527 eisdem
1500 2497 1772 2536 Appatizamentum
1794 2496 1887 2527 facere
1907 2496 2010 2535 absque
2031 2497 2210 2534 impetitione
2231 2494 2321 2526 nostri
2343 2496 2390 2526 ieu

1317 2534 1428 2565 alterius
1445 2535 1665 2574 cujuscumque,

1360 2572 1446 2604 Dum
1460 2582 1555 2605 tamen
1572 2583 1633 2603 non
1659 2573 1691 2604 fit
1712 2572 1905 2611 Praejudiciale
1928 2571 2087 2611 Capitaneo
2108 2571 2241 2611 Calefiae‚
2258 2572 2306 2604 vel
2325 2571 2385 2610 ejus

1317 2610 1539 2655 Locumtenenti
1553 2612 1678 2650 ibidem,
1693 2611 1722 2641 in
1738 2613 1832 2651 aliquo
1850 2612 1929 2650 quod
1943 2614 1978 2642 ad
1994 2612 2204 2643 Auctoritatem
2226 2612 2302 2642 suam
2320 2620 2389 2651 per·

1317 2659 1388 2680 tinet

1358 2673 1498 2719 Volumus
1509 2689 1595 2720 etiam
1617 2689 1652 2720 ὃς
1673 2687 1872 2720 Concedimus
1892 2688 1972 2727 quod
1990 2713 2001 2729 ,
2025 2689 2045 2720 fi
2069 2689 2218 2728 contingat
2234 2685 2390 2728 praefatm

1318 2726 1547 2766 Confinguineum
1561 2727 1679 2767 nostrum
1691 2728 1737 2758 vel
1754 2728 1877 2766 aliquem
1892 2729 1928 2758 de
1943 2728 2107 2758 Retinentia
2120 2730 2165 2757 sua
2178 2729 2304 2765 aliquem
2324 2727 2389 2758 Lo·

1320 2776 1388 2796 cum
1406 2766 1449 2797 vel
1463 2766 1640 2797 Fortalitium
1657 2766 1692 2796 de
1709 2767 1836 2797 Inimicis
1848 2767 1949 2797 nostris
1964 2767 2119 2806 adquirere,
2137 2766 2385 2804 postmodumque

1321 2804 1417 2835 Locus
1432 2805 1477 2836 ille
1489 2805 1545 2835 five
1559 2805 1584 2835 F
1585 2805 1738 2836 ortalitium
1753 2805 1790 2835 de
1805 2815 1843 2835 eo
1857 2805 2070 2842 Recuperatum
2086 2805 2172 2836 fuerit
2187 2806 2221 2836 &
2238 2804 2386 2842 Evietum‚

1322 2843 1404 2880 quod
1420 2844 1497 2873 idem
1516 2843 1731 2884 consanguineus
1754 2843 1842 2882 noller
1861 2853 1894 2874 ac
1918 2844 2015 2883 aliquis
2028 2845 2064 2875 de
2088 2844 2250 2874 Retinentia
2270 2842 2316 2872 sua
2331 2851 2386 2882 pro

1323 2882 1488 2913 Perditione
1504 2882 1579 2913 Loci
1597 2883 1652 2913 five
1669 2883 1804 2913 Fortalitii
1820 2883 1889 2914 illius
1902 2883 1981 2914 nullo
1999 2884 2090 2914 modo
2102 2883 2252 2922 impetatur
2270 2880 2317 2911 seu
2340 2881 2387 2911 in-

1321 2923 1476 2960 quietetur,
1495 2921 1532 2952 set
1547 2922 1613 2952 inde
1629 2921 1751 2960 Quietus
1766 2922 1797 2952 fit
1813 2923 1847 2953 ὃ(
1861 2921 2053 2960 Exoneratus,

1358 2959 1488 2991 Necnon
1500 2959 1534 2990 ad
1547 2960 1647 2990 omnia
1658 2962 1691 2991 oc
1704 2960 1824 3000 fingula,
1838 2970 1902 2999 quse
1918 2960 2012 2991 eidem
2027 2958 2226 2998 consanguineo
2239 2957 2328 2998 nostro
2350 2958 2381 2988 in

1321 2997 1374 3029 hac
1390 3008 1468 3038 parte
1480 3008 1513 3029 ex
1529 2999 1608 3030 causa
1624 2999 1755 3036 praedicta
1769 2999 1917 3029 necessaria
1931 2999 2101 3029 vibebuntur
2114 2998 2148 3027 &
2162 3004 2314 3034 oportuna,
2318 2997 2382 3034 jux-

1321 3046 1349 3067 ta
1367 3040 1446 3076 vim,
1463 3037 1604 3075 formam,
1625 3038 1658 3068 δε
1673 3037 1814 3069 effectum
1828 3036 2045 3068 Indenturarum
2056 3058 2066 3075 ,
2083 3033 2218 3066 Faciendi
2236 3056 2247 3072 ,
2274 3033 2383 3066 Excer-

1324 3078 1427 3114 cendi,
1446 3078 1478 3107 &
1493 3076 1668 3116 Exequendi.

1359 3114 1394 3145 In
1413 3116 1507 3153 cujus,
1526 3117 1587 3147 &c-

1360 3153 1449 3222 Tgste
1463 3153 1546 3193 Rege
1559 3152 1634 3192 apud
1657 3151 1934 3193 Wstmonasterium,
1948 3150 2086 3184 vicefimo
2106 3149 2227 3188 septimo
2250 3148 2298 3180 die
2318 3148 2384 3182 De-

1324 3201 1393 3224 cem
1415 3202 1459 3223 ris.

1481 3279 1536 3309 Per
1546 3281 1640 3309 Breve
1653 3278 1687 3308 de
1700 3280 1820 3309 Privato
1834 3277 1944 3317 Sigillo,
1961 3275 2001 3313 ὀ·
2017 3277 2051 3308 de
2067 3278 2150 3307 Data
2159 3274 2308 3315 pradiaeza,
2321 3274 2385 3311 &e-

2406 3410 2426 3431 st
2445 3412 2500 3440 XI.

2407 3459 2476 3488 407.

1365 3520 1474 3553 Ambus
1484 3545 1494 3559 ,
1510 3519 1570 3551 Dei
1582 3517 1684 3560 gratia,
1701 3520 1762 3548 Rex
1777 3520 1930 3555 Scotmm,
1947 3515 2098 3554 omnibus,
2115 3513 2152 3546 ad
2171 3523 2243 3554 quos
2263 3513 2382 3556 praesen·
2403 3515 2482 3546 Ann.
2497 3515 2542 3547 D.

1325 3528 1369 3593 J
1382 3570 1424 3591 tes
1440 3560 1556 3590 Litterae
1571 3558 1769 3597 pervenerint,
1783 3555 1916 3588 Salutem.
2260 3563 2263 3571 ‘
2281 3569 2283 3571 ·
2428 3563 2514 3594 1457.

1367 3599 1467 3631 Sciatis
1479 3597 1578 3637 quOd,
2404 3595 2523 3659 5:³36.

2310 3688 2314 3690 —
2404 3674 2446 3698 Ex
2462 3673 2523 3699 An-

1345 3723 1347 3725 ’
1370 3713 1430 3744 Pro
1445 3713 1559 3751 Nobis,
1576 3714 1610 3744 ὃ(
1625 3712 1838 3743 Succefforibus
1855 3709 1974 3747 nostris,
1989 3708 2121 3748 Regno,
2132 3706 2255 3750 ,Tenis2
2276 3703 2387 3736 Domi-
2405 3716 2472 3746 ngr.

1327 3751 1407 3789 ·niiS,
1425 3751 1561 3790 Subditis,
1581 3751 1707 3789 Amicis,
1725 3750 1868 3789 Alligatis,
1886 3748 2120 3785 Confoederatis,
2140 3742 2312 3783 faventibus
2326 3766 2337 3782 ,
2354 3745 2392 3777 «Sc

1555 3423 1584 3450 ἅ
1596 3423 1769 3468 Prorogatio
1791 3422 1982 3465 Treugarum
2006 3418 2120 3450 Scotiae.

293 3802 384 3832 Teste
397 3801 480 3840 Rege
487 3795 563 3836 apud
575 3793 832 3835 Wstmonasterium
845 3819 855 3835 ,
879 3796 1019 3829 vicesimo
1043 3796 1148 3835 quinto
1166 3791 1212 3824 die
1230 3791 1300 3833 Sep·
1337 3791 1556 3821 Adhaerentibus
1568 3789 1668 3820 nostris
1681 3790 1896 3829 quibuscunque
1911 3796 1945 3818 ex
1959 3796 2015 3818 una
2030 3785 2129 3822 Parte,
2177 3795 2181 3805 =

244 3841 370 3872 tembris.

1374 3828 1413 3859 Et
1427 3827 1643 3859 Commiffarios
1650 3828 1683 3858 &
1694 3826 1910 3859 Ambaffiatores
1922 3820 2151 3856 Excellentiffimi
2164 3818 2304 3857 Principis
2311 3821 2394 3852 Hen-

570 3873 625 3903 Ρη
640 3869 725 3916 ipsum
744 3873 858 3912 Regem,
874 3871 914 3908 ὀ·
932 3873 964 3903 de
980 3875 1064 3906 Data
1075 3869 1225 3912 praediffa,
1239 3866 1301 3904 ὠς.
1338 3871 1388 3896 rici
1405 3871 1483 3905 Regis
1499 3866 1614 3904 Angliae
1625 3865 1836 3904 Consanguinei
1850 3860 2094 3896 nostricariffimi,
2109 3866 2164 3901 pro
2174 3856 2236 3894 ipso
2245 3860 2392 3896 RegeAn-

1333 3905 1414 3944 gliae,
1430 3905 1542 3944 ejusque
1554 3905 1782 3942 Succefforibus,
1800 3903 1922 3943 Regno,
1937 3900 2049 3939 Terris,
2062 3896 2237 3936 ‚Dotmniis·,
2255 3895 2396 3936 subditis,

1340 3945 1375 3975 &
1392 3944 1604 3974 Confoederatis
1616 3953 1650 3974 ex
1663 3943 1746 3974 altera
1760 3943 1854 3979 Parte,
1985 3964 1990 3971 .
2060 3956 2065 3961 ›
2083 3973 2088 3978 ,
2107 3964 2115 3967 .
2303 3957 2306 3960 ·
2325 3956 2327 3959 .

1377 3981 1494 4023 Novae,
1512 3983 1598 4015 bonae
1613 3983 1646 4014 &
1660 3981 1850 4016 inviolabiles,
1867 3977 1958 4008 firmae
1973 3974 2007 4005 &
2020 3971 2285 4019 s'mbiloe,Treugae,
2293 3973 2392 4006 Guer-

1339 4031 1492 4061 rarumque
1506 4020 1694 4051 Abstinentiae
1707 4018 1870 4053 Generaies,
1889 4017 1950 4044 tim
1961 4020 2010 4051 per
2023 4011 2148 4041 Terram
2161 4021 2308 4055 quami-‘el'
2321 4012 2392 4042 Ma·

1340 4069 1386 4099 re,
1402 4061 1436 4092 &
1459 4069 1560 4091 omnes
1581 4060 1677 4099 Aquas
1696 4058 1790 4089 dulces
1804 4077 1815 4093 ,
1838 4052 1913 4091 apud
1933 4049 2081 4081 Coventre
2093 4071 2104 4089 ,
2135 4047 2306 4081 Undecimo
2305 4049 2396 4119 &effi
