<?xml version="1.0" encoding="UTF-8"?>
<!DOCTYPE html PUBLIC "-//W3C//DTD XHTML 1.0 Transitional//EN"
    "http://www.w3.org/TR/xhtml1/DTD/xhtml1-transitional.dtd">
<html xmlns="http://www.w3.org/1999/xhtml" xml:lang="en" lang="en">
 <head>
  <title>
</title>
<meta http-equiv="Content-Type" content="text/html;charset=utf-8" />
  <meta name='ocr-system' content='tesseract 3.04.00' />
  <meta name='ocr-capabilities' content='ocr_page ocr_carea ocr_par ocr_line ocrx_word'/>
</head>
<body>
  <div class='ocr_page' id='page_1' title='image "./fderaconventione05ryme_0489.png"; bbox 0 0 2555 4266; ppageno 0'>
   <div class='ocr_carea' id='block_1_1' title="bbox 0 313 81 346">
    <p class='ocr_par' dir='ltr' id='par_1_1' title="bbox 0 313 81 346">
     <span class='ocr_line' id='line_1_1' title="bbox 0 313 81 346; baseline -0.012 0"><span class='ocrx_word' id='word_1_1' title='bbox 0 324 25 346; x_wconf 91' lang='lat' dir='ltr'>n.</span> <span class='ocrx_word' id='word_1_2' title='bbox 39 313 81 346; x_wconf 90' lang='lat' dir='ltr'>D.</span> 
     </span>
    </p>
   </div>
   <div class='ocr_carea' id='block_1_2' title="bbox 0 355 62 429">
    <p class='ocr_par' dir='ltr' id='par_1_2' title="bbox 0 355 62 429">
     <span class='ocr_line' id='line_1_2' title="bbox 0 355 62 394; baseline 0.016 -12"><span class='ocrx_word' id='word_1_3' title='bbox 0 355 62 394; x_wconf 64' lang='lat'>47⁶·</span> 
     </span>
     <span class='ocr_line' id='line_1_3' title="bbox 0 403 62 429; baseline -0.032 -8"><span class='ocrx_word' id='word_1_4' title='bbox 0 405 18 421; x_wconf 66' lang='lat' dir='ltr'>a.</span> <span class='ocrx_word' id='word_1_5' title='bbox 33 403 62 429; x_wconf 76' lang='lat'>4.</span> 
     </span>
    </p>
   </div>
   <div class='ocr_carea' id='block_1_3' title="bbox 0 444 989 533">
    <p class='ocr_par' dir='ltr' id='par_1_3' title="bbox 0 444 989 533">
     <span class='ocr_line' id='line_1_4' title="bbox 0 444 989 509; baseline -0.011 -24"><span class='ocrx_word' id='word_1_6' title='bbox 0 480 1 485; x_wconf 72' lang='grc'>,</span> <span class='ocrx_word' id='word_1_7' title='bbox 20 458 63 486; x_wconf 87' lang='grc' dir='ltr'>ι6.</span> <span class='ocrx_word' id='word_1_8' title='bbox 99 450 230 509; x_wconf 82' lang='lat' dir='ltr'>REX,</span> <span class='ocrx_word' id='word_1_9' title='bbox 248 449 387 481; x_wconf 83' lang='lat' dir='ltr'>Escaetori</span> <span class='ocrx_word' id='word_1_10' title='bbox 406 449 456 480; x_wconf 87' lang='lat' dir='ltr'>suo</span> <span class='ocrx_word' id='word_1_11' title='bbox 473 449 503 478; x_wconf 93' lang='lat' dir='ltr'>in</span> <span class='ocrx_word' id='word_1_12' title='bbox 522 448 671 479; x_wconf 89' lang='lat' dir='ltr'>Comitatu</span> <span class='ocrx_word' id='word_1_13' title='bbox 688 447 818 478; x_wconf 88' lang='lat' dir='ltr'>Eborum</span> <span class='ocrx_word' id='word_1_14' title='bbox 829 468 839 484; x_wconf 89' lang='lat'>,</span> <span class='ocrx_word' id='word_1_15' title='bbox 856 444 989 476; x_wconf 84' lang='lat' dir='ltr'>Salutem.</span> 
     </span>
     <span class='ocr_line' id='line_1_5' title="bbox 0 506 20 533; baseline 0 -8"><span class='ocrx_word' id='word_1_16' title='bbox 0 506 20 533; x_wconf 82' lang='lat'>4</span> 
     </span>
    </p>
   </div>
   <div class='ocr_carea' id='block_1_4' title="bbox 0 573 158 610">
    <p class='ocr_par' dir='ltr' id='par_1_4' title="bbox 0 573 158 610">
     <span class='ocr_line' id='line_1_6' title="bbox 0 573 158 610; baseline 0 -11"><span class='ocrx_word' id='word_1_17' title='bbox 0 584 10 609; x_wconf 78' lang='lat' dir='ltr'>l·</span> <span class='ocrx_word' id='word_1_18' title='bbox 26 579 81 610; x_wconf 85' lang='lat' dir='ltr'>p.2.</span> <span class='ocrx_word' id='word_1_19' title='bbox 92 573 158 604; x_wconf 82' lang='lat' dir='ltr'>pum</span> 
     </span>
    </p>
   </div>
   <div class='ocr_carea' id='block_1_5' title="bbox 0 844 61 875">
    <p class='ocr_par' dir='ltr' id='par_1_5' title="bbox 0 844 61 875">
     <span class='ocr_line' id='line_1_7' title="bbox 0 844 61 875; baseline 0.049 -3"><span class='ocrx_word' id='word_1_20' title='bbox 0 844 61 875; x_wconf 74' lang='grc' dir='ltr'>ΚΠ.</span> 
     </span>
    </p>
   </div>
   <div class='ocr_carea' id='block_1_6' title="bbox 0 2441 91 2470">
    <p class='ocr_par' dir='ltr' id='par_1_6' title="bbox 0 2441 91 2470">
     <span class='ocr_line' id='line_1_8' title="bbox 0 2441 91 2470; baseline 0.022 -2"><span class='ocrx_word' id='word_1_21' title='bbox 0 2441 40 2469; x_wconf 58' lang='lat' dir='ltr'>sid.</span> <span class='ocrx_word' id='word_1_22' title='bbox 54 2450 91 2470; x_wconf 87' lang='lat' dir='ltr'>m.</span> 
     </span>
    </p>
   </div>
   <div class='ocr_carea' id='block_1_7' title="bbox 25 3811 95 3841">
    <p class='ocr_par' dir='ltr' id='par_1_7' title="bbox 25 3811 95 3841">
     <span class='ocr_line' id='line_1_9' title="bbox 25 3811 95 3841; baseline 0.029 -2"><span class='ocrx_word' id='word_1_23' title='bbox 25 3811 95 3841; x_wconf 78' lang='lat' dir='ltr'>xit.</span> 
     </span>
    </p>
   </div>
   <div class='ocr_carea' id='block_1_8' title="bbox 0 3755 8 4266">
    <p class='ocr_par' dir='ltr' id='par_1_8' title="bbox 0 3755 8 4266">
     <span class='ocr_line' id='line_1_10' title="bbox 0 3755 8 4266; baseline 0 0"><span class='ocrx_word' id='word_1_24' title='bbox 0 3755 8 4266; x_wconf 95' lang='lat' dir='ltr'> </span> 
     </span>
    </p>
   </div>
   <div class='ocr_carea' id='block_1_9' title="bbox 652 180 1668 232">
    <p class='ocr_par' dir='ltr' id='par_1_9' title="bbox 652 180 1668 232">
     <span class='ocr_line' id='line_1_11' title="bbox 652 180 1668 232; baseline -0.01 0"><span class='ocrx_word' id='word_1_25' title='bbox 652 191 761 232; x_wconf 88' lang='lat' dir='ltr'>ET</span> <span class='ocrx_word' id='word_1_26' title='bbox 849 184 1106 230; x_wconf 84' lang='lat' dir='ltr'><strong>ACTA</strong></span> <span class='ocrx_word' id='word_1_27' title='bbox 1190 180 1668 223; x_wconf 78' lang='lat' dir='ltr'>PUBLlCA.</span> 
     </span>
    </p>
   </div>
   <div class='ocr_carea' id='block_1_10' title="bbox 101 305 1164 330">
    <p class='ocr_par' dir='ltr' id='par_1_10' title="bbox 101 305 1164 330">
     <span class='ocr_line' id='line_1_12' title="bbox 101 305 1164 330; baseline 0 3936"><span class='ocrx_word' id='word_1_28' title='bbox 101 305 1164 330; x_wconf 95' lang='lat' dir='ltr'> </span> 
     </span>
    </p>
   </div>
   <div class='ocr_carea' id='block_1_11' title="bbox 269 359 985 409">
    <p class='ocr_par' dir='ltr' id='par_1_11' title="bbox 269 359 985 409">
     <span class='ocr_line' id='line_1_13' title="bbox 269 359 985 409; baseline -0.006 -12"><span class='ocrx_word' id='word_1_29' title='bbox 269 367 317 398; x_wconf 86' lang='lat' dir='ltr'>De</span> <span class='ocrx_word' id='word_1_30' title='bbox 333 361 575 407; x_wconf 76' lang='lat' dir='ltr'>Restitutionibus</span> <span class='ocrx_word' id='word_1_31' title='bbox 590 363 813 409; x_wconf 76' lang='lat' dir='ltr'>Temporalium</span> <span class='ocrx_word' id='word_1_32' title='bbox 838 359 985 395; x_wconf 76' lang='lat' dir='ltr'>Eborum.</span> 
     </span>
    </p>
   </div>
   <div class='ocr_carea' id='block_1_12' title="bbox 189 474 1158 525">
    <p class='ocr_par' dir='ltr' id='par_1_12' title="bbox 189 474 1158 525">
     <span class='ocr_line' id='line_1_14' title="bbox 189 474 1158 525; baseline -0.011 -6"><span class='ocrx_word' id='word_1_33' title='bbox 189 489 270 520; x_wconf 73' lang='lat' dir='ltr'>Cum</span> <span class='ocrx_word' id='word_1_34' title='bbox 289 489 420 518; x_wconf 73' lang='lat' dir='ltr'>Dominux</span> <span class='ocrx_word' id='word_1_35' title='bbox 433 489 553 517; x_wconf 82' lang='lat' dir='ltr'>Summus</span> <span class='ocrx_word' id='word_1_36' title='bbox 571 484 699 525; x_wconf 74' lang='lat' dir='ltr'>Pontifex</span> <span class='ocrx_word' id='word_1_37' title='bbox 717 485 750 515; x_wconf 89' lang='lat' dir='ltr'>ad</span> <span class='ocrx_word' id='word_1_38' title='bbox 768 484 924 515; x_wconf 75' lang='lat' dir='ltr'>Ecclesiam</span> <span class='ocrx_word' id='word_1_39' title='bbox 944 481 1093 516; x_wconf 87' lang='lat' dir='ltr'>Eborum,</span> <span class='ocrx_word' id='word_1_40' title='bbox 1104 474 1158 509; x_wconf 62' lang='lat' dir='ltr'>Pai</span> 
     </span>
    </p>
   </div>
   <div class='ocr_carea' id='block_1_13' title="bbox 2 516 1158 563">
    <p class='ocr_par' dir='ltr' id='par_1_13' title="bbox 2 516 1158 563">
     <span class='ocr_line' id='line_1_15' title="bbox 2 516 1158 563; baseline -0.015 0"><span class='ocrx_word' id='word_1_41' title='bbox 2 535 60 563; x_wconf 86' lang='grc' dir='ltr'>,ι6</span> <span class='ocrx_word' id='word_1_42' title='bbox 98 525 173 559; x_wconf 85' lang='lat' dir='ltr'>store</span> <span class='ocrx_word' id='word_1_43' title='bbox 192 534 334 558; x_wconf 84' lang='lat' dir='ltr'>carentem</span> <span class='ocrx_word' id='word_1_44' title='bbox 372 526 579 557; x_wconf 84' lang='lat' dir='ltr'>Reverendum</span> <span class='ocrx_word' id='word_1_45' title='bbox 597 524 711 555; x_wconf 90' lang='lat' dir='ltr'>Patrem</span> <span class='ocrx_word' id='word_1_46' title='bbox 726 525 922 557; x_wconf 81' lang='lat' dir='ltr'><em>Laurentium,</em></span> <span class='ocrx_word' id='word_1_47' title='bbox 941 529 1030 555; x_wconf 80' lang='lat' dir='ltr'>nuper</span> <span class='ocrx_word' id='word_1_48' title='bbox 1050 516 1158 557; x_wconf 80' lang='lat' dir='ltr'>Episto-</span> 
     </span>
    </p>
   </div>
   <div class='ocr_carea' id='block_1_14' title="bbox 98 549 1166 1374">
    <p class='ocr_par' dir='ltr' id='par_1_14' title="bbox 98 549 1160 827">
     <span class='ocr_line' id='line_1_16' title="bbox 178 549 1159 605; baseline -0.011 -9"><span class='ocrx_word' id='word_1_49' title='bbox 178 549 384 605; x_wconf 56' lang='lat' dir='ltr'>Dumlmnfim</span> <span class='ocrx_word' id='word_1_50' title='bbox 401 588 411 603; x_wconf 91' lang='lat'>,</span> <span class='ocrx_word' id='word_1_51' title='bbox 428 575 443 595; x_wconf 92' lang='lat' dir='ltr'>a</span> <span class='ocrx_word' id='word_1_52' title='bbox 459 564 582 596; x_wconf 86' lang='lat' dir='ltr'>Vinculo</span> <span class='ocrx_word' id='word_1_53' title='bbox 594 586 605 602; x_wconf 87' lang='lat'>,</span> <span class='ocrx_word' id='word_1_54' title='bbox 628 572 687 601; x_wconf 90' lang='lat' dir='ltr'>quo</span> <span class='ocrx_word' id='word_1_55' title='bbox 706 561 798 604; x_wconf 80' lang='lat' dir='ltr'>eidem</span> <span class='ocrx_word' id='word_1_56' title='bbox 817 559 950 603; x_wconf 62' lang='lat' dir='ltr'>Ecclesiae</span> <span class='ocrx_word' id='word_1_57' title='bbox 969 555 1159 601; x_wconf 76' lang='lat' dir='ltr'>Dunelmensi</span> 
     </span>
     <span class='ocr_line' id='line_1_17' title="bbox 99 594 1157 642; baseline -0.011 -6"><span class='ocrx_word' id='word_1_58' title='bbox 99 606 247 636; x_wconf 88' lang='lat' dir='ltr'>tenebatur</span> <span class='ocrx_word' id='word_1_59' title='bbox 261 628 270 642; x_wconf 96' lang='lat'>,</span> <span class='ocrx_word' id='word_1_60' title='bbox 290 604 446 635; x_wconf 88' lang='lat' dir='ltr'>Absolvens</span> <span class='ocrx_word' id='word_1_61' title='bbox 461 624 470 641; x_wconf 96' lang='lat'>,</span> <span class='ocrx_word' id='word_1_62' title='bbox 488 602 523 633; x_wconf 89' lang='lat' dir='ltr'>de</span> <span class='ocrx_word' id='word_1_63' title='bbox 539 602 664 631; x_wconf 78' lang='lat' dir='ltr'>Fratrum</span> <span class='ocrx_word' id='word_1_64' title='bbox 681 597 876 629; x_wconf 80' lang='lat' dir='ltr'>Cardinalium</span> <span class='ocrx_word' id='word_1_65' title='bbox 895 595 1028 639; x_wconf 80' lang='lat' dir='ltr'>Consilio</span> <span class='ocrx_word' id='word_1_66' title='bbox 1046 595 1079 625; x_wconf 90' lang='lat'>&amp;</span> <span class='ocrx_word' id='word_1_67' title='bbox 1098 594 1157 625; x_wconf 91' lang='lat' dir='ltr'>Po-</span> 
     </span>
     <span class='ocr_line' id='line_1_18' title="bbox 100 632 1159 681; baseline -0.012 -6"><span class='ocrx_word' id='word_1_68' title='bbox 100 643 205 674; x_wconf 85' lang='lat' dir='ltr'>testatis</span> <span class='ocrx_word' id='word_1_69' title='bbox 222 643 392 681; x_wconf 79' lang='lat' dir='ltr'>Apostolicae</span> <span class='ocrx_word' id='word_1_70' title='bbox 411 639 595 679; x_wconf 84' lang='lat' dir='ltr'>plenitudine,</span> <span class='ocrx_word' id='word_1_71' title='bbox 614 635 822 680; x_wconf 56' lang='lat' dir='ltr'>Transtulerit,</span> <span class='ocrx_word' id='word_1_72' title='bbox 838 637 871 668; x_wconf 91' lang='lat'>&amp;</span> <span class='ocrx_word' id='word_1_73' title='bbox 887 634 977 673; x_wconf 89' lang='lat' dir='ltr'>ipsum</span> <span class='ocrx_word' id='word_1_74' title='bbox 992 633 1084 664; x_wconf 80' lang='lat' dir='ltr'>eidem</span> <span class='ocrx_word' id='word_1_75' title='bbox 1100 632 1159 663; x_wconf 90' lang='lat' dir='ltr'>Ec—</span> 
     </span>
     <span class='ocr_line' id='line_1_19' title="bbox 100 672 1160 716; baseline -0.009 -3"><span class='ocrx_word' id='word_1_76' title='bbox 100 682 191 713; x_wconf 80' lang='lat' dir='ltr'>cleiiae</span> <span class='ocrx_word' id='word_1_77' title='bbox 211 681 343 712; x_wconf 89' lang='lat' dir='ltr'>Eborum</span> <span class='ocrx_word' id='word_1_78' title='bbox 362 682 391 710; x_wconf 90' lang='lat' dir='ltr'>in</span> <span class='ocrx_word' id='word_1_79' title='bbox 409 677 662 716; x_wconf 83' lang='lat' dir='ltr'>Archiepiscopum</span> <span class='ocrx_word' id='word_1_80' title='bbox 681 674 837 712; x_wconf 74' lang='lat' dir='ltr'>praefecerit</span> <span class='ocrx_word' id='word_1_81' title='bbox 851 676 884 705; x_wconf 88' lang='lat'>&amp;</span> <span class='ocrx_word' id='word_1_82' title='bbox 904 672 1071 716; x_wconf 60' lang='lat' dir='ltr'>Pastorem,</span> <span class='ocrx_word' id='word_1_83' title='bbox 1090 672 1160 703; x_wconf 82' lang='lat' dir='ltr'>sicut</span> 
     </span>
     <span class='ocr_line' id='line_1_20' title="bbox 99 710 1160 758; baseline -0.009 -8"><span class='ocrx_word' id='word_1_84' title='bbox 99 729 149 758; x_wconf 92' lang='lat' dir='ltr'>per</span> <span class='ocrx_word' id='word_1_85' title='bbox 168 720 272 751; x_wconf 86' lang='lat' dir='ltr'>Literas</span> <span class='ocrx_word' id='word_1_86' title='bbox 290 719 405 750; x_wconf 83' lang='lat' dir='ltr'>Bullatas</span> <span class='ocrx_word' id='word_1_87' title='bbox 420 718 500 755; x_wconf 86' lang='lat' dir='ltr'>ipfius</span> <span class='ocrx_word' id='word_1_88' title='bbox 518 714 640 746; x_wconf 88' lang='lat' dir='ltr'>Domini</span> <span class='ocrx_word' id='word_1_89' title='bbox 660 712 773 744; x_wconf 83' lang='lat' dir='ltr'>Summi</span> <span class='ocrx_word' id='word_1_90' title='bbox 791 711 956 750; x_wconf 81' lang='lat' dir='ltr'>Pontificis,</span> <span class='ocrx_word' id='word_1_91' title='bbox 975 711 1074 741; x_wconf 80' lang='lat' dir='ltr'>Nobis</span> <span class='ocrx_word' id='word_1_92' title='bbox 1092 710 1160 741; x_wconf 84' lang='lat' dir='ltr'>inde</span> 
     </span>
     <span class='ocr_line' id='line_1_21' title="bbox 98 755 501 827; baseline -0.01 -38"><span class='ocrx_word' id='word_1_93' title='bbox 98 759 234 827; x_wconf 44' lang='lat' dir='ltr'>dirffidleas,</span> <span class='ocrx_word' id='word_1_94' title='bbox 257 758 358 789; x_wconf 89' lang='lat' dir='ltr'>Nobis</span> <span class='ocrx_word' id='word_1_95' title='bbox 375 755 501 794; x_wconf 82' lang='lat' dir='ltr'>constat,</span> 
     </span>
    </p>

    <p class='ocr_par' dir='ltr' id='par_1_15' title="bbox 102 807 1162 1033">
     <span class='ocr_line' id='line_1_22' title="bbox 141 807 1160 867; baseline -0.01 -1"><span class='ocrx_word' id='word_1_96' title='bbox 141 837 159 854; x_wconf 68' lang='lat'>*²</span> <span class='ocrx_word' id='word_1_97' title='bbox 173 807 237 866; x_wconf 61' lang='lat' dir='ltr'>(Psr&#39;o</span> <span class='ocrx_word' id='word_1_98' title='bbox 256 844 293 865; x_wconf 91' lang='lat' dir='ltr'>eo</span> <span class='ocrx_word' id='word_1_99' title='bbox 331 832 390 863; x_wconf 81' lang='lat' dir='ltr'>uod</span> <span class='ocrx_word' id='word_1_100' title='bbox 408 830 484 861; x_wconf 90' lang='lat' dir='ltr'>idern</span> <span class='ocrx_word' id='word_1_101' title='bbox 503 832 671 860; x_wconf 78' lang='lat' dir='ltr'>Laurentius</span> <span class='ocrx_word' id='word_1_102' title='bbox 684 852 693 867; x_wconf 91' lang='lat'>,</span> <span class='ocrx_word' id='word_1_103' title='bbox 716 829 754 859; x_wconf 77' lang='lat' dir='ltr'>sic</span> <span class='ocrx_word' id='word_1_104' title='bbox 769 827 803 859; x_wconf 88' lang='lat' dir='ltr'>ad</span> <span class='ocrx_word' id='word_1_105' title='bbox 820 828 927 859; x_wconf 68' lang='lat' dir='ltr'>dietam</span> <span class='ocrx_word' id='word_1_106' title='bbox 944 824 1099 858; x_wconf 83' lang='lat' dir='ltr'>Ecclesiam</span> <span class='ocrx_word' id='word_1_107' title='bbox 1119 825 1160 857; x_wconf 72' lang='lat' dir='ltr'>E-</span> 
     </span>
     <span class='ocr_line' id='line_1_23' title="bbox 102 843 1160 907; baseline -0.01 -2"><span class='ocrx_word' id='word_1_108' title='bbox 102 875 210 905; x_wconf 89' lang='lat' dir='ltr'>borum</span> <span class='ocrx_word' id='word_1_109' title='bbox 229 843 406 907; x_wconf 66' lang='lat' dir='ltr'>Translatus,</span> <span class='ocrx_word' id='word_1_110' title='bbox 433 869 568 899; x_wconf 90' lang='lat' dir='ltr'>omnibus</span> <span class='ocrx_word' id='word_1_111' title='bbox 584 869 618 900; x_wconf 88' lang='lat'>&amp;</span> <span class='ocrx_word' id='word_1_112' title='bbox 637 868 751 905; x_wconf 83' lang='lat' dir='ltr'>fingulis</span> <span class='ocrx_word' id='word_1_113' title='bbox 769 867 861 898; x_wconf 86' lang='lat' dir='ltr'>verbis</span> <span class='ocrx_word' id='word_1_114' title='bbox 875 891 885 906; x_wconf 94' lang='lat'>,</span> <span class='ocrx_word' id='word_1_115' title='bbox 914 866 1014 897; x_wconf 86' lang='lat' dir='ltr'>Nobis</span> <span class='ocrx_word' id='word_1_116' title='bbox 1038 867 1071 896; x_wconf 91' lang='lat'>&amp;</span> <span class='ocrx_word' id='word_1_117' title='bbox 1096 864 1160 895; x_wconf 91' lang='lat' dir='ltr'>Co-</span> 
     </span>
     <span class='ocr_line' id='line_1_24' title="bbox 103 905 1161 953; baseline -0.009 -10"><span class='ocrx_word' id='word_1_118' title='bbox 103 922 184 943; x_wconf 87' lang='lat' dir='ltr'>ronae</span> <span class='ocrx_word' id='word_1_119' title='bbox 210 910 313 941; x_wconf 89' lang='lat' dir='ltr'>nostrae</span> <span class='ocrx_word' id='word_1_120' title='bbox 340 907 570 953; x_wconf 71' lang='lat' dir='ltr'>praejudicialibus</span> <span class='ocrx_word' id='word_1_121' title='bbox 588 931 598 947; x_wconf 81' lang='lat'>‚</span> <span class='ocrx_word' id='word_1_122' title='bbox 622 908 650 937; x_wconf 90' lang='lat' dir='ltr'>in</span> <span class='ocrx_word' id='word_1_123' title='bbox 674 907 753 953; x_wconf 59' lang='lat' dir='ltr'>dicitis</span> <span class='ocrx_word' id='word_1_124' title='bbox 781 906 882 950; x_wconf 82' lang='lat' dir='ltr'>Literis</span> <span class='ocrx_word' id='word_1_125' title='bbox 907 905 1017 950; x_wconf 60' lang='lat' dir='ltr'>bullatis</span> <span class='ocrx_word' id='word_1_126' title='bbox 1038 912 1161 947; x_wconf 79' lang='lat' dir='ltr'>conten-</span> 
     </span>
     <span class='ocr_line' id='line_1_25' title="bbox 103 943 1162 1033; baseline -0.008 -14"><span class='ocrx_word' id='word_1_127' title='bbox 103 946 416 1033; x_wconf 42' lang='lat' dir='ltr'>stigmatis</span> <span class='ocrx_word' id='word_1_128' title='bbox 427 945 973 1023; x_wconf 50' lang='lat' dir='ltr'>&amp;iffif‘vssil’isssiecffssnsssscssvfia‘c</span> <span class='ocrx_word' id='word_1_129' title='bbox 989 943 1162 1020; x_wconf 62' lang='grc' dir='ltr'>ἔξηῗὲἓὲῑξ</span> 
     </span>
    </p>

    <p class='ocr_par' dir='ltr' id='par_1_16' title="bbox 102 1035 1166 1177">
     <span class='ocr_line' id='line_1_26' title="bbox 171 1035 221 1056; baseline -0.02 0"><span class='ocrx_word' id='word_1_130' title='bbox 171 1035 221 1056; x_wconf 92' lang='lat' dir='ltr'>ose</span> 
     </span>
     <span class='ocr_line' id='line_1_27' title="bbox 103 1035 1163 1101; baseline -0.008 -6"><span class='ocrx_word' id='word_1_131' title='bbox 103 1035 277 1101; x_wconf 58' lang='lat' dir='ltr'>gragepitr’ius</span> <span class='ocrx_word' id='word_1_132' title='bbox 296 1062 320 1092; x_wconf 92' lang='lat' dir='ltr'>F</span> <span class='ocrx_word' id='word_1_133' title='bbox 322 1061 474 1093; x_wconf 86' lang='lat' dir='ltr'>idelitatem</span> <span class='ocrx_word' id='word_1_134' title='bbox 492 1060 572 1098; x_wconf 80' lang='lat' dir='ltr'>ipsius</span> <span class='ocrx_word' id='word_1_135' title='bbox 590 1063 754 1098; x_wconf 78' lang='lat' dir='ltr'>Laurentii,</span> <span class='ocrx_word' id='word_1_136' title='bbox 773 1059 811 1090; x_wconf 78' lang='lat' dir='ltr'>sic</span> <span class='ocrx_word' id='word_1_137' title='bbox 827 1059 860 1090; x_wconf 88' lang='lat' dir='ltr'>ad</span> <span class='ocrx_word' id='word_1_138' title='bbox 878 1058 986 1090; x_wconf 68' lang='lat' dir='ltr'>dietam</span> <span class='ocrx_word' id='word_1_139' title='bbox 1005 1057 1163 1089; x_wconf 77' lang='lat' dir='ltr'>Ecclesiam</span> 
     </span>
     <span class='ocr_line' id='line_1_28' title="bbox 102 1097 1166 1137; baseline -0.008 -3"><span class='ocrx_word' id='word_1_140' title='bbox 102 1102 237 1134; x_wconf 87' lang='lat' dir='ltr'>Eborum</span> <span class='ocrx_word' id='word_1_141' title='bbox 254 1100 396 1131; x_wconf 86' lang='lat' dir='ltr'>Transsati</span> <span class='ocrx_word' id='word_1_142' title='bbox 410 1123 420 1137; x_wconf 86' lang='lat'>‚</span> <span class='ocrx_word' id='word_1_143' title='bbox 435 1101 468 1132; x_wconf 76' lang='grc' dir='ltr'>ὅτ.</span> <span class='ocrx_word' id='word_1_144' title='bbox 486 1099 669 1137; x_wconf 87' lang='lat' dir='ltr'>Temporalia</span> <span class='ocrx_word' id='word_1_145' title='bbox 687 1098 952 1137; x_wconf 77' lang='lat' dir='ltr'>Arcbiepiscopatfis</span> <span class='ocrx_word' id='word_1_146' title='bbox 970 1097 1041 1128; x_wconf 90' lang='lat' dir='ltr'>illius</span> <span class='ocrx_word' id='word_1_147' title='bbox 1055 1120 1065 1135; x_wconf 84' lang='lat'>,</span> <span class='ocrx_word' id='word_1_148' title='bbox 1081 1104 1166 1135; x_wconf 76' lang='lat' dir='ltr'>prout</span> 
     </span>
     <span class='ocr_line' id='line_1_29' title="bbox 104 1138 599 1177; baseline -0.006 -6"><span class='ocrx_word' id='word_1_149' title='bbox 104 1141 189 1172; x_wconf 87' lang='lat' dir='ltr'>moris</span> <span class='ocrx_word' id='word_1_150' title='bbox 206 1138 264 1176; x_wconf 83' lang='lat' dir='ltr'>est,</span> <span class='ocrx_word' id='word_1_151' title='bbox 283 1138 468 1169; x_wconf 87' lang='lat' dir='ltr'>Restituimus</span> <span class='ocrx_word' id='word_1_152' title='bbox 486 1138 599 1177; x_wconf 80' lang='lat' dir='ltr'>eidem,</span> 
     </span>
    </p>

    <p class='ocr_par' dir='ltr' id='par_1_17' title="bbox 103 1172 1165 1332">
     <span class='ocr_line' id='line_1_30' title="bbox 145 1172 1164 1215; baseline -0.007 -6"><span class='ocrx_word' id='word_1_153' title='bbox 145 1178 182 1209; x_wconf 91' lang='lat' dir='ltr'>Et</span> <span class='ocrx_word' id='word_1_154' title='bbox 201 1178 268 1209; x_wconf 83' lang='lat' dir='ltr'>ideo</span> <span class='ocrx_word' id='word_1_155' title='bbox 284 1178 358 1208; x_wconf 93' lang='lat' dir='ltr'>Tibi</span> <span class='ocrx_word' id='word_1_156' title='bbox 371 1177 557 1215; x_wconf 84' lang='lat' dir='ltr'>Praecipimus</span> <span class='ocrx_word' id='word_1_157' title='bbox 571 1175 650 1214; x_wconf 75' lang='lat' dir='ltr'>quod</span> <span class='ocrx_word' id='word_1_158' title='bbox 664 1175 747 1205; x_wconf 84' lang='lat' dir='ltr'>eidem</span> <span class='ocrx_word' id='word_1_159' title='bbox 765 1177 935 1212; x_wconf 82' lang='lat' dir='ltr'>Laurentio,</span> <span class='ocrx_word' id='word_1_160' title='bbox 953 1173 991 1205; x_wconf 84' lang='lat' dir='ltr'>sic</span> <span class='ocrx_word' id='word_1_161' title='bbox 1006 1173 1039 1204; x_wconf 89' lang='lat' dir='ltr'>ad</span> <span class='ocrx_word' id='word_1_162' title='bbox 1058 1172 1164 1203; x_wconf 65' lang='lat' dir='ltr'>dietam</span> 
     </span>
     <span class='ocr_line' id='line_1_31' title="bbox 106 1212 1165 1252; baseline -0.006 -5"><span class='ocrx_word' id='word_1_163' title='bbox 106 1216 264 1248; x_wconf 80' lang='lat' dir='ltr'>Ecclesiam</span> <span class='ocrx_word' id='word_1_164' title='bbox 281 1215 414 1247; x_wconf 88' lang='lat' dir='ltr'>Eborurn</span> <span class='ocrx_word' id='word_1_165' title='bbox 433 1215 582 1246; x_wconf 79' lang='lat' dir='ltr'>Transsate</span> <span class='ocrx_word' id='word_1_166' title='bbox 593 1238 602 1251; x_wconf 85' lang='lat'><em>‚</em></span> <span class='ocrx_word' id='word_1_167' title='bbox 622 1214 805 1252; x_wconf 87' lang='lat' dir='ltr'>Tcmporalia</span> <span class='ocrx_word' id='word_1_168' title='bbox 822 1213 972 1252; x_wconf 69' lang='lat' dir='ltr'>praediCta,</span> <span class='ocrx_word' id='word_1_169' title='bbox 987 1222 1054 1243; x_wconf 90' lang='lat' dir='ltr'>cum</span> <span class='ocrx_word' id='word_1_170' title='bbox 1075 1212 1165 1243; x_wconf 89' lang='lat' dir='ltr'>Perti-</span> 
     </span>
     <span class='ocr_line' id='line_1_32' title="bbox 106 1250 1165 1293; baseline -0.005 -7"><span class='ocrx_word' id='word_1_171' title='bbox 106 1257 230 1293; x_wconf 62' lang='lat' dir='ltr'>neritus,</span> <span class='ocrx_word' id='word_1_172' title='bbox 245 1256 276 1285; x_wconf 90' lang='lat' dir='ltr'>in</span> <span class='ocrx_word' id='word_1_173' title='bbox 294 1254 397 1285; x_wconf 61' lang='lat' dir='ltr'>Ballivai</span> <span class='ocrx_word' id='word_1_174' title='bbox 413 1253 478 1292; x_wconf 72' lang='lat' dir='ltr'>tua,</span> <span class='ocrx_word' id='word_1_175' title='bbox 496 1254 552 1284; x_wconf 88' lang='lat' dir='ltr'>fine</span> <span class='ocrx_word' id='word_1_176' title='bbox 565 1253 712 1291; x_wconf 86' lang='lat' dir='ltr'>dilatione,</span> <span class='ocrx_word' id='word_1_177' title='bbox 731 1252 848 1282; x_wconf 87' lang='lat' dir='ltr'>Liberes</span> <span class='ocrx_word' id='word_1_178' title='bbox 862 1252 890 1282; x_wconf 92' lang='lat' dir='ltr'>in</span> <span class='ocrx_word' id='word_1_179' title='bbox 904 1252 994 1282; x_wconf 86' lang='lat' dir='ltr'>forma</span> <span class='ocrx_word' id='word_1_180' title='bbox 1013 1250 1165 1291; x_wconf 64' lang='lat' dir='ltr'>praedidia3</span> 
     </span>
     <span class='ocr_line' id='line_1_33' title="bbox 103 1292 1041 1332; baseline -0.006 -8"><span class='ocrx_word' id='word_1_181' title='bbox 103 1293 180 1325; x_wconf 82' lang='lat' dir='ltr'>salvo</span> <span class='ocrx_word' id='word_1_182' title='bbox 194 1293 264 1331; x_wconf 90' lang='lat' dir='ltr'>Jure</span> <span class='ocrx_word' id='word_1_183' title='bbox 279 1292 437 1330; x_wconf 84' lang='lat' dir='ltr'>cujussibet.</span> <span class='ocrx_word' id='word_1_184' title='bbox 1036 1326 1041 1332; x_wconf 82' lang='lat'><strong>.</strong></span> 
     </span>
    </p>

    <p class='ocr_par' dir='ltr' id='par_1_18' title="bbox 145 1327 1064 1374">
     <span class='ocr_line' id='line_1_34' title="bbox 145 1327 1064 1374; baseline -0.007 -11"><span class='ocrx_word' id='word_1_185' title='bbox 145 1332 236 1364; x_wconf 88' lang='lat' dir='ltr'>Teste</span> <span class='ocrx_word' id='word_1_186' title='bbox 253 1331 334 1372; x_wconf 81' lang='lat' dir='ltr'>Rege</span> <span class='ocrx_word' id='word_1_187' title='bbox 351 1331 425 1370; x_wconf 85' lang='lat' dir='ltr'>apud</span> <span class='ocrx_word' id='word_1_188' title='bbox 440 1328 696 1374; x_wconf 74' lang='lat' dir='ltr'>Wstmonasterium</span> <span class='ocrx_word' id='word_1_189' title='bbox 706 1351 716 1367; x_wconf 90' lang='lat'>,</span> <span class='ocrx_word' id='word_1_190' title='bbox 733 1328 838 1360; x_wconf 66' lang='lat' dir='ltr'>octavo</span> <span class='ocrx_word' id='word_1_191' title='bbox 854 1327 899 1359; x_wconf 91' lang='lat' dir='ltr'>die</span> <span class='ocrx_word' id='word_1_192' title='bbox 915 1327 1064 1359; x_wconf 63' lang='lat' dir='ltr'>Oetobns.</span> 
     </span>
    </p>
   </div>
   <div class='ocr_carea' id='block_1_15' title="bbox 792 1407 1063 1444">
    <p class='ocr_par' dir='ltr' id='par_1_19' title="bbox 792 1407 1063 1444">
     <span class='ocr_line' id='line_1_35' title="bbox 792 1407 1063 1444; baseline -0.007 -9"><span class='ocrx_word' id='word_1_193' title='bbox 792 1407 845 1435; x_wconf 84' lang='lat' dir='ltr'>Per</span> <span class='ocrx_word' id='word_1_194' title='bbox 862 1409 887 1444; x_wconf 87' lang='lat' dir='ltr'>ip</span> <span class='ocrx_word' id='word_1_195' title='bbox 902 1415 945 1434; x_wconf 85' lang='lat' dir='ltr'>um</span> <span class='ocrx_word' id='word_1_196' title='bbox 959 1407 1063 1442; x_wconf 80' lang='lat' dir='ltr'><strong><em>Regem.</em></strong></span> 
     </span>
    </p>
   </div>
   <div class='ocr_carea' id='block_1_16' title="bbox 111 1479 1171 1561">
    <p class='ocr_par' dir='ltr' id='par_1_20' title="bbox 111 1479 1171 1561">
     <span class='ocr_line' id='line_1_36' title="bbox 111 1479 1171 1523; baseline -0.007 -6"><span class='ocrx_word' id='word_1_197' title='bbox 111 1485 280 1517; x_wconf 82' lang='lat' dir='ltr'>Confimilia</span> <span class='ocrx_word' id='word_1_198' title='bbox 292 1484 391 1516; x_wconf 85' lang='lat' dir='ltr'>Brevia</span> <span class='ocrx_word' id='word_1_199' title='bbox 405 1483 561 1523; x_wconf 86' lang='lat' dir='ltr'>diriguntur</span> <span class='ocrx_word' id='word_1_200' title='bbox 578 1480 773 1513; x_wconf 87' lang='lat' dir='ltr'>Escaetoribus</span> <span class='ocrx_word' id='word_1_201' title='bbox 787 1481 957 1519; x_wconf 83' lang='lat' dir='ltr'>subscriptis,</span> <span class='ocrx_word' id='word_1_202' title='bbox 975 1482 1003 1511; x_wconf 87' lang='lat' dir='ltr'>in</span> <span class='ocrx_word' id='word_1_203' title='bbox 1017 1479 1171 1511; x_wconf 85' lang='lat' dir='ltr'>Comitati-</span> 
     </span>
     <span class='ocr_line' id='line_1_37' title="bbox 278 1519 1007 1561; baseline -0.005 -7"><span class='ocrx_word' id='word_1_204' title='bbox 278 1524 330 1554; x_wconf 85' lang='lat' dir='ltr'>bus</span> <span class='ocrx_word' id='word_1_205' title='bbox 342 1522 513 1561; x_wconf 82' lang='lat' dir='ltr'>subscriptis,</span> <span class='ocrx_word' id='word_1_206' title='bbox 531 1520 581 1551; x_wconf 92' lang='lat' dir='ltr'>sub</span> <span class='ocrx_word' id='word_1_207' title='bbox 596 1520 672 1551; x_wconf 86' lang='lat' dir='ltr'>Data</span> <span class='ocrx_word' id='word_1_208' title='bbox 690 1519 842 1558; x_wconf 67' lang='lat' dir='ltr'>praedi&amp;a;</span> <span class='ocrx_word' id='word_1_209' title='bbox 860 1520 1007 1558; x_wconf 85' lang='lat' dir='ltr'>videlicet,</span> 
     </span>
    </p>
   </div>
   <div class='ocr_carea' id='block_1_17' title="bbox 109 1597 1178 1945">
    <p class='ocr_par' dir='ltr' id='par_1_21' title="bbox 150 1597 636 1639">
     <span class='ocr_line' id='line_1_38' title="bbox 150 1597 636 1639; baseline -0.008 -9"><span class='ocrx_word' id='word_1_210' title='bbox 150 1600 212 1639; x_wconf 73' lang='lat' dir='ltr'>Efi.</span> <span class='ocrx_word' id='word_1_211' title='bbox 228 1602 306 1636; x_wconf 80' lang='lat' dir='ltr'>Regis</span> <span class='ocrx_word' id='word_1_212' title='bbox 322 1602 350 1628; x_wconf 78' lang='lat' dir='ltr'>in</span> <span class='ocrx_word' id='word_1_213' title='bbox 365 1602 438 1628; x_wconf 89' lang='lat' dir='ltr'>Com.</span> <span class='ocrx_word' id='word_1_214' title='bbox 455 1597 636 1627; x_wconf 83' lang='lat' dir='ltr'>Northumbr.</span> 
     </span>
    </p>

    <p class='ocr_par' dir='ltr' id='par_1_22' title="bbox 147 1633 811 1677">
     <span class='ocr_line' id='line_1_39' title="bbox 147 1633 811 1677; baseline -0.005 -9"><span class='ocrx_word' id='word_1_215' title='bbox 147 1638 289 1677; x_wconf 80' lang='lat' dir='ltr'>Escaetori</span> <span class='ocrx_word' id='word_1_216' title='bbox 305 1639 382 1675; x_wconf 84' lang='lat' dir='ltr'>Regis</span> <span class='ocrx_word' id='word_1_217' title='bbox 394 1640 423 1666; x_wconf 85' lang='lat' dir='ltr'>in</span> <span class='ocrx_word' id='word_1_218' title='bbox 439 1640 510 1666; x_wconf 86' lang='lat' dir='ltr'>Com.</span> <span class='ocrx_word' id='word_1_219' title='bbox 524 1634 660 1672; x_wconf 85' lang='lat' dir='ltr'>Notingh.</span> <span class='ocrx_word' id='word_1_220' title='bbox 676 1633 714 1670; x_wconf 64' lang='grc' dir='ltr'>ὠ·</span> <span class='ocrx_word' id='word_1_221' title='bbox 729 1634 811 1665; x_wconf 80' lang='lat' dir='ltr'>Derb.</span> 
     </span>
    </p>

    <p class='ocr_par' dir='ltr' id='par_1_23' title="bbox 150 1673 655 1716">
     <span class='ocr_line' id='line_1_40' title="bbox 150 1673 655 1716; baseline -0.008 -9"><span class='ocrx_word' id='word_1_222' title='bbox 150 1675 292 1716; x_wconf 83' lang='lat' dir='ltr'>Efiaetori</span> <span class='ocrx_word' id='word_1_223' title='bbox 307 1679 384 1712; x_wconf 83' lang='lat' dir='ltr'>Regis</span> <span class='ocrx_word' id='word_1_224' title='bbox 398 1679 427 1705; x_wconf 85' lang='lat' dir='ltr'>in</span> <span class='ocrx_word' id='word_1_225' title='bbox 442 1681 515 1704; x_wconf 87' lang='lat' dir='ltr'>Com.</span> <span class='ocrx_word' id='word_1_226' title='bbox 529 1673 655 1703; x_wconf 73' lang='lat' dir='ltr'>Lincoln.</span> 
     </span>
    </p>

    <p class='ocr_par' dir='ltr' id='par_1_24' title="bbox 152 1714 623 1754">
     <span class='ocr_line' id='line_1_41' title="bbox 152 1714 623 1754; baseline -0.006 -10"><span class='ocrx_word' id='word_1_227' title='bbox 152 1714 291 1754; x_wconf 79' lang='lat' dir='ltr'>Efiaetori</span> <span class='ocrx_word' id='word_1_228' title='bbox 307 1717 387 1752; x_wconf 83' lang='lat' dir='ltr'>Regis</span> <span class='ocrx_word' id='word_1_229' title='bbox 401 1717 430 1743; x_wconf 81' lang='lat' dir='ltr'>in</span> <span class='ocrx_word' id='word_1_230' title='bbox 446 1717 519 1743; x_wconf 85' lang='lat' dir='ltr'><em>Com.</em></span> <span class='ocrx_word' id='word_1_231' title='bbox 531 1714 623 1742; x_wconf 79' lang='lat' dir='ltr'>Oxon.</span> 
     </span>
    </p>

    <p class='ocr_par' dir='ltr' id='par_1_25' title="bbox 151 1748 627 1793">
     <span class='ocr_line' id='line_1_42' title="bbox 151 1748 627 1793; baseline -0.006 -10"><span class='ocrx_word' id='word_1_232' title='bbox 151 1752 294 1793; x_wconf 69' lang='lat' dir='ltr'>Efi&#39;aetori</span> <span class='ocrx_word' id='word_1_233' title='bbox 307 1755 385 1789; x_wconf 78' lang='lat' dir='ltr'>Regis</span> <span class='ocrx_word' id='word_1_234' title='bbox 401 1754 431 1782; x_wconf 86' lang='lat' dir='ltr'>in</span> <span class='ocrx_word' id='word_1_235' title='bbox 446 1756 518 1781; x_wconf 90' lang='lat' dir='ltr'>Com.</span> <span class='ocrx_word' id='word_1_236' title='bbox 535 1748 627 1780; x_wconf 79' lang='lat' dir='ltr'>Midd.</span> 
     </span>
    </p>

    <p class='ocr_par' dir='ltr' id='par_1_26' title="bbox 109 1784 1178 1945">
     <span class='ocr_line' id='line_1_43' title="bbox 152 1784 1176 1858; baseline -0.004 -37"><span class='ocrx_word' id='word_1_237' title='bbox 152 1791 292 1832; x_wconf 83' lang='lat' dir='ltr'>Esc&#39;aetori</span> <span class='ocrx_word' id='word_1_238' title='bbox 306 1793 389 1858; x_wconf 52' lang='lat' dir='ltr'>{tegis</span> <span class='ocrx_word' id='word_1_239' title='bbox 399 1794 429 1821; x_wconf 83' lang='lat' dir='ltr'>in</span> <span class='ocrx_word' id='word_1_240' title='bbox 442 1794 514 1821; x_wconf 83' lang='lat' dir='ltr'>Com.</span> <span class='ocrx_word' id='word_1_241' title='bbox 531 1788 621 1819; x_wconf 84' lang='lat' dir='ltr'><em>Glouc.</em></span> <span class='ocrx_word' id='word_1_242' title='bbox 636 1799 668 1818; x_wconf 84' lang='lat' dir='ltr'>ac</span> <span class='ocrx_word' id='word_1_243' title='bbox 684 1784 819 1818; x_wconf 74' lang='lat' dir='ltr'>Marchiis</span> <span class='ocrx_word' id='word_1_244' title='bbox 836 1786 945 1819; x_wconf 76' lang='lat' dir='ltr'>Walliae</span> <span class='ocrx_word' id='word_1_245' title='bbox 957 1786 1040 1818; x_wconf 80' lang='lat' dir='ltr'>eidem</span> <span class='ocrx_word' id='word_1_246' title='bbox 1056 1791 1176 1818; x_wconf 80' lang='lat' dir='ltr'>Comita-</span> 
     </span>
     <span class='ocr_line' id='line_1_44' title="bbox 112 1829 361 1860; baseline -0.004 0"><span class='ocrx_word' id='word_1_247' title='bbox 112 1833 154 1860; x_wconf 73' lang='lat' dir='ltr'>sui</span> <span class='ocrx_word' id='word_1_248' title='bbox 168 1829 305 1860; x_wconf 80' lang='lat' dir='ltr'>ad‘acenti</span> <span class='ocrx_word' id='word_1_249' title='bbox 323 1839 361 1859; x_wconf 82' lang='lat' dir='ltr'>us.</span> 
     </span>
     <span class='ocr_line' id='line_1_45' title="bbox 109 1841 1178 1945; baseline -0.004 -47"><span class='ocrx_word' id='word_1_250' title='bbox 109 1906 140 1945; x_wconf 64' lang='lat' dir='ltr'>f</span> <span class='ocrx_word' id='word_1_251' title='bbox 150 1841 352 1936; x_wconf 58' lang='lat' dir='ltr'>Dilgl&#39;t&#39;odRegis</span> <span class='ocrx_word' id='word_1_252' title='bbox 360 1868 472 1935; x_wconf 60' lang='lat' dir='ltr'>llliiajori</span> <span class='ocrx_word' id='word_1_253' title='bbox 490 1869 518 1896; x_wconf 90' lang='lat' dir='ltr'><em>V</em></span> <span class='ocrx_word' id='word_1_254' title='bbox 518 1863 573 1896; x_wconf 67' lang='lat' dir='ltr'>illae</span> <span class='ocrx_word' id='word_1_255' title='bbox 587 1865 620 1895; x_wconf 84' lang='lat' dir='ltr'>de</span> <span class='ocrx_word' id='word_1_256' title='bbox 635 1863 786 1906; x_wconf 76' lang='lat' dir='ltr'>Kyngeston</span> <span class='ocrx_word' id='word_1_257' title='bbox 793 1864 875 1904; x_wconf 78' lang='lat' dir='ltr'>fitper</span> <span class='ocrx_word' id='word_1_258' title='bbox 891 1864 965 1894; x_wconf 85' lang='lat' dir='ltr'><em>Hull</em></span> <span class='ocrx_word' id='word_1_259' title='bbox 982 1877 1014 1895; x_wconf 86' lang='lat' dir='ltr'>ac</span> <span class='ocrx_word' id='word_1_260' title='bbox 1038 1865 1178 1906; x_wconf 77' lang='lat' dir='ltr'>Efiaetori</span> 
     </span>
    </p>

    <p class='ocr_par' dir='ltr' id='par_1_27' title="bbox 128 1909 409 1937">
     <span class='ocr_line' id='line_1_46' title="bbox 128 1909 409 1937; baseline 0 -2"><span class='ocrx_word' id='word_1_261' title='bbox 128 1917 160 1936; x_wconf 76' lang='lat' dir='ltr'>uo</span> <span class='ocrx_word' id='word_1_262' title='bbox 175 1910 204 1937; x_wconf 80' lang='lat' dir='ltr'>in</span> <span class='ocrx_word' id='word_1_263' title='bbox 218 1918 250 1936; x_wconf 82' lang='lat' dir='ltr'>ea</span> <span class='ocrx_word' id='word_1_264' title='bbox 270 1918 310 1935; x_wconf 82' lang='lat' dir='ltr'>em</span> <span class='ocrx_word' id='word_1_265' title='bbox 324 1909 359 1936; x_wconf 89' lang='lat' dir='ltr'>Vi</span> <span class='ocrx_word' id='word_1_266' title='bbox 383 1918 409 1935; x_wconf 86' lang='lat' dir='ltr'>a.</span> 
     </span>
    </p>
   </div>
   <div class='ocr_carea' id='block_1_18' title="bbox 114 1941 1176 2014">
    <p class='ocr_par' dir='ltr' id='par_1_28' title="bbox 114 1941 1176 2014">
     <span class='ocr_line' id='line_1_47' title="bbox 149 1941 1176 2014; baseline -0.001 -40"><span class='ocrx_word' id='word_1_267' title='bbox 149 1945 260 2014; x_wconf 50' lang='lat' dir='ltr'>dDileglq</span> <span class='ocrx_word' id='word_1_268' title='bbox 273 1947 352 1991; x_wconf 58' lang='lat' dir='ltr'>Regis</span> <span class='ocrx_word' id='word_1_269' title='bbox 364 1943 470 1982; x_wconf 86' lang='lat' dir='ltr'>Majori</span> <span class='ocrx_word' id='word_1_270' title='bbox 488 1946 622 1974; x_wconf 80' lang='lat' dir='ltr'>Civitatis</span> <span class='ocrx_word' id='word_1_271' title='bbox 634 1941 694 1981; x_wconf 67' lang='lat' dir='ltr'>ffiae</span> <span class='ocrx_word' id='word_1_272' title='bbox 720 1941 840 1972; x_wconf 87' lang='lat' dir='ltr'>Eborum</span> <span class='ocrx_word' id='word_1_273' title='bbox 859 1953 891 1971; x_wconf 87' lang='lat' dir='ltr'>ac</span> <span class='ocrx_word' id='word_1_274' title='bbox 914 1941 1055 1981; x_wconf 77' lang='lat' dir='ltr'>Efiaetori</span> <span class='ocrx_word' id='word_1_275' title='bbox 1072 1942 1123 1983; x_wconf 75' lang='lat' dir='ltr'>fico</span> <span class='ocrx_word' id='word_1_276' title='bbox 1146 1945 1176 1973; x_wconf 83' lang='lat' dir='ltr'>in</span> 
     </span>
     <span class='ocr_line' id='line_1_48' title="bbox 114 1990 352 2014; baseline 0 -1"><span class='ocrx_word' id='word_1_277' title='bbox 114 1994 147 2013; x_wconf 80' lang='lat' dir='ltr'>ea</span> <span class='ocrx_word' id='word_1_278' title='bbox 167 1994 207 2013; x_wconf 83' lang='lat' dir='ltr'>em</span> <span class='ocrx_word' id='word_1_279' title='bbox 240 1990 352 2014; x_wconf 75' lang='lat' dir='ltr'>rvttate.</span> 
     </span>
    </p>
   </div>
   <div class='ocr_carea' id='block_1_19' title="bbox 153 2059 706 2098">
    <p class='ocr_par' dir='ltr' id='par_1_29' title="bbox 153 2059 706 2098">
     <span class='ocr_line' id='line_1_49' title="bbox 153 2059 706 2098; baseline -0.005 -6"><span class='ocrx_word' id='word_1_280' title='bbox 153 2059 193 2092; x_wconf 84' lang='lat' dir='ltr'>Et</span> <span class='ocrx_word' id='word_1_281' title='bbox 212 2059 384 2092; x_wconf 86' lang='lat' dir='ltr'>Mandatum</span> <span class='ocrx_word' id='word_1_282' title='bbox 403 2060 444 2091; x_wconf 88' lang='lat' dir='ltr'>est</span> <span class='ocrx_word' id='word_1_283' title='bbox 462 2059 624 2098; x_wconf 85' lang='lat' dir='ltr'>Militibus,</span> <span class='ocrx_word' id='word_1_284' title='bbox 644 2059 706 2090; x_wconf 81' lang='lat' dir='ltr'>&amp;c-</span> 
     </span>
    </p>
   </div>
   <div class='ocr_carea' id='block_1_20' title="bbox 303 2185 1009 2233">
    <p class='ocr_par' dir='ltr' id='par_1_30' title="bbox 303 2185 1009 2233">
     <span class='ocr_line' id='line_1_50' title="bbox 303 2185 1009 2233; baseline -0.001 -11"><span class='ocrx_word' id='word_1_285' title='bbox 303 2190 352 2222; x_wconf 81' lang='lat' dir='ltr'>De</span> <span class='ocrx_word' id='word_1_286' title='bbox 377 2185 565 2231; x_wconf 78' lang='lat' dir='ltr'>Restitutione</span> <span class='ocrx_word' id='word_1_287' title='bbox 584 2186 809 2233; x_wconf 78' lang='lat' dir='ltr'>Temporalium</span> <span class='ocrx_word' id='word_1_288' title='bbox 827 2187 1009 2221; x_wconf 79' lang='lat' dir='ltr'>Dunolmen.</span> 
     </span>
    </p>
   </div>
   <div class='ocr_carea' id='block_1_21' title="bbox 0 2255 814 2334">
    <p class='ocr_par' dir='ltr' id='par_1_31' title="bbox 0 2255 814 2334">
     <span class='ocr_line' id='line_1_51' title="bbox 0 2255 814 2334; baseline -0.005 -28"><span class='ocrx_word' id='word_1_289' title='bbox 0 2283 107 2318; x_wconf 43' lang='lat' dir='ltr'>nal).</span> <span class='ocrx_word' id='word_1_290' title='bbox 126 2271 240 2334; x_wconf 80' lang='lat' dir='ltr'>REX</span> <span class='ocrx_word' id='word_1_291' title='bbox 260 2272 407 2304; x_wconf 88' lang='lat' dir='ltr'>Omnibus</span> <span class='ocrx_word' id='word_1_292' title='bbox 415 2255 476 2312; x_wconf 28' lang='grc' dir='ltr'>,ῃεά</span> <span class='ocrx_word' id='word_1_293' title='bbox 492 2282 580 2312; x_wconf 82' lang='lat' dir='ltr'>quos,</span> <span class='ocrx_word' id='word_1_294' title='bbox 596 2273 658 2304; x_wconf 71' lang='grc' dir='ltr'>ὅτε.</span> <span class='ocrx_word' id='word_1_295' title='bbox 678 2270 814 2304; x_wconf 87' lang='lat' dir='ltr'>Salutem.</span> 
     </span>
    </p>
   </div>
   <div class='ocr_carea' id='block_1_22' title="bbox 0 2324 91 2392">
    <p class='ocr_par' dir='ltr' id='par_1_32' title="bbox 0 2324 91 2392">
     <span class='ocr_line' id='line_1_52' title="bbox 0 2324 82 2364; baseline -0.024 -9"><span class='ocrx_word' id='word_1_296' title='bbox 0 2324 82 2364; x_wconf 84' lang='lat'>¹47⁶·</span> 
     </span>
     <span class='ocr_line' id='line_1_53' title="bbox 0 2362 91 2392; baseline -0.011 0"><span class='ocrx_word' id='word_1_297' title='bbox 0 2369 26 2392; x_wconf 62' lang='grc' dir='ltr'>κ.</span> <span class='ocrx_word' id='word_1_298' title='bbox 48 2362 91 2392; x_wconf 83' lang='lat'>16.</span> 
     </span>
    </p>
   </div>
   <div class='ocr_carea' id='block_1_23' title="bbox 127 2312 1210 3890">
    <p class='ocr_par' dir='ltr' id='par_1_33' title="bbox 217 2312 432 2351">
     <span class='ocr_line' id='line_1_54' title="bbox 217 2312 432 2351; baseline 0.005 -9"><span class='ocrx_word' id='word_1_299' title='bbox 217 2312 315 2343; x_wconf 86' lang='lat' dir='ltr'>Sciatis</span> <span class='ocrx_word' id='word_1_300' title='bbox 332 2312 432 2351; x_wconf 80' lang='lat' dir='ltr'>quod,</span> 
     </span>
    </p>

    <p class='ocr_par' dir='ltr' id='par_1_34' title="bbox 127 2348 1193 2612">
     <span class='ocr_line' id='line_1_55' title="bbox 164 2348 1189 2394; baseline 0 -13"><span class='ocrx_word' id='word_1_301' title='bbox 164 2349 244 2394; x_wconf 74' lang='lat' dir='ltr'>Cum</span> <span class='ocrx_word' id='word_1_302' title='bbox 261 2373 271 2389; x_wconf 93' lang='lat'>,</span> <span class='ocrx_word' id='word_1_303' title='bbox 286 2359 405 2382; x_wconf 88' lang='lat' dir='ltr'>vacante</span> <span class='ocrx_word' id='word_1_304' title='bbox 428 2350 556 2382; x_wconf 71' lang='lat' dir='ltr'>Ecclesia</span> <span class='ocrx_word' id='word_1_305' title='bbox 578 2348 770 2381; x_wconf 82' lang='lat' dir='ltr'>Dunolmenfi</span> <span class='ocrx_word' id='word_1_306' title='bbox 787 2373 797 2388; x_wconf 85' lang='lat'>,</span> <span class='ocrx_word' id='word_1_307' title='bbox 815 2360 863 2387; x_wconf 88' lang='lat' dir='ltr'>per</span> <span class='ocrx_word' id='word_1_308' title='bbox 881 2348 1109 2382; x_wconf 80' lang='lat' dir='ltr'>Transsationem</span> <span class='ocrx_word' id='word_1_309' title='bbox 1130 2349 1189 2381; x_wconf 82' lang='lat' dir='ltr'>Re·</span> 
     </span>
     <span class='ocr_line' id='line_1_56' title="bbox 127 2388 1191 2428; baseline 0.001 -9"><span class='ocrx_word' id='word_1_310' title='bbox 127 2389 243 2419; x_wconf 82' lang='lat' dir='ltr'>verendi</span> <span class='ocrx_word' id='word_1_311' title='bbox 255 2391 283 2419; x_wconf 92' lang='lat' dir='ltr'>in</span> <span class='ocrx_word' id='word_1_312' title='bbox 298 2388 416 2419; x_wconf 87' lang='lat' dir='ltr'>Christo</span> <span class='ocrx_word' id='word_1_313' title='bbox 431 2390 520 2420; x_wconf 86' lang='lat' dir='ltr'>Patris</span> <span class='ocrx_word' id='word_1_314' title='bbox 533 2390 681 2420; x_wconf 70' lang='lat' dir='ltr'>Laurentii</span> <span class='ocrx_word' id='word_1_315' title='bbox 698 2398 785 2425; x_wconf 84' lang='lat' dir='ltr'>nuper</span> <span class='ocrx_word' id='word_1_316' title='bbox 809 2389 903 2428; x_wconf 78' lang='lat' dir='ltr'>Epifio</span> <span class='ocrx_word' id='word_1_317' title='bbox 920 2393 929 2418; x_wconf 89' lang='lat' dir='ltr'>i</span> <span class='ocrx_word' id='word_1_318' title='bbox 951 2390 1064 2428; x_wconf 80' lang='lat' dir='ltr'>ibidem,</span> <span class='ocrx_word' id='word_1_319' title='bbox 1082 2389 1191 2420; x_wconf 76' lang='lat' dir='ltr'>Domi-</span> 
     </span>
     <span class='ocr_line' id='line_1_57' title="bbox 127 2425 1191 2467; baseline 0.002 -10"><span class='ocrx_word' id='word_1_320' title='bbox 127 2436 180 2457; x_wconf 89' lang='lat' dir='ltr'>nus</span> <span class='ocrx_word' id='word_1_321' title='bbox 202 2431 323 2457; x_wconf 76' lang='lat' dir='ltr'>Snmmus</span> <span class='ocrx_word' id='word_1_322' title='bbox 347 2426 476 2466; x_wconf 68' lang='lat' dir='ltr'>Pontifex</span> <span class='ocrx_word' id='word_1_323' title='bbox 499 2428 651 2459; x_wconf 65' lang='lat' dir='ltr'>Dilectum</span> <span class='ocrx_word' id='word_1_324' title='bbox 673 2425 824 2458; x_wconf 88' lang='lat' dir='ltr'>Clericum</span> <span class='ocrx_word' id='word_1_325' title='bbox 854 2431 906 2458; x_wconf 82' lang='lat' dir='ltr'>noi</span> <span class='ocrx_word' id='word_1_326' title='bbox 922 2439 986 2458; x_wconf 89' lang='lat' dir='ltr'>rum</span> <span class='ocrx_word' id='word_1_327' title='bbox 1018 2428 1191 2467; x_wconf 74' lang='lat' dir='ltr'>Magistrum</span> 
     </span>
     <span class='ocr_line' id='line_1_58' title="bbox 130 2464 1193 2509; baseline 0.002 -13"><span class='ocrx_word' id='word_1_328' title='bbox 130 2465 312 2496; x_wconf 84' lang='lat' dir='ltr'>Willielmum</span> <span class='ocrx_word' id='word_1_329' title='bbox 327 2466 435 2509; x_wconf 71' lang='lat' dir='ltr'>quley</span> <span class='ocrx_word' id='word_1_330' title='bbox 449 2468 479 2497; x_wconf 89' lang='lat' dir='ltr'>in</span> <span class='ocrx_word' id='word_1_331' title='bbox 501 2467 675 2504; x_wconf 87' lang='lat' dir='ltr'>Episcopum</span> <span class='ocrx_word' id='word_1_332' title='bbox 698 2464 926 2497; x_wconf 85' lang='lat' dir='ltr'>Dunolmensem</span> <span class='ocrx_word' id='word_1_333' title='bbox 950 2467 1129 2498; x_wconf 67' lang='lat' dir='ltr'>Auctoritate</span> <span class='ocrx_word' id='word_1_334' title='bbox 1150 2467 1193 2498; x_wconf 92' lang='lat' dir='ltr'>A-</span> 
     </span>
     <span class='ocr_line' id='line_1_59' title="bbox 128 2503 1192 2544; baseline 0.002 -10"><span class='ocrx_word' id='word_1_335' title='bbox 128 2503 268 2540; x_wconf 73' lang='lat' dir='ltr'>postolica</span> <span class='ocrx_word' id='word_1_336' title='bbox 291 2507 449 2542; x_wconf 72' lang='lat' dir='ltr'>praerecerit</span> <span class='ocrx_word' id='word_1_337' title='bbox 470 2507 504 2536; x_wconf 90' lang='lat'>&amp;</span> <span class='ocrx_word' id='word_1_338' title='bbox 527 2505 692 2542; x_wconf 83' lang='lat' dir='ltr'>Pastorem,</span> <span class='ocrx_word' id='word_1_339' title='bbox 710 2504 780 2534; x_wconf 80' lang='lat' dir='ltr'>sicut</span> <span class='ocrx_word' id='word_1_340' title='bbox 800 2514 849 2543; x_wconf 89' lang='lat' dir='ltr'>per</span> <span class='ocrx_word' id='word_1_341' title='bbox 864 2505 969 2536; x_wconf 87' lang='lat' dir='ltr'>Litetas</span> <span class='ocrx_word' id='word_1_342' title='bbox 982 2505 1099 2536; x_wconf 85' lang='lat' dir='ltr'>Bullatas</span> <span class='ocrx_word' id='word_1_343' title='bbox 1111 2507 1192 2544; x_wconf 75' lang='lat' dir='ltr'>ipsius</span> 
     </span>
     <span class='ocr_line' id='line_1_60' title="bbox 129 2540 1146 2612; baseline 0.002 -39"><span class='ocrx_word' id='word_1_344' title='bbox 129 2540 255 2612; x_wconf 49' lang='lat' dir='ltr'>DelirInini</span> <span class='ocrx_word' id='word_1_345' title='bbox 266 2546 367 2574; x_wconf 81' lang='lat' dir='ltr'>Summi</span> <span class='ocrx_word' id='word_1_346' title='bbox 380 2542 537 2584; x_wconf 81' lang='lat' dir='ltr'>Pontificis‚</span> <span class='ocrx_word' id='word_1_347' title='bbox 555 2542 654 2575; x_wconf 91' lang='lat' dir='ltr'>Nobis</span> <span class='ocrx_word' id='word_1_348' title='bbox 668 2542 735 2574; x_wconf 82' lang='lat' dir='ltr'>inde</span> <span class='ocrx_word' id='word_1_349' title='bbox 749 2542 886 2583; x_wconf 74' lang='lat' dir='ltr'>directas,</span> <span class='ocrx_word' id='word_1_350' title='bbox 906 2544 1004 2574; x_wconf 91' lang='lat' dir='ltr'>Nobis</span> <span class='ocrx_word' id='word_1_351' title='bbox 1019 2544 1146 2583; x_wconf 86' lang='lat' dir='ltr'>constat,</span> 
     </span>
    </p>

    <p class='ocr_par' dir='ltr' id='par_1_35' title="bbox 207 2591 253 2618">
     <span class='ocr_line' id='line_1_61' title="bbox 207 2591 253 2618; baseline 0 -7"><span class='ocrx_word' id='word_1_352' title='bbox 207 2591 253 2618; x_wconf 92' lang='lat' dir='ltr'>os,</span> 
     </span>
    </p>

    <p class='ocr_par' dir='ltr' id='par_1_36' title="bbox 131 2617 1199 2919">
     <span class='ocr_line' id='line_1_62' title="bbox 165 2617 1193 2658; baseline 0.004 -9"><span class='ocrx_word' id='word_1_353' title='bbox 165 2618 215 2650; x_wconf 90' lang='lat' dir='ltr'>De</span> <span class='ocrx_word' id='word_1_354' title='bbox 230 2619 332 2651; x_wconf 67' lang='lat' dir='ltr'>Gratia</span> <span class='ocrx_word' id='word_1_355' title='bbox 344 2617 442 2650; x_wconf 56' lang='lat' dir='ltr'>nostr&amp;</span> <span class='ocrx_word' id='word_1_356' title='bbox 455 2619 578 2658; x_wconf 87' lang='lat' dir='ltr'>speciali,</span> <span class='ocrx_word' id='word_1_357' title='bbox 596 2630 628 2651; x_wconf 88' lang='lat' dir='ltr'>ac</span> <span class='ocrx_word' id='word_1_358' title='bbox 643 2627 677 2649; x_wconf 84' lang='lat' dir='ltr'>ex</span> <span class='ocrx_word' id='word_1_359' title='bbox 702 2618 779 2650; x_wconf 72' lang='lat' dir='ltr'>cerni</span> <span class='ocrx_word' id='word_1_360' title='bbox 801 2618 924 2650; x_wconf 70' lang='lat' dir='ltr'>Scientia</span> <span class='ocrx_word' id='word_1_361' title='bbox 945 2622 979 2652; x_wconf 66' lang='grc' dir='ltr'>ὅ(</span> <span class='ocrx_word' id='word_1_362' title='bbox 1004 2631 1086 2652; x_wconf 88' lang='lat' dir='ltr'>mero</span> <span class='ocrx_word' id='word_1_363' title='bbox 1105 2620 1193 2653; x_wconf 90' lang='lat' dir='ltr'>Motu</span> 
     </span>
     <span class='ocr_line' id='line_1_63' title="bbox 131 2655 1192 2699; baseline 0.003 -12"><span class='ocrx_word' id='word_1_364' title='bbox 131 2656 235 2688; x_wconf 88' lang='lat' dir='ltr'>nostris</span> <span class='ocrx_word' id='word_1_365' title='bbox 247 2681 258 2696; x_wconf 88' lang='lat'>‚</span> <span class='ocrx_word' id='word_1_366' title='bbox 283 2657 480 2694; x_wconf 86' lang='lat' dir='ltr'>Concedimus</span> <span class='ocrx_word' id='word_1_367' title='bbox 501 2660 584 2689; x_wconf 81' lang='lat' dir='ltr'>eidem</span> <span class='ocrx_word' id='word_1_368' title='bbox 607 2655 743 2696; x_wconf 61' lang='lat' dir='ltr'>Praefeblo</span> <span class='ocrx_word' id='word_1_369' title='bbox 761 2659 858 2688; x_wconf 88' lang='lat' dir='ltr'>omnia</span> <span class='ocrx_word' id='word_1_370' title='bbox 880 2658 1021 2691; x_wconf 83' lang='lat' dir='ltr'>Redditus</span> <span class='ocrx_word' id='word_1_371' title='bbox 1034 2685 1042 2698; x_wconf 82' lang='lat'><strong>‚</strong></span> <span class='ocrx_word' id='word_1_372' title='bbox 1062 2661 1085 2690; x_wconf 89' lang='lat' dir='ltr'>F</span> <span class='ocrx_word' id='word_1_373' title='bbox 1088 2662 1168 2690; x_wconf 86' lang='lat' dir='ltr'>irmas</span> <span class='ocrx_word' id='word_1_374' title='bbox 1182 2683 1192 2699; x_wconf 90' lang='lat'>,</span> 
     </span>
     <span class='ocr_line' id='line_1_64' title="bbox 131 2695 1196 2736; baseline 0.003 -11"><span class='ocrx_word' id='word_1_375' title='bbox 131 2695 251 2734; x_wconf 75' lang='lat' dir='ltr'>Exitus,</span> <span class='ocrx_word' id='word_1_376' title='bbox 269 2695 433 2735; x_wconf 84' lang='lat' dir='ltr'>Proficuas,</span> <span class='ocrx_word' id='word_1_377' title='bbox 449 2697 663 2734; x_wconf 78' lang='lat' dir='ltr'>ReventioneS,</span> <span class='ocrx_word' id='word_1_378' title='bbox 683 2695 930 2736; x_wconf 83' lang='lat' dir='ltr'>Commoditates,</span> <span class='ocrx_word' id='word_1_379' title='bbox 948 2698 981 2729; x_wconf 91' lang='lat'>&amp;</span> <span class='ocrx_word' id='word_1_380' title='bbox 1007 2698 1196 2730; x_wconf 88' lang='lat' dir='ltr'>Emolumen-</span> 
     </span>
     <span class='ocr_line' id='line_1_65' title="bbox 133 2734 1197 2778; baseline 0.003 -14"><span class='ocrx_word' id='word_1_381' title='bbox 133 2742 178 2778; x_wconf 71' lang='lat' dir='ltr'>ta,</span> <span class='ocrx_word' id='word_1_382' title='bbox 193 2734 229 2765; x_wconf 91' lang='lat' dir='ltr'>de</span> <span class='ocrx_word' id='word_1_383' title='bbox 245 2735 415 2773; x_wconf 87' lang='lat' dir='ltr'>Episcopatu</span> <span class='ocrx_word' id='word_1_384' title='bbox 430 2735 620 2766; x_wconf 83' lang='lat' dir='ltr'>Dunolmenfi</span> <span class='ocrx_word' id='word_1_385' title='bbox 637 2735 774 2773; x_wconf 69' lang='lat' dir='ltr'>praedicto</span> <span class='ocrx_word' id='word_1_386' title='bbox 787 2744 821 2766; x_wconf 90' lang='lat' dir='ltr'>ac</span> <span class='ocrx_word' id='word_1_387' title='bbox 835 2734 870 2766; x_wconf 93' lang='lat' dir='ltr'>de</span> <span class='ocrx_word' id='word_1_388' title='bbox 891 2738 1066 2767; x_wconf 83' lang='lat' dir='ltr'>omnimodis</span> <span class='ocrx_word' id='word_1_389' title='bbox 1088 2738 1197 2768; x_wconf 87' lang='lat' dir='ltr'>Domi-</span> 
     </span>
     <span class='ocr_line' id='line_1_66' title="bbox 134 2772 1197 2817; baseline 0.004 -15"><span class='ocrx_word' id='word_1_390' title='bbox 134 2774 202 2816; x_wconf 82' lang='lat' dir='ltr'>mis,</span> <span class='ocrx_word' id='word_1_391' title='bbox 222 2772 356 2817; x_wconf 84' lang='lat' dir='ltr'>Maneriis</span> <span class='ocrx_word' id='word_1_392' title='bbox 371 2797 381 2814; x_wconf 82' lang='lat'>‚</span> <span class='ocrx_word' id='word_1_393' title='bbox 398 2774 494 2804; x_wconf 89' lang='lat' dir='ltr'>Terris</span> <span class='ocrx_word' id='word_1_394' title='bbox 537 2773 724 2806; x_wconf 86' lang='lat' dir='ltr'>Tenementis</span> <span class='ocrx_word' id='word_1_395' title='bbox 738 2796 749 2813; x_wconf 85' lang='lat'>,</span> <span class='ocrx_word' id='word_1_396' title='bbox 765 2773 954 2812; x_wconf 87' lang='lat' dir='ltr'>Redditibus‚</span> <span class='ocrx_word' id='word_1_397' title='bbox 973 2775 1116 2816; x_wconf 69' lang='lat' dir='ltr'>Servitus,</span> <span class='ocrx_word' id='word_1_398' title='bbox 1136 2776 1197 2806; x_wconf 78' lang='lat' dir='ltr'>Re-</span> 
     </span>
     <span class='ocr_line' id='line_1_67' title="bbox 133 2798 1197 2855; baseline 0.004 -14"><span class='ocrx_word' id='word_1_399' title='bbox 133 2811 292 2855; x_wconf 78' lang='lat' dir='ltr'>galitatibus</span> <span class='ocrx_word' id='word_1_400' title='bbox 306 2833 316 2849; x_wconf 84' lang='lat'>,</span> <span class='ocrx_word' id='word_1_401' title='bbox 335 2812 367 2842; x_wconf 92' lang='lat'>&amp;</span> <span class='ocrx_word' id='word_1_402' title='bbox 386 2798 631 2850; x_wconf 52' lang='lat' dir='ltr'>Jurisdic‘sionibus</span> <span class='ocrx_word' id='word_1_403' title='bbox 652 2811 774 2850; x_wconf 87' lang='lat' dir='ltr'>ejusdem</span> <span class='ocrx_word' id='word_1_404' title='bbox 799 2811 987 2851; x_wconf 66' lang='lat' dir='ltr'>Episcopatus</span> <span class='ocrx_word' id='word_1_405' title='bbox 999 2837 1009 2853; x_wconf 84' lang='lat'>,</span> <span class='ocrx_word' id='word_1_406' title='bbox 1025 2825 1041 2845; x_wconf 90' lang='lat' dir='ltr'>a</span> <span class='ocrx_word' id='word_1_407' title='bbox 1065 2824 1197 2853; x_wconf 88' lang='lat' dir='ltr'>tempore</span> 
     </span>
     <span class='ocr_line' id='line_1_68' title="bbox 132 2848 1199 2917; baseline 0.005 -38"><span class='ocrx_word' id='word_1_408' title='bbox 132 2849 222 2917; x_wconf 52' lang='grc' dir='ltr'>ἀιξῗη</span> <span class='ocrx_word' id='word_1_409' title='bbox 246 2849 410 2894; x_wconf 60' lang='lat' dir='ltr'>Vacationis</span> <span class='ocrx_word' id='word_1_410' title='bbox 432 2851 560 2889; x_wconf 57' lang='lat' dir='ltr'>praediciti</span> <span class='ocrx_word' id='word_1_411' title='bbox 583 2848 770 2889; x_wconf 68' lang='lat' dir='ltr'>Episcopatus</span> <span class='ocrx_word' id='word_1_412' title='bbox 784 2850 929 2890; x_wconf 88' lang='lat' dir='ltr'>hucusque</span> <span class='ocrx_word' id='word_1_413' title='bbox 946 2854 1137 2891; x_wconf 85' lang='lat' dir='ltr'>provenientia</span> <span class='ocrx_word' id='word_1_414' title='bbox 1151 2863 1199 2884; x_wconf 85' lang='lat' dir='ltr'>aut</span> 
     </span>
     <span class='ocr_line' id='line_1_69' title="bbox 133 2896 288 2919; baseline -0.006 0"><span class='ocrx_word' id='word_1_415' title='bbox 133 2897 182 2919; x_wconf 86' lang='lat' dir='ltr'>cre</span> <span class='ocrx_word' id='word_1_416' title='bbox 195 2896 288 2919; x_wconf 85' lang='lat' dir='ltr'>centia</span> 
     </span>
    </p>

    <p class='ocr_par' dir='ltr' id='par_1_37' title="bbox 134 2911 1201 3123">
     <span class='ocr_line' id='line_1_70' title="bbox 171 2911 1200 2967; baseline 0.005 -11"><span class='ocrx_word' id='word_1_417' title='bbox 171 2911 332 2964; x_wconf 61' lang='lat' dir='ltr'>Habenda,</span> <span class='ocrx_word' id='word_1_418' title='bbox 351 2926 548 2965; x_wconf 85' lang='lat' dir='ltr'>Percipienda,</span> <span class='ocrx_word' id='word_1_419' title='bbox 566 2926 600 2957; x_wconf 76' lang='grc' dir='ltr'>δε</span> <span class='ocrx_word' id='word_1_420' title='bbox 615 2925 750 2957; x_wconf 88' lang='lat' dir='ltr'>Levanda</span> <span class='ocrx_word' id='word_1_421' title='bbox 764 2926 847 2956; x_wconf 81' lang='lat' dir='ltr'>eidem</span> <span class='ocrx_word' id='word_1_422' title='bbox 861 2928 1008 2967; x_wconf 60' lang='lat' dir='ltr'>Praefech,</span> <span class='ocrx_word' id='word_1_423' title='bbox 1027 2938 1078 2967; x_wconf 82' lang='lat' dir='ltr'>per</span> <span class='ocrx_word' id='word_1_424' title='bbox 1094 2930 1200 2961; x_wconf 89' lang='lat' dir='ltr'>Manus</span> 
     </span>
     <span class='ocr_line' id='line_1_71' title="bbox 134 2964 1201 3009; baseline 0.004 -14"><span class='ocrx_word' id='word_1_425' title='bbox 134 2964 193 2996; x_wconf 84' lang='lat' dir='ltr'>suas</span> <span class='ocrx_word' id='word_1_426' title='bbox 214 2966 339 3003; x_wconf 89' lang='lat' dir='ltr'>proprias</span> <span class='ocrx_word' id='word_1_427' title='bbox 356 2989 366 3004; x_wconf 87' lang='lat'>,</span> <span class='ocrx_word' id='word_1_428' title='bbox 383 2975 429 2996; x_wconf 86' lang='lat' dir='ltr'>aut</span> <span class='ocrx_word' id='word_1_429' title='bbox 452 2965 652 3003; x_wconf 87' lang='lat' dir='ltr'>Receptorum</span> <span class='ocrx_word' id='word_1_430' title='bbox 671 2986 681 3002; x_wconf 88' lang='lat'>‚</span> <span class='ocrx_word' id='word_1_431' title='bbox 705 2964 908 2996; x_wconf 87' lang='lat' dir='ltr'>Firmariorum</span> <span class='ocrx_word' id='word_1_432' title='bbox 927 2989 936 3004; x_wconf 88' lang='lat'>,</span> <span class='ocrx_word' id='word_1_433' title='bbox 961 2968 1180 3005; x_wconf 80' lang='lat' dir='ltr'>Occupatorum</span> <span class='ocrx_word' id='word_1_434' title='bbox 1192 2993 1201 3009; x_wconf 87' lang='lat'>,</span> 
     </span>
     <span class='ocr_line' id='line_1_72' title="bbox 136 3002 1200 3043; baseline 0.003 -9"><span class='ocrx_word' id='word_1_435' title='bbox 136 3003 195 3034; x_wconf 83' lang='lat' dir='ltr'>sive</span> <span class='ocrx_word' id='word_1_436' title='bbox 210 3003 389 3035; x_wconf 88' lang='lat' dir='ltr'>Tenentium</span> <span class='ocrx_word' id='word_1_437' title='bbox 402 3003 588 3042; x_wconf 87' lang='lat' dir='ltr'>eorumdem,</span> <span class='ocrx_word' id='word_1_438' title='bbox 605 3004 638 3034; x_wconf 88' lang='lat'>&amp;</span> <span class='ocrx_word' id='word_1_439' title='bbox 655 3002 800 3033; x_wconf 90' lang='lat' dir='ltr'>cu&#39;ussibet</span> <span class='ocrx_word' id='word_1_440' title='bbox 813 3002 869 3034; x_wconf 82' lang='lat' dir='ltr'>sive</span> <span class='ocrx_word' id='word_1_441' title='bbox 881 3004 996 3043; x_wconf 87' lang='lat' dir='ltr'>alicujus</span> <span class='ocrx_word' id='word_1_442' title='bbox 1012 3007 1079 3037; x_wconf 78' lang='lat' dir='ltr'>inde</span> <span class='ocrx_word' id='word_1_443' title='bbox 1087 3007 1200 3038; x_wconf 84' lang='lat' dir='ltr'>Parcel-</span> 
     </span>
     <span class='ocr_line' id='line_1_73' title="bbox 137 3041 1200 3085; baseline 0.005 -14"><span class='ocrx_word' id='word_1_444' title='bbox 137 3041 191 3085; x_wconf 67' lang='lat'><strong>¹²¹3&gt;</strong></span> <span class='ocrx_word' id='word_1_445' title='bbox 209 3051 261 3079; x_wconf 88' lang='lat' dir='ltr'>pro</span> <span class='ocrx_word' id='word_1_446' title='bbox 278 3051 410 3080; x_wconf 90' lang='lat' dir='ltr'>tempore</span> <span class='ocrx_word' id='word_1_447' title='bbox 430 3042 629 3079; x_wconf 74' lang='lat' dir='ltr'>existentium,</span> <span class='ocrx_word' id='word_1_448' title='bbox 647 3041 682 3071; x_wconf 86' lang='lat' dir='ltr'>ab</span> <span class='ocrx_word' id='word_1_449' title='bbox 694 3051 749 3079; x_wconf 88' lang='lat' dir='ltr'>que</span> <span class='ocrx_word' id='word_1_450' title='bbox 772 3041 867 3079; x_wconf 84' lang='lat' dir='ltr'>aliquo</span> <span class='ocrx_word' id='word_1_451' title='bbox 888 3041 944 3074; x_wconf 88' lang='lat' dir='ltr'>alio</span> <span class='ocrx_word' id='word_1_452' title='bbox 966 3043 1139 3084; x_wconf 76' lang='lat' dir='ltr'>Compom,</span> <span class='ocrx_word' id='word_1_453' title='bbox 1154 3046 1200 3077; x_wconf 89' lang='lat' dir='ltr'>seu</span> 
     </span>
     <span class='ocr_line' id='line_1_74' title="bbox 139 3079 894 3123; baseline 0.001 -14"><span class='ocrx_word' id='word_1_454' title='bbox 139 3079 242 3123; x_wconf 45' lang='lat' dir='ltr'>aliquo·</span> <span class='ocrx_word' id='word_1_455' title='bbox 249 3080 305 3111; x_wconf 86' lang='lat' dir='ltr'>alio</span> <span class='ocrx_word' id='word_1_456' title='bbox 318 3081 419 3112; x_wconf 91' lang='lat' dir='ltr'>Nobis</span> <span class='ocrx_word' id='word_1_457' title='bbox 431 3081 499 3111; x_wconf 79' lang='lat' dir='ltr'>inde</span> <span class='ocrx_word' id='word_1_458' title='bbox 516 3079 661 3111; x_wconf 88' lang='lat' dir='ltr'>reddendo</span> <span class='ocrx_word' id='word_1_459' title='bbox 677 3080 721 3110; x_wconf 89' lang='lat' dir='ltr'>seu</span> <span class='ocrx_word' id='word_1_460' title='bbox 737 3079 874 3111; x_wconf 83' lang='lat' dir='ltr'>solvendo</span> <span class='ocrx_word' id='word_1_461' title='bbox 884 3103 894 3119; x_wconf 92' lang='lat'>‚</span> 
     </span>
    </p>

    <p class='ocr_par' dir='ltr' id='par_1_38' title="bbox 135 3116 1204 3313">
     <span class='ocr_line' id='line_1_75' title="bbox 178 3116 1201 3158; baseline 0.005 -11"><span class='ocrx_word' id='word_1_462' title='bbox 178 3117 216 3147; x_wconf 74' lang='lat' dir='ltr'>ht</span> <span class='ocrx_word' id='word_1_463' title='bbox 234 3118 359 3158; x_wconf 77' lang='lat' dir='ltr'>insuper,</span> <span class='ocrx_word' id='word_1_464' title='bbox 376 3120 412 3150; x_wconf 88' lang='lat' dir='ltr'>de</span> <span class='ocrx_word' id='word_1_465' title='bbox 434 3120 558 3151; x_wconf 83' lang='lat' dir='ltr'>uberiori</span> <span class='ocrx_word' id='word_1_466' title='bbox 582 3116 682 3149; x_wconf 67' lang='lat' dir='ltr'>Gratia</span> <span class='ocrx_word' id='word_1_467' title='bbox 702 3117 814 3157; x_wconf 59' lang='lat' dir='ltr'>nostrii,</span> <span class='ocrx_word' id='word_1_468' title='bbox 828 3128 881 3156; x_wconf 87' lang='lat' dir='ltr'>pro</span> <span class='ocrx_word' id='word_1_469' title='bbox 898 3127 935 3149; x_wconf 90' lang='lat' dir='ltr'>eo</span> <span class='ocrx_word' id='word_1_470' title='bbox 971 3120 1030 3151; x_wconf 79' lang='lat' dir='ltr'>uod</span> <span class='ocrx_word' id='word_1_471' title='bbox 1042 3122 1112 3151; x_wconf 85' lang='lat' dir='ltr'>idem</span> <span class='ocrx_word' id='word_1_472' title='bbox 1124 3121 1201 3152; x_wconf 73' lang='lat' dir='ltr'>Pra-</span> 
     </span>
     <span class='ocr_line' id='line_1_76' title="bbox 135 3153 1203 3199; baseline 0.007 -14"><span class='ocrx_word' id='word_1_473' title='bbox 135 3153 228 3199; x_wconf 62' lang='lat' dir='ltr'>jecius</span> <span class='ocrx_word' id='word_1_474' title='bbox 240 3157 376 3189; x_wconf 85' lang='lat' dir='ltr'>omnibus</span> <span class='ocrx_word' id='word_1_475' title='bbox 394 3160 427 3190; x_wconf 70' lang='grc' dir='ltr'>ὃς</span> <span class='ocrx_word' id='word_1_476' title='bbox 442 3158 552 3198; x_wconf 75' lang='lat' dir='ltr'>singulis</span> <span class='ocrx_word' id='word_1_477' title='bbox 565 3156 668 3188; x_wconf 86' lang='lat' dir='ltr'>Verbis</span> <span class='ocrx_word' id='word_1_478' title='bbox 678 3179 687 3195; x_wconf 89' lang='lat'>‚</span> <span class='ocrx_word' id='word_1_479' title='bbox 704 3158 733 3187; x_wconf 92' lang='lat' dir='ltr'>in</span> <span class='ocrx_word' id='word_1_480' title='bbox 746 3157 827 3187; x_wconf 58' lang='lat' dir='ltr'>dietis</span> <span class='ocrx_word' id='word_1_481' title='bbox 840 3155 941 3188; x_wconf 89' lang='lat' dir='ltr'>Literis</span> <span class='ocrx_word' id='word_1_482' title='bbox 981 3159 1068 3191; x_wconf 85' lang='lat' dir='ltr'>ullatis</span> <span class='ocrx_word' id='word_1_483' title='bbox 1081 3170 1203 3193; x_wconf 87' lang='lat' dir='ltr'>conten-</span> 
     </span>
     <span class='ocr_line' id='line_1_77' title="bbox 144 3193 1202 3240; baseline 0.007 -17"><span class='ocrx_word' id='word_1_484' title='bbox 144 3201 194 3240; x_wconf 48' lang='grc' dir='ltr'>(ιε,</span> <span class='ocrx_word' id='word_1_485' title='bbox 211 3194 310 3226; x_wconf 89' lang='lat' dir='ltr'>Nobis</span> <span class='ocrx_word' id='word_1_486' title='bbox 327 3197 361 3228; x_wconf 88' lang='lat'>&amp;</span> <span class='ocrx_word' id='word_1_487' title='bbox 379 3195 510 3227; x_wconf 85' lang='lat' dir='ltr'>Coronae</span> <span class='ocrx_word' id='word_1_488' title='bbox 524 3195 628 3227; x_wconf 90' lang='lat' dir='ltr'>nostrae</span> <span class='ocrx_word' id='word_1_489' title='bbox 643 3193 881 3233; x_wconf 85' lang='lat' dir='ltr'>Praejudicialibus</span> <span class='ocrx_word' id='word_1_490' title='bbox 894 3219 904 3234; x_wconf 91' lang='lat'>,</span> <span class='ocrx_word' id='word_1_491' title='bbox 921 3206 1019 3227; x_wconf 89' lang='lat' dir='ltr'>coram</span> <span class='ocrx_word' id='word_1_492' title='bbox 1040 3198 1139 3229; x_wconf 89' lang='lat' dir='ltr'>Nobis</span> <span class='ocrx_word' id='word_1_493' title='bbox 1155 3210 1202 3237; x_wconf 82' lang='lat' dir='ltr'>pa-</span> 
     </span>
     <span class='ocr_line' id='line_1_78' title="bbox 141 3230 1204 3276; baseline 0.008 -15"><span class='ocrx_word' id='word_1_494' title='bbox 141 3230 198 3276; x_wconf 84' lang='lat' dir='ltr'>lam</span> <span class='ocrx_word' id='word_1_495' title='bbox 213 3233 246 3263; x_wconf 90' lang='lat'>&amp;</span> <span class='ocrx_word' id='word_1_496' title='bbox 261 3234 388 3272; x_wconf 73' lang='lat' dir='ltr'>expresse</span> <span class='ocrx_word' id='word_1_497' title='bbox 404 3235 613 3272; x_wconf 84' lang='lat' dir='ltr'>Renunciavit‚</span> <span class='ocrx_word' id='word_1_498' title='bbox 627 3235 660 3266; x_wconf 93' lang='lat'>&amp;</span> <span class='ocrx_word' id='word_1_499' title='bbox 678 3233 788 3265; x_wconf 85' lang='lat' dir='ltr'>Gratiae</span> <span class='ocrx_word' id='word_1_500' title='bbox 810 3233 914 3265; x_wconf 73' lang='lat' dir='ltr'>nostrae</span> <span class='ocrx_word' id='word_1_501' title='bbox 938 3235 1079 3268; x_wconf 86' lang='lat' dir='ltr'>humiliter</span> <span class='ocrx_word' id='word_1_502' title='bbox 1094 3237 1122 3268; x_wconf 90' lang='lat' dir='ltr'>se</span> <span class='ocrx_word' id='word_1_503' title='bbox 1137 3238 1204 3269; x_wconf 93' lang='lat' dir='ltr'>sub-</span> 
     </span>
     <span class='ocr_line' id='line_1_79' title="bbox 144 3270 964 3313; baseline 0.005 -13"><span class='ocrx_word' id='word_1_504' title='bbox 144 3270 236 3308; x_wconf 79' lang='lat' dir='ltr'>misit,</span> <span class='ocrx_word' id='word_1_505' title='bbox 252 3273 379 3303; x_wconf 83' lang='lat' dir='ltr'>volentes</span> <span class='ocrx_word' id='word_1_506' title='bbox 393 3282 460 3304; x_wconf 88' lang='lat' dir='ltr'>cum</span> <span class='ocrx_word' id='word_1_507' title='bbox 475 3283 511 3304; x_wconf 87' lang='lat' dir='ltr'>eo</span> <span class='ocrx_word' id='word_1_508' title='bbox 528 3274 555 3304; x_wconf 92' lang='lat' dir='ltr'>in</span> <span class='ocrx_word' id='word_1_509' title='bbox 573 3274 626 3303; x_wconf 88' lang='lat' dir='ltr'>hac</span> <span class='ocrx_word' id='word_1_510' title='bbox 642 3281 719 3310; x_wconf 88' lang='lat' dir='ltr'>parte</span> <span class='ocrx_word' id='word_1_511' title='bbox 733 3281 815 3310; x_wconf 83' lang='lat' dir='ltr'>agere</span> <span class='ocrx_word' id='word_1_512' title='bbox 826 3274 964 3313; x_wconf 76' lang='lat' dir='ltr'>gratiose,</span> 
     </span>
    </p>

    <p class='ocr_par' dir='ltr' id='par_1_39' title="bbox 141 3307 1205 3731">
     <span class='ocr_line' id='line_1_80' title="bbox 181 3307 1201 3352; baseline 0.006 -13"><span class='ocrx_word' id='word_1_513' title='bbox 181 3307 316 3348; x_wconf 86' lang='lat' dir='ltr'>Cepimus</span> <span class='ocrx_word' id='word_1_514' title='bbox 328 3310 353 3342; x_wconf 89' lang='lat' dir='ltr'>F</span> <span class='ocrx_word' id='word_1_515' title='bbox 354 3312 504 3343; x_wconf 87' lang='lat' dir='ltr'>idelitatem</span> <span class='ocrx_word' id='word_1_516' title='bbox 517 3311 593 3352; x_wconf 79' lang='lat' dir='ltr'>ipfim</span> <span class='ocrx_word' id='word_1_517' title='bbox 600 3309 726 3350; x_wconf 50' lang='lat' dir='ltr'>pre-felli</span> <span class='ocrx_word' id='word_1_518' title='bbox 734 3334 743 3350; x_wconf 93' lang='lat'>,</span> <span class='ocrx_word' id='word_1_519' title='bbox 761 3313 795 3343; x_wconf 89' lang='lat'>&amp;</span> <span class='ocrx_word' id='word_1_520' title='bbox 809 3313 907 3341; x_wconf 90' lang='lat' dir='ltr'>omnia</span> <span class='ocrx_word' id='word_1_521' title='bbox 919 3312 1102 3350; x_wconf 85' lang='lat' dir='ltr'>Temporalia</span> <span class='ocrx_word' id='word_1_522' title='bbox 1110 3336 1119 3352; x_wconf 90' lang='lat'>,</span> <span class='ocrx_word' id='word_1_523' title='bbox 1128 3313 1201 3345; x_wconf 82' lang='lat' dir='ltr'>Pos-</span> 
     </span>
     <span class='ocr_line' id='line_1_81' title="bbox 142 3345 1201 3393; baseline 0.007 -17"><span class='ocrx_word' id='word_1_524' title='bbox 142 3345 489 3393; x_wconf 41' lang='lat' dir='ltr'>sesfiones‚uRegalitates‚</span> <span class='ocrx_word' id='word_1_525' title='bbox 506 3349 759 3388; x_wconf 68' lang='lat' dir='ltr'>&amp;Jurisdietiones</span> <span class='ocrx_word' id='word_1_526' title='bbox 775 3348 896 3388; x_wconf 88' lang='lat' dir='ltr'>ejusdem</span> <span class='ocrx_word' id='word_1_527' title='bbox 913 3350 1115 3391; x_wconf 71' lang='lat' dir='ltr'>Episcopatus,</span> <span class='ocrx_word' id='word_1_528' title='bbox 1132 3362 1201 3383; x_wconf 92' lang='lat' dir='ltr'>cum</span> 
     </span>
     <span class='ocr_line' id='line_1_82' title="bbox 142 3384 1202 3430; baseline 0.006 -16"><span class='ocrx_word' id='word_1_529' title='bbox 142 3384 319 3430; x_wconf 73' lang='lat' dir='ltr'>Pernnentus</span> <span class='ocrx_word' id='word_1_530' title='bbox 334 3410 344 3426; x_wconf 87' lang='lat'>‚</span> <span class='ocrx_word' id='word_1_531' title='bbox 360 3389 443 3419; x_wconf 84' lang='lat' dir='ltr'>eidem</span> <span class='ocrx_word' id='word_1_532' title='bbox 464 3387 597 3429; x_wconf 61' lang='lat' dir='ltr'>Praffec&#39;t&#39;o</span> <span class='ocrx_word' id='word_1_533' title='bbox 619 3387 827 3426; x_wconf 58' lang='lat' dir='ltr'>Reststustnus,</span> <span class='ocrx_word' id='word_1_534' title='bbox 844 3389 878 3419; x_wconf 89' lang='lat'>&amp;</span> <span class='ocrx_word' id='word_1_535' title='bbox 906 3388 1063 3420; x_wconf 86' lang='lat' dir='ltr'>Licentiam</span> <span class='ocrx_word' id='word_1_536' title='bbox 1088 3390 1202 3422; x_wconf 84' lang='lat' dir='ltr'>Damus</span> 
     </span>
     <span class='ocr_line' id='line_1_83' title="bbox 141 3423 1201 3468; baseline 0.008 -17"><span class='ocrx_word' id='word_1_537' title='bbox 141 3423 224 3467; x_wconf 60' lang='lat' dir='ltr'>etalem</span> <span class='ocrx_word' id='word_1_538' title='bbox 247 3423 377 3468; x_wconf 68' lang='lat' dir='ltr'>Praefift&#39;o</span> <span class='ocrx_word' id='word_1_539' title='bbox 401 3427 482 3465; x_wconf 77' lang='lat' dir='ltr'>quod</span> <span class='ocrx_word' id='word_1_540' title='bbox 504 3427 577 3465; x_wconf 87' lang='lat' dir='ltr'>ipse,</span> <span class='ocrx_word' id='word_1_541' title='bbox 594 3426 696 3465; x_wconf 89' lang='lat' dir='ltr'>absque</span> <span class='ocrx_word' id='word_1_542' title='bbox 712 3426 804 3465; x_wconf 71' lang='lat' dir='ltr'>aliqua</span> <span class='ocrx_word' id='word_1_543' title='bbox 830 3426 1012 3458; x_wconf 88' lang='lat' dir='ltr'>Liberatione</span> <span class='ocrx_word' id='word_1_544' title='bbox 1030 3428 1089 3459; x_wconf 89' lang='lat' dir='ltr'>ullo</span> <span class='ocrx_word' id='word_1_545' title='bbox 1109 3431 1201 3460; x_wconf 88' lang='lat' dir='ltr'>modo</span> 
     </span>
     <span class='ocr_line' id='line_1_84' title="bbox 144 3461 1204 3508; baseline 0.007 -17"><span class='ocrx_word' id='word_1_546' title='bbox 144 3461 221 3491; x_wconf 83' lang='lat' dir='ltr'>aliter</span> <span class='ocrx_word' id='word_1_547' title='bbox 243 3465 432 3501; x_wconf 81' lang='lat' dir='ltr'>prosequenda</span> <span class='ocrx_word' id='word_1_548' title='bbox 449 3465 506 3497; x_wconf 85' lang='lat' dir='ltr'>five</span> <span class='ocrx_word' id='word_1_549' title='bbox 527 3465 635 3505; x_wconf 83' lang='lat' dir='ltr'>fienda,</span> <span class='ocrx_word' id='word_1_550' title='bbox 653 3467 683 3496; x_wconf 89' lang='lat' dir='ltr'>in</span> <span class='ocrx_word' id='word_1_551' title='bbox 699 3466 797 3495; x_wconf 87' lang='lat' dir='ltr'>omnia</span> <span class='ocrx_word' id='word_1_552' title='bbox 818 3466 851 3496; x_wconf 89' lang='lat'>&amp;</span> <span class='ocrx_word' id='word_1_553' title='bbox 872 3465 978 3503; x_wconf 79' lang='lat' dir='ltr'>singula</span> <span class='ocrx_word' id='word_1_554' title='bbox 1001 3465 1204 3508; x_wconf 87' lang='lat' dir='ltr'>Temporalia,</span> 
     </span>
     <span class='ocr_line' id='line_1_85' title="bbox 145 3499 1205 3548; baseline 0.008 -18"><span class='ocrx_word' id='word_1_555' title='bbox 145 3499 349 3544; x_wconf 77' lang='lat' dir='ltr'>Poffesfiones,</span> <span class='ocrx_word' id='word_1_556' title='bbox 368 3501 552 3548; x_wconf 55' lang='lat' dir='ltr'>Regalitates,</span> <span class='ocrx_word' id='word_1_557' title='bbox 570 3505 604 3536; x_wconf 67' lang='grc' dir='ltr'>ὃς</span> <span class='ocrx_word' id='word_1_558' title='bbox 626 3503 836 3542; x_wconf 62' lang='lat' dir='ltr'>jurisdictiones</span> <span class='ocrx_word' id='word_1_559' title='bbox 855 3504 978 3542; x_wconf 88' lang='lat' dir='ltr'>ejusdem</span> <span class='ocrx_word' id='word_1_560' title='bbox 1002 3503 1205 3545; x_wconf 64' lang='lat' dir='ltr'>Episcopatus,</span> 
     </span>
     <span class='ocr_line' id='line_1_86' title="bbox 143 3537 1205 3584; baseline 0.007 -15"><span class='ocrx_word' id='word_1_561' title='bbox 143 3547 214 3583; x_wconf 79' lang='lat' dir='ltr'>cum</span> <span class='ocrx_word' id='word_1_562' title='bbox 230 3537 426 3584; x_wconf 71' lang='lat' dir='ltr'>Pernnenrus,</span> <span class='ocrx_word' id='word_1_563' title='bbox 443 3543 676 3581; x_wconf 76' lang='lat' dir='ltr'>ingredi,intrare</span> <span class='ocrx_word' id='word_1_564' title='bbox 687 3552 721 3574; x_wconf 90' lang='lat' dir='ltr'>ac</span> <span class='ocrx_word' id='word_1_565' title='bbox 737 3541 944 3573; x_wconf 66' lang='lat' dir='ltr'>possessionem</span> <span class='ocrx_word' id='word_1_566' title='bbox 960 3544 994 3574; x_wconf 89' lang='lat'>&amp;</span> <span class='ocrx_word' id='word_1_567' title='bbox 1009 3543 1126 3574; x_wconf 87' lang='lat' dir='ltr'>liberam</span> <span class='ocrx_word' id='word_1_568' title='bbox 1145 3545 1205 3576; x_wconf 88' lang='lat' dir='ltr'>Ad-</span> 
     </span>
     <span class='ocr_line' id='line_1_87' title="bbox 144 3575 1203 3623; baseline 0.008 -16"><span class='ocrx_word' id='word_1_569' title='bbox 144 3575 382 3620; x_wconf 76' lang='lat' dir='ltr'>ministrationem</span> <span class='ocrx_word' id='word_1_570' title='bbox 400 3579 468 3622; x_wconf 75' lang='lat' dir='ltr'>inde</span> <span class='ocrx_word' id='word_1_571' title='bbox 490 3582 618 3618; x_wconf 83' lang='lat' dir='ltr'>optinere</span> <span class='ocrx_word' id='word_1_572' title='bbox 640 3580 742 3611; x_wconf 86' lang='lat' dir='ltr'>habere</span> <span class='ocrx_word' id='word_1_573' title='bbox 764 3581 798 3612; x_wconf 68' lang='grc' dir='ltr'>ὃ(</span> <span class='ocrx_word' id='word_1_574' title='bbox 821 3580 942 3619; x_wconf 87' lang='lat' dir='ltr'>gaudere</span> <span class='ocrx_word' id='word_1_575' title='bbox 962 3582 1078 3622; x_wconf 82' lang='lat' dir='ltr'>valeat,</span> <span class='ocrx_word' id='word_1_576' title='bbox 1102 3584 1203 3623; x_wconf 83' lang='lat' dir='ltr'>absque</span> 
     </span>
     <span class='ocr_line' id='line_1_88' title="bbox 143 3614 1205 3660; baseline 0.007 -14"><span class='ocrx_word' id='word_1_577' title='bbox 143 3614 327 3660; x_wconf 77' lang='lat' dir='ltr'>Imperitione</span> <span class='ocrx_word' id='word_1_578' title='bbox 342 3615 448 3659; x_wconf 68' lang='lat' dir='ltr'>Nostri</span> <span class='ocrx_word' id='word_1_579' title='bbox 462 3625 509 3648; x_wconf 88' lang='lat' dir='ltr'>aut</span> <span class='ocrx_word' id='word_1_580' title='bbox 522 3618 680 3649; x_wconf 84' lang='lat' dir='ltr'>i-laeredum</span> <span class='ocrx_word' id='word_1_581' title='bbox 701 3618 884 3657; x_wconf 87' lang='lat' dir='ltr'>nostrorum,</span> <span class='ocrx_word' id='word_1_582' title='bbox 903 3618 1101 3660; x_wconf 63' lang='lat' dir='ltr'>maerorum,</span> <span class='ocrx_word' id='word_1_583' title='bbox 1118 3622 1205 3653; x_wconf 88' lang='lat' dir='ltr'>Vice-</span> 
     </span>
     <span class='ocr_line' id='line_1_89' title="bbox 142 3652 1205 3691; baseline 0.006 -6"><span class='ocrx_word' id='word_1_584' title='bbox 142 3662 307 3691; x_wconf 81' lang='lat' dir='ltr'>comitum,</span> <span class='ocrx_word' id='word_1_585' title='bbox 326 3652 372 3684; x_wconf 89' lang='lat' dir='ltr'>seu</span> <span class='ocrx_word' id='word_1_586' title='bbox 386 3653 506 3685; x_wconf 80' lang='lat' dir='ltr'>aliorum</span> <span class='ocrx_word' id='word_1_587' title='bbox 525 3655 741 3688; x_wconf 73' lang='lat' dir='ltr'>officiariorum</span> <span class='ocrx_word' id='word_1_588' title='bbox 759 3665 808 3688; x_wconf 88' lang='lat' dir='ltr'>aut</span> <span class='ocrx_word' id='word_1_589' title='bbox 825 3655 1026 3688; x_wconf 88' lang='lat' dir='ltr'>Ministrorum</span> <span class='ocrx_word' id='word_1_590' title='bbox 1041 3662 1205 3691; x_wconf 80' lang='lat' dir='ltr'>nostrorum</span> 
     </span>
     <span class='ocr_line' id='line_1_90' title="bbox 143 3700 413 3731; baseline -0.007 -8"><span class='ocrx_word' id='word_1_591' title='bbox 143 3700 413 3731; x_wconf 67' lang='lat' dir='ltr'>quorumcumque,</span> 
     </span>
    </p>

    <p class='ocr_par' dir='ltr' id='par_1_40' title="bbox 144 3729 1210 3890">
     <span class='ocr_line' id='line_1_91' title="bbox 184 3729 1195 3768; baseline 0.006 -7"><span class='ocrx_word' id='word_1_592' title='bbox 184 3730 231 3761; x_wconf 90' lang='lat' dir='ltr'>Eo</span> <span class='ocrx_word' id='word_1_593' title='bbox 245 3730 325 3768; x_wconf 78' lang='lat' dir='ltr'>quod</span> <span class='ocrx_word' id='word_1_594' title='bbox 342 3729 467 3768; x_wconf 75' lang='lat' dir='ltr'>expressa</span> <span class='ocrx_word' id='word_1_595' title='bbox 484 3732 593 3761; x_wconf 89' lang='lat' dir='ltr'>mentio</span> <span class='ocrx_word' id='word_1_596' title='bbox 612 3731 648 3762; x_wconf 89' lang='lat' dir='ltr'>de</span> <span class='ocrx_word' id='word_1_597' title='bbox 661 3741 732 3762; x_wconf 84' lang='lat' dir='ltr'>vero</span> <span class='ocrx_word' id='word_1_598' title='bbox 748 3731 855 3762; x_wconf 82' lang='lat' dir='ltr'>Valore</span> <span class='ocrx_word' id='word_1_599' title='bbox 870 3742 965 3763; x_wconf 88' lang='lat' dir='ltr'>annuo</span> <span class='ocrx_word' id='word_1_600' title='bbox 980 3733 1195 3767; x_wconf 81' lang='lat' dir='ltr'>Praemifforum</span> 
     </span>
     <span class='ocr_line' id='line_1_92' title="bbox 144 3761 1209 3812; baseline 0.004 -12"><span class='ocrx_word' id='word_1_601' title='bbox 144 3777 192 3800; x_wconf 87' lang='lat' dir='ltr'>aut</span> <span class='ocrx_word' id='word_1_602' title='bbox 204 3770 241 3800; x_wconf 87' lang='lat' dir='ltr'>de</span> <span class='ocrx_word' id='word_1_603' title='bbox 256 3769 313 3799; x_wconf 87' lang='lat' dir='ltr'>aliis</span> <span class='ocrx_word' id='word_1_604' title='bbox 326 3767 422 3799; x_wconf 88' lang='lat' dir='ltr'>Donis</span> <span class='ocrx_word' id='word_1_605' title='bbox 438 3769 472 3800; x_wconf 92' lang='lat'>&amp;</span> <span class='ocrx_word' id='word_1_606' title='bbox 489 3767 729 3799; x_wconf 74' lang='lat' dir='ltr'>concessionibus</span> <span class='ocrx_word' id='word_1_607' title='bbox 742 3779 791 3806; x_wconf 90' lang='lat' dir='ltr'>per</span> <span class='ocrx_word' id='word_1_608' title='bbox 807 3768 876 3799; x_wconf 89' lang='lat' dir='ltr'>Nos</span> <span class='ocrx_word' id='word_1_609' title='bbox 891 3771 973 3800; x_wconf 86' lang='lat' dir='ltr'>eidem</span> <span class='ocrx_word' id='word_1_610' title='bbox 988 3772 1121 3812; x_wconf 70' lang='lat' dir='ltr'>Praefec‘i‘o</span> <span class='ocrx_word' id='word_1_611' title='bbox 1143 3761 1209 3806; x_wconf 62' lang='lat' dir='ltr'>ante,</span> 
     </span>
     <span class='ocr_line' id='line_1_93' title="bbox 146 3806 1206 3851; baseline 0.005 -13"><span class='ocrx_word' id='word_1_612' title='bbox 146 3806 210 3838; x_wconf 87' lang='lat' dir='ltr'>haec</span> <span class='ocrx_word' id='word_1_613' title='bbox 222 3816 353 3846; x_wconf 89' lang='lat' dir='ltr'>tempora</span> <span class='ocrx_word' id='word_1_614' title='bbox 370 3806 467 3846; x_wconf 69' lang='lat' dir='ltr'>faffls,</span> <span class='ocrx_word' id='word_1_615' title='bbox 484 3807 514 3836; x_wconf 90' lang='lat' dir='ltr'>in</span> <span class='ocrx_word' id='word_1_616' title='bbox 530 3806 709 3846; x_wconf 72' lang='lat' dir='ltr'>praesentibus</span> <span class='ocrx_word' id='word_1_617' title='bbox 724 3807 799 3837; x_wconf 64' lang='lat' dir='ltr'>facia</span> <span class='ocrx_word' id='word_1_618' title='bbox 812 3817 871 3837; x_wconf 90' lang='lat' dir='ltr'>non</span> <span class='ocrx_word' id='word_1_619' title='bbox 890 3809 979 3839; x_wconf 86' lang='lat' dir='ltr'>existit</span> <span class='ocrx_word' id='word_1_620' title='bbox 1011 3820 1057 3841; x_wconf 82' lang='lat' dir='ltr'>aut</span> <span class='ocrx_word' id='word_1_621' title='bbox 1072 3814 1167 3851; x_wconf 87' lang='lat' dir='ltr'>aliquo</span> <span class='ocrx_word' id='word_1_622' title='bbox 1191 3817 1206 3833; x_wconf 66' lang='lat'>⁸</span> 
     </span>
     <span class='ocr_line' id='line_1_94' title="bbox 148 3844 1210 3890; baseline 0.006 -14"><span class='ocrx_word' id='word_1_623' title='bbox 148 3845 258 3876; x_wconf 87' lang='lat' dir='ltr'>Statuto</span> <span class='ocrx_word' id='word_1_624' title='bbox 273 3869 283 3884; x_wconf 96' lang='lat'>,</span> <span class='ocrx_word' id='word_1_625' title='bbox 302 3845 378 3876; x_wconf 64' lang='lat' dir='ltr'>Actu</span> <span class='ocrx_word' id='word_1_626' title='bbox 395 3868 404 3883; x_wconf 88' lang='lat'>,</span> <span class='ocrx_word' id='word_1_627' title='bbox 423 3844 628 3883; x_wconf 83' lang='lat' dir='ltr'>ordinatione,</span> <span class='ocrx_word' id='word_1_628' title='bbox 646 3844 813 3875; x_wconf 81' lang='lat' dir='ltr'>Provisione</span> <span class='ocrx_word' id='word_1_629' title='bbox 828 3867 839 3883; x_wconf 88' lang='lat'>,</span> <span class='ocrx_word' id='word_1_630' title='bbox 857 3845 903 3877; x_wconf 89' lang='lat' dir='ltr'>seu</span> <span class='ocrx_word' id='word_1_631' title='bbox 925 3846 972 3877; x_wconf 91' lang='lat' dir='ltr'>Re</span> <span class='ocrx_word' id='word_1_632' title='bbox 1000 3849 1120 3881; x_wconf 65' lang='lat' dir='ltr'>tidtione</span> <span class='ocrx_word' id='word_1_633' title='bbox 1142 3862 1210 3890; x_wconf 88' lang='lat' dir='ltr'>qua-</span> 
     </span>
    </p>
   </div>
   <div class='ocr_carea' id='block_1_24' title="bbox 150 3882 1210 3953">
    <p class='ocr_par' dir='ltr' id='par_1_41' title="bbox 150 3882 1210 3953">
     <span class='ocr_line' id='line_1_95' title="bbox 150 3882 1210 3953; baseline 0.008 -40"><span class='ocrx_word' id='word_1_634' title='bbox 150 3892 292 3953; x_wconf 55' lang='lat' dir='ltr'>ffimqge,</span> <span class='ocrx_word' id='word_1_635' title='bbox 307 3893 371 3916; x_wconf 90' lang='lat' dir='ltr'>ante</span> <span class='ocrx_word' id='word_1_636' title='bbox 388 3884 452 3915; x_wconf 85' lang='lat' dir='ltr'>haec</span> <span class='ocrx_word' id='word_1_637' title='bbox 471 3891 602 3922; x_wconf 85' lang='lat' dir='ltr'>tempora</span> <span class='ocrx_word' id='word_1_638' title='bbox 624 3883 720 3922; x_wconf 68' lang='lat' dir='ltr'>factis,</span> <span class='ocrx_word' id='word_1_639' title='bbox 737 3882 835 3921; x_wconf 85' lang='lat' dir='ltr'>editis,</span> <span class='ocrx_word' id='word_1_640' title='bbox 850 3883 896 3915; x_wconf 89' lang='lat' dir='ltr'>seu</span> <span class='ocrx_word' id='word_1_641' title='bbox 915 3886 1033 3923; x_wconf 73' lang='lat' dir='ltr'>provisis</span> <span class='ocrx_word' id='word_1_642' title='bbox 1045 3911 1055 3926; x_wconf 86' lang='lat'>,</span> <span class='ocrx_word' id='word_1_643' title='bbox 1070 3897 1131 3920; x_wconf 87' lang='lat' dir='ltr'>non</span> <span class='ocrx_word' id='word_1_644' title='bbox 1154 3891 1210 3921; x_wconf 88' lang='lat' dir='ltr'>ob-</span> 
     </span>
     <span class='ocr_line' id='line_1_96' title="bbox 196 3930 299 3952; baseline 0.01 -1"><span class='ocrx_word' id='word_1_645' title='bbox 196 3930 237 3951; x_wconf 84' lang='lat' dir='ltr'>nu</span> <span class='ocrx_word' id='word_1_646' title='bbox 259 3933 299 3952; x_wconf 77' lang='lat' dir='ltr'>us.</span> 
     </span>
    </p>
   </div>
   <div class='ocr_carea' id='block_1_25' title="bbox 188 3958 1211 4039">
    <p class='ocr_par' dir='ltr' id='par_1_42' title="bbox 188 3958 1211 4039">
     <span class='ocr_line' id='line_1_97' title="bbox 188 3958 1211 4039; baseline 0.008 -11"><span class='ocrx_word' id='word_1_647' title='bbox 188 3958 465 4038; x_wconf 38' lang='lat' dir='ltr'>ssesttgki&#39;steggcapud</span> <span class='ocrx_word' id='word_1_648' title='bbox 473 3996 745 4039; x_wconf 73' lang='lat' dir='ltr'>Wstmonasterium,</span> <span class='ocrx_word' id='word_1_649' title='bbox 758 3995 873 4029; x_wconf 88' lang='lat' dir='ltr'>decimo</span> <span class='ocrx_word' id='word_1_650' title='bbox 887 4008 987 4038; x_wconf 82' lang='lat' dir='ltr'>quarto</span> <span class='ocrx_word' id='word_1_651' title='bbox 1001 3999 1048 4032; x_wconf 88' lang='lat' dir='ltr'>die</span> <span class='ocrx_word' id='word_1_652' title='bbox 1063 4002 1211 4036; x_wconf 63' lang='lat' dir='ltr'>Octobris.</span> 
     </span>
    </p>
   </div>
   <div class='ocr_carea' id='block_1_26' title="bbox 138 4084 1105 4163">
    <p class='ocr_par' dir='ltr' id='par_1_43' title="bbox 138 4084 1105 4163">
     <span class='ocr_line' id='line_1_98' title="bbox 655 4084 1105 4127; baseline 0.013 -14"><span class='ocrx_word' id='word_1_653' title='bbox 655 4085 707 4113; x_wconf 83' lang='lat' dir='ltr'>Per</span> <span class='ocrx_word' id='word_1_654' title='bbox 721 4085 814 4115; x_wconf 84' lang='lat' dir='ltr'>Breve</span> <span class='ocrx_word' id='word_1_655' title='bbox 828 4084 861 4116; x_wconf 80' lang='lat' dir='ltr'>de</span> <span class='ocrx_word' id='word_1_656' title='bbox 874 4087 994 4118; x_wconf 80' lang='lat' dir='ltr'>Privato</span> <span class='ocrx_word' id='word_1_657' title='bbox 1005 4087 1105 4127; x_wconf 75' lang='lat' dir='ltr'>Sigillv.</span> 
     </span>
     <span class='ocr_line' id='line_1_99' title="bbox 138 4124 439 4163; baseline 0 -10"><span class='ocrx_word' id='word_1_658' title='bbox 138 4160 142 4163; x_wconf 17' lang='grc' dir='ltr'><strong><em>γ</em></strong></span> <span class='ocrx_word' id='word_1_659' title='bbox 183 4125 257 4155; x_wconf 77' lang='lat' dir='ltr'>Tam.</span> <span class='ocrx_word' id='word_1_660' title='bbox 276 4124 307 4153; x_wconf 83' lang='lat' dir='ltr'>V.</span> <span class='ocrx_word' id='word_1_661' title='bbox 326 4124 359 4153; x_wconf 82' lang='grc' dir='ltr'>Ρ.</span> <span class='ocrx_word' id='word_1_662' title='bbox 380 4125 439 4154; x_wconf 80' lang='grc' dir='ltr'><em>ΙΙΙ.</em></span> 
     </span>
    </p>
   </div>
   <div class='ocr_carea' id='block_1_27' title="bbox 2211 192 2258 236">
    <p class='ocr_par' dir='ltr' id='par_1_44' title="bbox 2211 192 2258 236">
     <span class='ocr_line' id='line_1_100' title="bbox 2211 192 2258 236; baseline 0.043 -2"><span class='ocrx_word' id='word_1_663' title='bbox 2211 192 2258 236; x_wconf 83' lang='lat'>73</span> 
     </span>
    </p>
   </div>
   <div class='ocr_carea' id='block_1_28' title="bbox 2285 295 2413 327">
    <p class='ocr_par' dir='ltr' id='par_1_45' title="bbox 2285 295 2413 327">
     <span class='ocr_line' id='line_1_101' title="bbox 2285 295 2413 327; baseline -0.016 -1"><span class='ocrx_word' id='word_1_664' title='bbox 2285 295 2362 326; x_wconf 89' lang='lat' dir='ltr'>Arm.</span> <span class='ocrx_word' id='word_1_665' title='bbox 2374 296 2413 327; x_wconf 90' lang='lat' dir='ltr'>D.</span> 
     </span>
    </p>
   </div>
   <div class='ocr_carea' id='block_1_29' title="bbox 2282 337 2397 410">
    <p class='ocr_par' dir='ltr' id='par_1_46' title="bbox 2282 337 2397 410">
     <span class='ocr_line' id='line_1_102' title="bbox 2309 337 2394 373; baseline 0.024 -11"><span class='ocrx_word' id='word_1_666' title='bbox 2309 337 2394 373; x_wconf 48' lang='lat'>¹47⁶*</span> 
     </span>
     <span class='ocr_line' id='line_1_103' title="bbox 2282 376 2397 410; baseline 0.009 -9"><span class='ocrx_word' id='word_1_667' title='bbox 2282 376 2351 401; x_wconf 55' lang='lat' dir='ltr'>Ede.</span> <span class='ocrx_word' id='word_1_668' title='bbox 2369 385 2397 410; x_wconf 71' lang='lat'>4.</span> 
     </span>
    </p>
   </div>
   <div class='ocr_carea' id='block_1_30' title="bbox 1203 438 2417 2242">
    <p class='ocr_par' dir='ltr' id='par_1_47' title="bbox 1207 438 2397 515">
     <span class='ocr_line' id='line_1_104' title="bbox 1207 438 2397 495; baseline -0.003 -25"><span class='ocrx_word' id='word_1_669' title='bbox 1207 438 1324 495; x_wconf 78' lang='lat' dir='ltr'>REX</span> <span class='ocrx_word' id='word_1_670' title='bbox 1340 439 1493 475; x_wconf 89' lang='lat' dir='ltr'>omnibus,</span> <span class='ocrx_word' id='word_1_671' title='bbox 1514 438 1546 468; x_wconf 86' lang='lat' dir='ltr'>ad</span> <span class='ocrx_word' id='word_1_672' title='bbox 1562 448 1649 476; x_wconf 78' lang='lat' dir='ltr'>quos,</span> <span class='ocrx_word' id='word_1_673' title='bbox 1666 440 1727 470; x_wconf 87' lang='lat' dir='ltr'>&amp;c.</span> <span class='ocrx_word' id='word_1_674' title='bbox 1746 440 1879 470; x_wconf 90' lang='lat' dir='ltr'>Salutem.</span> <span class='ocrx_word' id='word_1_675' title='bbox 2282 443 2333 466; x_wconf 75' lang='lat' dir='ltr'>An.</span> <span class='ocrx_word' id='word_1_676' title='bbox 2355 441 2397 469; x_wconf 84' lang='lat'>16.</span> 
     </span>
     <span class='ocr_line' id='line_1_105' title="bbox 1303 476 2366 515; baseline 0 -9"><span class='ocrx_word' id='word_1_677' title='bbox 1303 478 1471 514; x_wconf 83' lang='lat' dir='ltr'>Quoniam,</span> <span class='ocrx_word' id='word_1_678' title='bbox 1490 478 1560 506; x_wconf 89' lang='lat' dir='ltr'>inter</span> <span class='ocrx_word' id='word_1_679' title='bbox 1575 486 1675 507; x_wconf 77' lang='lat' dir='ltr'>omnes</span> <span class='ocrx_word' id='word_1_680' title='bbox 1688 479 1828 514; x_wconf 77' lang='lat' dir='ltr'>praeclaras</span> <span class='ocrx_word' id='word_1_681' title='bbox 1843 477 2005 515; x_wconf 85' lang='lat' dir='ltr'>Amicitias,</span> <span class='ocrx_word' id='word_1_682' title='bbox 2025 476 2258 509; x_wconf 75' lang='lat' dir='ltr'>confoederatio-</span> <span class='ocrx_word' id='word_1_683' title='bbox 2284 481 2310 503; x_wconf 78' lang='grc' dir='ltr'>Ξ.</span> <span class='ocrx_word' id='word_1_684' title='bbox 2338 488 2366 512; x_wconf 82' lang='lat'>4.</span> 
     </span>
    </p>

    <p class='ocr_par' dir='ltr' id='par_1_48' title="bbox 1204 513 2417 555">
     <span class='ocr_line' id='line_1_106' title="bbox 1204 513 2417 555; baseline 0.001 -10"><span class='ocrx_word' id='word_1_685' title='bbox 1204 520 1269 552; x_wconf 82' lang='lat' dir='ltr'>nes,</span> <span class='ocrx_word' id='word_1_686' title='bbox 1287 517 1320 552; x_wconf 88' lang='lat'>&amp;</span> <span class='ocrx_word' id='word_1_687' title='bbox 1336 515 1553 552; x_wconf 74' lang='lat' dir='ltr'>intelligentias,</span> <span class='ocrx_word' id='word_1_688' title='bbox 1571 524 1637 552; x_wconf 85' lang='lat' dir='ltr'>quas</span> <span class='ocrx_word' id='word_1_689' title='bbox 1658 525 1726 545; x_wconf 87' lang='lat' dir='ltr'>curn</span> <span class='ocrx_word' id='word_1_690' title='bbox 1749 516 1889 546; x_wconf 79' lang='lat' dir='ltr'>nonnullis</span> <span class='ocrx_word' id='word_1_691' title='bbox 1906 513 2048 553; x_wconf 73' lang='lat' dir='ltr'>Regibus,</span> <span class='ocrx_word' id='word_1_692' title='bbox 2063 516 2259 555; x_wconf 81' lang='lat' dir='ltr'>Principibus,-</span> <span class='ocrx_word' id='word_1_693' title='bbox 2281 516 2417 546; x_wconf 72' lang='lat' dir='ltr'>Franc.t6.</span> 
     </span>
    </p>

    <p class='ocr_par' dir='ltr' id='par_1_49' title="bbox 1203 553 2416 593">
     <span class='ocr_line' id='line_1_107' title="bbox 1203 553 2416 593; baseline 0 -8"><span class='ocrx_word' id='word_1_694' title='bbox 1203 554 1238 585; x_wconf 90' lang='lat'>&amp;</span> <span class='ocrx_word' id='word_1_695' title='bbox 1262 553 1523 584; x_wconf 87' lang='lat' dir='ltr'>Communitatibus</span> <span class='ocrx_word' id='word_1_696' title='bbox 1546 554 1680 582; x_wconf 86' lang='lat' dir='ltr'>habemus</span> <span class='ocrx_word' id='word_1_697' title='bbox 1694 577 1704 590; x_wconf 78' lang='lat'>‚</span> <span class='ocrx_word' id='word_1_698' title='bbox 1727 554 1800 583; x_wconf 86' lang='lat' dir='ltr'>nulla</span> <span class='ocrx_word' id='word_1_699' title='bbox 1825 553 1888 589; x_wconf 75' lang='lat' dir='ltr'>est,</span> <span class='ocrx_word' id='word_1_700' title='bbox 1915 554 1961 583; x_wconf 73' lang='lat' dir='ltr'>cui</span> <span class='ocrx_word' id='word_1_701' title='bbox 1990 555 2075 590; x_wconf 69' lang='lat' dir='ltr'>magis</span> <span class='ocrx_word' id='word_1_702' title='bbox 2098 555 2259 593; x_wconf 83' lang='lat' dir='ltr'>afficimur,</span> <span class='ocrx_word' id='word_1_703' title='bbox 2280 559 2309 582; x_wconf 78' lang='grc' dir='ltr'>Ε.</span> <span class='ocrx_word' id='word_1_704' title='bbox 2329 564 2359 591; x_wconf 83' lang='lat'>4.</span> <span class='ocrx_word' id='word_1_705' title='bbox 2380 565 2416 585; x_wconf 79' lang='lat' dir='ltr'>m,</span> 
     </span>
    </p>

    <p class='ocr_par' dir='ltr' id='par_1_50' title="bbox 1203 590 2311 630">
     <span class='ocr_line' id='line_1_108' title="bbox 1203 590 2311 630; baseline 0.002 -8"><span class='ocrx_word' id='word_1_706' title='bbox 1203 592 1290 629; x_wconf 76' lang='lat' dir='ltr'>quam</span> <span class='ocrx_word' id='word_1_707' title='bbox 1312 593 1337 622; x_wconf 89' lang='lat' dir='ltr'>ei</span> <span class='ocrx_word' id='word_1_708' title='bbox 1361 599 1448 630; x_wconf 88' lang='lat' dir='ltr'>quam</span> <span class='ocrx_word' id='word_1_709' title='bbox 1467 600 1555 629; x_wconf 86' lang='lat' dir='ltr'>cum,</span> <span class='ocrx_word' id='word_1_710' title='bbox 1572 590 1754 621; x_wconf 85' lang='lat' dir='ltr'>Serenisfimo</span> <span class='ocrx_word' id='word_1_711' title='bbox 1776 592 1907 630; x_wconf 87' lang='lat' dir='ltr'>Principe</span> <span class='ocrx_word' id='word_1_712' title='bbox 1927 591 2020 621; x_wconf 79' lang='lat' dir='ltr'>Fratre</span> <span class='ocrx_word' id='word_1_713' title='bbox 2035 592 2067 621; x_wconf 63' lang='grc' dir='ltr'>ὃς</span> <span class='ocrx_word' id='word_1_714' title='bbox 2083 591 2259 630; x_wconf 67' lang='lat' dir='ltr'>Crini-‘angui-</span> <span class='ocrx_word' id='word_1_715' title='bbox 2284 603 2311 629; x_wconf 88' lang='lat'>7.</span> 
     </span>
    </p>

    <p class='ocr_par' dir='ltr' id='par_1_51' title="bbox 1203 628 2260 666">
     <span class='ocr_line' id='line_1_109' title="bbox 1203 628 2260 666; baseline -0.005 -6"><span class='ocrx_word' id='word_1_716' title='bbox 1203 640 1261 660; x_wconf 92' lang='lat' dir='ltr'>neo</span> <span class='ocrx_word' id='word_1_717' title='bbox 1278 631 1376 661; x_wconf 86' lang='lat' dir='ltr'>nostro</span> <span class='ocrx_word' id='word_1_718' title='bbox 1391 630 1549 666; x_wconf 82' lang='lat' dir='ltr'>carissimo,</span> <span class='ocrx_word' id='word_1_719' title='bbox 1568 629 1738 658; x_wconf 79' lang='lat' dir='ltr'>Ferdinando</span> <span class='ocrx_word' id='word_1_720' title='bbox 1752 628 1871 666; x_wconf 81' lang='lat' dir='ltr'>Castellae</span> <span class='ocrx_word' id='word_1_721' title='bbox 1887 629 1925 664; x_wconf 67' lang='lat' dir='ltr'>&lt;ly</span> <span class='ocrx_word' id='word_1_722' title='bbox 1940 632 2086 666; x_wconf 75' lang='lat' dir='ltr'>Legionum</span> <span class='ocrx_word' id='word_1_723' title='bbox 2107 630 2143 664; x_wconf 58' lang='grc' dir='ltr'>ό»</span> <span class='ocrx_word' id='word_1_724' title='bbox 2165 630 2260 661; x_wconf 74' lang='lat' dir='ltr'>Siciliae</span> 
     </span>
    </p>

    <p class='ocr_par' dir='ltr' id='par_1_52' title="bbox 1204 667 2261 708">
     <span class='ocr_line' id='line_1_110' title="bbox 1204 667 2261 708; baseline 0.002 -10"><span class='ocrx_word' id='word_1_725' title='bbox 1204 671 1293 708; x_wconf 83' lang='lat' dir='ltr'>Rege,</span> <span class='ocrx_word' id='word_1_726' title='bbox 1312 670 1442 706; x_wconf 85' lang='lat' dir='ltr'>Principe</span> <span class='ocrx_word' id='word_1_727' title='bbox 1462 669 1496 699; x_wconf 69' lang='grc' dir='ltr'>ὃ(</span> <span class='ocrx_word' id='word_1_728' title='bbox 1519 668 1718 706; x_wconf 86' lang='lat' dir='ltr'>Primogenito</span> <span class='ocrx_word' id='word_1_729' title='bbox 1738 667 1919 705; x_wconf 80' lang='lat' dir='ltr'>Arragonum</span> <span class='ocrx_word' id='word_1_730' title='bbox 1934 667 2148 706; x_wconf 85' lang='lat' dir='ltr'>Potentislimo,</span> <span class='ocrx_word' id='word_1_731' title='bbox 2163 669 2261 700; x_wconf 83' lang='lat' dir='ltr'>Tene-</span> 
     </span>
    </p>

    <p class='ocr_par' dir='ltr' id='par_1_53' title="bbox 1207 706 1643 744">
     <span class='ocr_line' id='line_1_111' title="bbox 1207 706 1643 744; baseline -0.005 -7"><span class='ocrx_word' id='word_1_732' title='bbox 1207 717 1271 737; x_wconf 88' lang='lat' dir='ltr'>mus</span> <span class='ocrx_word' id='word_1_733' title='bbox 1288 708 1375 738; x_wconf 86' lang='lat' dir='ltr'>indies</span> <span class='ocrx_word' id='word_1_734' title='bbox 1387 708 1419 738; x_wconf 87' lang='lat'>&amp;</span> <span class='ocrx_word' id='word_1_735' title='bbox 1434 706 1643 744; x_wconf 85' lang='lat' dir='ltr'>Observamus,</span> 
     </span>
    </p>

    <p class='ocr_par' dir='ltr' id='par_1_54' title="bbox 1243 744 1584 783">
     <span class='ocr_line' id='line_1_112' title="bbox 1243 744 1584 783; baseline -0.006 -7"><span class='ocrx_word' id='word_1_736' title='bbox 1243 746 1324 776; x_wconf 91' lang='lat' dir='ltr'>Hinc</span> <span class='ocrx_word' id='word_1_737' title='bbox 1338 746 1380 776; x_wconf 90' lang='lat' dir='ltr'>est</span> <span class='ocrx_word' id='word_1_738' title='bbox 1398 744 1477 783; x_wconf 83' lang='lat' dir='ltr'>quod</span> <span class='ocrx_word' id='word_1_739' title='bbox 1497 745 1584 783; x_wconf 90' lang='lat' dir='ltr'>Nos,</span> 
     </span>
    </p>

    <p class='ocr_par' dir='ltr' id='par_1_55' title="bbox 1206 780 2273 1015">
     <span class='ocr_line' id='line_1_113' title="bbox 1243 780 2261 821; baseline -0.002 -6"><span class='ocrx_word' id='word_1_740' title='bbox 1243 783 1380 815; x_wconf 86' lang='lat' dir='ltr'>Volenres</span> <span class='ocrx_word' id='word_1_741' title='bbox 1409 784 1573 814; x_wconf 86' lang='lat' dir='ltr'>Amicitiam</span> <span class='ocrx_word' id='word_1_742' title='bbox 1588 805 1597 819; x_wconf 86' lang='lat'><em>‚</em></span> <span class='ocrx_word' id='word_1_743' title='bbox 1625 781 1914 812; x_wconf 88' lang='lat' dir='ltr'>Confoedetationem</span> <span class='ocrx_word' id='word_1_744' title='bbox 1929 803 1938 818; x_wconf 92' lang='lat'>‚</span> <span class='ocrx_word' id='word_1_745' title='bbox 1961 781 1994 812; x_wconf 90' lang='lat'>&amp;</span> <span class='ocrx_word' id='word_1_746' title='bbox 2023 780 2235 819; x_wconf 78' lang='lat' dir='ltr'>Intelligentiam</span> <span class='ocrx_word' id='word_1_747' title='bbox 2252 806 2261 821; x_wconf 85' lang='lat'>,</span> 
     </span>
     <span class='ocr_line' id='line_1_114' title="bbox 1206 817 2263 861; baseline -0.004 -7"><span class='ocrx_word' id='word_1_748' title='bbox 1206 833 1276 854; x_wconf 90' lang='lat' dir='ltr'>cum</span> <span class='ocrx_word' id='word_1_749' title='bbox 1294 822 1433 861; x_wconf 62' lang='lat' dir='ltr'>praedisto</span> <span class='ocrx_word' id='word_1_750' title='bbox 1445 825 1513 859; x_wconf 80' lang='lat' dir='ltr'>Rege</span> <span class='ocrx_word' id='word_1_751' title='bbox 1521 821 1692 851; x_wconf 84' lang='lat' dir='ltr'>Ferdinando</span> <span class='ocrx_word' id='word_1_752' title='bbox 1712 820 1816 851; x_wconf 84' lang='lat' dir='ltr'>habitas</span> <span class='ocrx_word' id='word_1_753' title='bbox 1826 842 1836 857; x_wconf 81' lang='lat'>,</span> <span class='ocrx_word' id='word_1_754' title='bbox 1854 829 1915 849; x_wconf 92' lang='lat' dir='ltr'>non</span> <span class='ocrx_word' id='word_1_755' title='bbox 1930 817 1988 849; x_wconf 68' lang='lat' dir='ltr'>tam</span> <span class='ocrx_word' id='word_1_756' title='bbox 2003 817 2038 849; x_wconf 89' lang='lat' dir='ltr'>de</span> <span class='ocrx_word' id='word_1_757' title='bbox 2052 829 2157 850; x_wconf 88' lang='lat' dir='ltr'>caetero</span> <span class='ocrx_word' id='word_1_758' title='bbox 2172 822 2263 851; x_wconf 63' lang='lat' dir='ltr'>inrio-</span> 
     </span>
     <span class='ocr_line' id='line_1_115' title="bbox 1206 857 2266 898; baseline -0.003 -7"><span class='ocrx_word' id='word_1_759' title='bbox 1206 861 1324 892; x_wconf 87' lang='lat' dir='ltr'>labiliter</span> <span class='ocrx_word' id='word_1_760' title='bbox 1338 861 1496 898; x_wconf 81' lang='lat' dir='ltr'>observari,</span> <span class='ocrx_word' id='word_1_761' title='bbox 1513 861 1600 897; x_wconf 75' lang='lat' dir='ltr'>quam</span> <span class='ocrx_word' id='word_1_762' title='bbox 1616 860 1649 890; x_wconf 70' lang='grc' dir='ltr'>δε</span> <span class='ocrx_word' id='word_1_763' title='bbox 1664 861 1757 897; x_wconf 86' lang='lat' dir='ltr'>augeri</span> <span class='ocrx_word' id='word_1_764' title='bbox 1769 859 1864 888; x_wconf 88' lang='lat' dir='ltr'>multis</span> <span class='ocrx_word' id='word_1_765' title='bbox 1878 858 2079 888; x_wconf 88' lang='lat' dir='ltr'>communium</span> <span class='ocrx_word' id='word_1_766' title='bbox 2105 857 2266 889; x_wconf 85' lang='lat' dir='ltr'>Utilitatum</span> 
     </span>
     <span class='ocr_line' id='line_1_116' title="bbox 1209 894 2268 938; baseline -0.004 -7"><span class='ocrx_word' id='word_1_767' title='bbox 1209 898 1368 932; x_wconf 86' lang='lat' dir='ltr'>Suceffibus</span> <span class='ocrx_word' id='word_1_768' title='bbox 1385 897 1482 938; x_wconf 84' lang='lat' dir='ltr'>pariter</span> <span class='ocrx_word' id='word_1_769' title='bbox 1503 900 1536 929; x_wconf 83' lang='lat'>&amp;</span> <span class='ocrx_word' id='word_1_770' title='bbox 1553 899 1743 935; x_wconf 80' lang='lat' dir='ltr'>augmentari,</span> <span class='ocrx_word' id='word_1_771' title='bbox 1761 896 1937 934; x_wconf 62' lang='lat' dir='ltr'>cunctosque</span> <span class='ocrx_word' id='word_1_772' title='bbox 1956 894 2082 934; x_wconf 84' lang='lat' dir='ltr'>Obices,</span> <span class='ocrx_word' id='word_1_773' title='bbox 2100 898 2148 934; x_wconf 87' lang='lat' dir='ltr'>qui</span> <span class='ocrx_word' id='word_1_774' title='bbox 2167 906 2200 926; x_wconf 83' lang='lat' dir='ltr'>ex</span> <span class='ocrx_word' id='word_1_775' title='bbox 2215 897 2268 928; x_wconf 90' lang='lat' dir='ltr'>At-</span> 
     </span>
     <span class='ocr_line' id='line_1_117' title="bbox 1208 933 2273 976; baseline -0.003 -7"><span class='ocrx_word' id='word_1_776' title='bbox 1208 940 1349 976; x_wconf 80' lang='lat' dir='ltr'>temptatis</span> <span class='ocrx_word' id='word_1_777' title='bbox 1369 947 1470 969; x_wconf 88' lang='lat' dir='ltr'>contra</span> <span class='ocrx_word' id='word_1_778' title='bbox 1488 937 1522 967; x_wconf 72' lang='grc' dir='ltr'>ὃ(</span> <span class='ocrx_word' id='word_1_779' title='bbox 1542 934 1670 967; x_wconf 86' lang='lat' dir='ltr'>adversus</span> <span class='ocrx_word' id='word_1_780' title='bbox 1689 936 1797 966; x_wconf 79' lang='lat' dir='ltr'>easdem</span> <span class='ocrx_word' id='word_1_781' title='bbox 1815 936 1884 966; x_wconf 91' lang='lat' dir='ltr'>hinc</span> <span class='ocrx_word' id='word_1_782' title='bbox 1902 934 1967 965; x_wconf 90' lang='lat' dir='ltr'>inde</span> <span class='ocrx_word' id='word_1_783' title='bbox 1985 933 2108 972; x_wconf 82' lang='lat' dir='ltr'>Allegari</span> <span class='ocrx_word' id='word_1_784' title='bbox 2133 934 2244 973; x_wconf 76' lang='lat' dir='ltr'>possent</span> <span class='ocrx_word' id='word_1_785' title='bbox 2261 958 2273 974; x_wconf 84' lang='lat'><em>‚</em></span> 
     </span>
     <span class='ocr_line' id='line_1_118' title="bbox 1209 975 1615 1015; baseline -0.007 -8"><span class='ocrx_word' id='word_1_786' title='bbox 1209 987 1263 1015; x_wconf 88' lang='lat' dir='ltr'>pro</span> <span class='ocrx_word' id='word_1_787' title='bbox 1284 985 1420 1015; x_wconf 85' lang='lat' dir='ltr'>perpetuo</span> <span class='ocrx_word' id='word_1_788' title='bbox 1437 975 1615 1012; x_wconf 89' lang='lat' dir='ltr'>Removeri,</span> 
     </span>
    </p>

    <p class='ocr_par' dir='ltr' id='par_1_56' title="bbox 1210 1009 2273 1129">
     <span class='ocr_line' id='line_1_119' title="bbox 1249 1009 2272 1053; baseline -0.005 -7"><span class='ocrx_word' id='word_1_789' title='bbox 1249 1015 1297 1046; x_wconf 92' lang='lat' dir='ltr'>De</span> <span class='ocrx_word' id='word_1_790' title='bbox 1317 1015 1461 1046; x_wconf 88' lang='lat' dir='ltr'>Fidelitate</span> <span class='ocrx_word' id='word_1_791' title='bbox 1478 1015 1578 1053; x_wconf 85' lang='lat' dir='ltr'>igitur,</span> <span class='ocrx_word' id='word_1_792' title='bbox 1595 1012 1862 1051; x_wconf 64' lang='lat' dir='ltr'>circumspectione</span> <span class='ocrx_word' id='word_1_793' title='bbox 1876 1035 1885 1048; x_wconf 88' lang='lat'>,</span> <span class='ocrx_word' id='word_1_794' title='bbox 1901 1010 1934 1042; x_wconf 88' lang='lat'>&amp;</span> <span class='ocrx_word' id='word_1_795' title='bbox 1955 1009 2095 1042; x_wconf 65' lang='lat' dir='ltr'>Industria</span> <span class='ocrx_word' id='word_1_796' title='bbox 2109 1035 2119 1049; x_wconf 88' lang='lat'>,</span> <span class='ocrx_word' id='word_1_797' title='bbox 2137 1011 2272 1042; x_wconf 78' lang='lat' dir='ltr'>Praedile-</span> 
     </span>
     <span class='ocr_line' id='line_1_120' title="bbox 1210 1049 2273 1092; baseline -0.003 -9"><span class='ocrx_word' id='word_1_798' title='bbox 1210 1052 1250 1083; x_wconf 68' lang='lat' dir='ltr'>&lt;sti</span> <span class='ocrx_word' id='word_1_799' title='bbox 1269 1054 1302 1084; x_wconf 89' lang='lat'>&amp;</span> <span class='ocrx_word' id='word_1_800' title='bbox 1323 1054 1422 1084; x_wconf 82' lang='lat' dir='ltr'>Fidelis</span> <span class='ocrx_word' id='word_1_801' title='bbox 1436 1052 1582 1092; x_wconf 80' lang='lat' dir='ltr'>Capeliani</span> <span class='ocrx_word' id='word_1_802' title='bbox 1600 1051 1689 1082; x_wconf 87' lang='lat' dir='ltr'>nostri</span> <span class='ocrx_word' id='word_1_803' title='bbox 1702 1074 1712 1089; x_wconf 79' lang='lat'>,</span> <span class='ocrx_word' id='word_1_804' title='bbox 1741 1050 1871 1089; x_wconf 81' lang='lat' dir='ltr'>Magistri</span> <span class='ocrx_word' id='word_1_805' title='bbox 1889 1050 1994 1080; x_wconf 80' lang='lat' dir='ltr'><em>Thomae</em></span> <span class='ocrx_word' id='word_1_806' title='bbox 2010 1052 2141 1088; x_wconf 82' lang='lat' dir='ltr'>Langton</span> <span class='ocrx_word' id='word_1_807' title='bbox 2159 1049 2273 1081; x_wconf 72' lang='lat' dir='ltr'>Decre-</span> 
     </span>
     <span class='ocr_line' id='line_1_121' title="bbox 1211 1087 1846 1129; baseline -0.006 -7"><span class='ocrx_word' id='word_1_808' title='bbox 1211 1099 1308 1122; x_wconf 88' lang='lat' dir='ltr'>torum</span> <span class='ocrx_word' id='word_1_809' title='bbox 1328 1092 1466 1122; x_wconf 63' lang='lat' dir='ltr'>Doctoris</span> <span class='ocrx_word' id='word_1_810' title='bbox 1485 1090 1640 1129; x_wconf 74' lang='lat' dir='ltr'>plurimum</span> <span class='ocrx_word' id='word_1_811' title='bbox 1657 1087 1846 1127; x_wconf 79' lang='lat' dir='ltr'>confidentes,</span> 
     </span>
    </p>

    <p class='ocr_par' dir='ltr' id='par_1_57' title="bbox 1212 1125 2274 1244">
     <span class='ocr_line' id='line_1_122' title="bbox 1248 1125 2274 1168; baseline -0.002 -8"><span class='ocrx_word' id='word_1_812' title='bbox 1248 1129 1340 1168; x_wconf 91' lang='lat' dir='ltr'>Ipsum</span> <span class='ocrx_word' id='word_1_813' title='bbox 1366 1130 1496 1160; x_wconf 87' lang='lat' dir='ltr'>Thomam</span> <span class='ocrx_word' id='word_1_814' title='bbox 1521 1129 1672 1160; x_wconf 86' lang='lat' dir='ltr'>Oratorem</span> <span class='ocrx_word' id='word_1_815' title='bbox 1690 1151 1700 1166; x_wconf 95' lang='lat'>,</span> <span class='ocrx_word' id='word_1_816' title='bbox 1735 1127 1957 1158; x_wconf 85' lang='lat' dir='ltr'>Procuratorem</span> <span class='ocrx_word' id='word_1_817' title='bbox 1972 1149 1982 1164; x_wconf 92' lang='lat'>,</span> <span class='ocrx_word' id='word_1_818' title='bbox 2010 1125 2248 1164; x_wconf 77' lang='lat' dir='ltr'>Commiffirium</span> <span class='ocrx_word' id='word_1_819' title='bbox 2263 1152 2274 1165; x_wconf 80' lang='grc'><em>,</em></span> 
     </span>
     <span class='ocr_line' id='line_1_123' title="bbox 1212 1165 2274 1207; baseline -0.002 -8"><span class='ocrx_word' id='word_1_820' title='bbox 1212 1168 1383 1207; x_wconf 87' lang='lat' dir='ltr'>Nuncium,</span> <span class='ocrx_word' id='word_1_821' title='bbox 1403 1169 1435 1199; x_wconf 73' lang='grc' dir='ltr'>ὃ(</span> <span class='ocrx_word' id='word_1_822' title='bbox 1454 1168 1633 1205; x_wconf 86' lang='lat' dir='ltr'>Deputatum</span> <span class='ocrx_word' id='word_1_823' title='bbox 1651 1166 1782 1197; x_wconf 88' lang='lat' dir='ltr'>nostrum</span> <span class='ocrx_word' id='word_1_824' title='bbox 1795 1165 2022 1203; x_wconf 82' lang='lat' dir='ltr'>Constituimus,</span> <span class='ocrx_word' id='word_1_825' title='bbox 2039 1165 2274 1205; x_wconf 83' lang='lat' dir='ltr'>Ordinamus,&amp;</span> 
     </span>
     <span class='ocr_line' id='line_1_124' title="bbox 1213 1205 1643 1244; baseline -0.005 -6"><span class='ocrx_word' id='word_1_826' title='bbox 1213 1205 1389 1238; x_wconf 82' lang='lat' dir='ltr'>Praeficimus</span> <span class='ocrx_word' id='word_1_827' title='bbox 1409 1216 1459 1244; x_wconf 90' lang='lat' dir='ltr'>per</span> <span class='ocrx_word' id='word_1_828' title='bbox 1476 1206 1643 1244; x_wconf 69' lang='lat' dir='ltr'>praesentes,</span> 
     </span>
    </p>

    <p class='ocr_par' dir='ltr' id='par_1_58' title="bbox 1213 1240 2280 1628">
     <span class='ocr_line' id='line_1_125' title="bbox 1250 1240 2273 1283; baseline -0.002 -7"><span class='ocrx_word' id='word_1_829' title='bbox 1250 1243 1416 1283; x_wconf 84' lang='lat' dir='ltr'>Damusque</span> <span class='ocrx_word' id='word_1_830' title='bbox 1432 1245 1465 1275; x_wconf 92' lang='lat'>&amp;</span> <span class='ocrx_word' id='word_1_831' title='bbox 1484 1242 1680 1275; x_wconf 87' lang='lat' dir='ltr'>Concedimus</span> <span class='ocrx_word' id='word_1_832' title='bbox 1699 1242 1793 1273; x_wconf 90' lang='lat' dir='ltr'>eidem</span> <span class='ocrx_word' id='word_1_833' title='bbox 1814 1240 1955 1281; x_wconf 86' lang='lat' dir='ltr'>Magistro</span> <span class='ocrx_word' id='word_1_834' title='bbox 1973 1241 2078 1272; x_wconf 88' lang='lat' dir='ltr'><em>Thomae</em></span> <span class='ocrx_word' id='word_1_835' title='bbox 2100 1242 2273 1274; x_wconf 88' lang='lat' dir='ltr'>Potestatem</span> 
     </span>
     <span class='ocr_line' id='line_1_126' title="bbox 1213 1280 2277 1322; baseline -0.001 -9"><span class='ocrx_word' id='word_1_836' title='bbox 1213 1284 1372 1322; x_wconf 88' lang='lat' dir='ltr'>generalem</span> <span class='ocrx_word' id='word_1_837' title='bbox 1397 1285 1430 1315; x_wconf 75' lang='grc' dir='ltr'>δε</span> <span class='ocrx_word' id='word_1_838' title='bbox 1458 1282 1629 1314; x_wconf 84' lang='lat' dir='ltr'>Mandatum</span> <span class='ocrx_word' id='word_1_839' title='bbox 1653 1281 1770 1319; x_wconf 87' lang='lat' dir='ltr'>speciale</span> <span class='ocrx_word' id='word_1_840' title='bbox 1785 1304 1795 1320; x_wconf 81' lang='lat'>‚</span> <span class='ocrx_word' id='word_1_841' title='bbox 1822 1290 1874 1318; x_wconf 88' lang='lat' dir='ltr'>pro</span> <span class='ocrx_word' id='word_1_842' title='bbox 1901 1280 1999 1311; x_wconf 77' lang='lat' dir='ltr'>Nobis</span> <span class='ocrx_word' id='word_1_843' title='bbox 2018 1282 2050 1311; x_wconf 88' lang='lat'>&amp;</span> <span class='ocrx_word' id='word_1_844' title='bbox 2069 1280 2202 1312; x_wconf 86' lang='lat' dir='ltr'>Nomine</span> <span class='ocrx_word' id='word_1_845' title='bbox 2222 1292 2277 1312; x_wconf 61' lang='lat' dir='ltr'>no&lt;</span> 
     </span>
     <span class='ocr_line' id='line_1_127' title="bbox 1214 1319 2279 1360; baseline -0.003 -8"><span class='ocrx_word' id='word_1_846' title='bbox 1214 1322 1273 1352; x_wconf 87' lang='lat' dir='ltr'>stro</span> <span class='ocrx_word' id='word_1_847' title='bbox 1293 1321 1443 1360; x_wconf 87' lang='lat' dir='ltr'>postquam</span> <span class='ocrx_word' id='word_1_848' title='bbox 1462 1322 1491 1350; x_wconf 90' lang='lat' dir='ltr'>in</span> <span class='ocrx_word' id='word_1_849' title='bbox 1511 1329 1599 1359; x_wconf 88' lang='lat' dir='ltr'>partes</span> <span class='ocrx_word' id='word_1_850' title='bbox 1619 1320 1648 1350; x_wconf 88' lang='lat' dir='ltr'>Is</span> <span class='ocrx_word' id='word_1_851' title='bbox 1662 1322 1752 1350; x_wconf 85' lang='lat' dir='ltr'>anniae</span> <span class='ocrx_word' id='word_1_852' title='bbox 1768 1320 1931 1358; x_wconf 87' lang='lat' dir='ltr'>applicuerit</span> <span class='ocrx_word' id='word_1_853' title='bbox 1947 1342 1956 1357; x_wconf 95' lang='lat'>‚</span> <span class='ocrx_word' id='word_1_854' title='bbox 1980 1329 2048 1350; x_wconf 91' lang='lat' dir='ltr'>cum</span> <span class='ocrx_word' id='word_1_855' title='bbox 2076 1319 2157 1350; x_wconf 66' lang='lat' dir='ltr'>dieto</span> <span class='ocrx_word' id='word_1_856' title='bbox 2184 1321 2279 1350; x_wconf 81' lang='lat' dir='ltr'>Ferdi-</span> 
     </span>
     <span class='ocr_line' id='line_1_128' title="bbox 1214 1357 2278 1397; baseline -0.001 -7"><span class='ocrx_word' id='word_1_857' title='bbox 1214 1360 1304 1390; x_wconf 86' lang='lat' dir='ltr'>nando</span> <span class='ocrx_word' id='word_1_858' title='bbox 1322 1360 1455 1397; x_wconf 84' lang='lat' dir='ltr'>Principe</span> <span class='ocrx_word' id='word_1_859' title='bbox 1472 1359 1565 1390; x_wconf 78' lang='lat' dir='ltr'>Fratre</span> <span class='ocrx_word' id='word_1_860' title='bbox 1581 1360 1614 1390; x_wconf 93' lang='lat'>&amp;</span> <span class='ocrx_word' id='word_1_861' title='bbox 1662 1358 1852 1397; x_wconf 81' lang='lat' dir='ltr'>onsanguineo</span> <span class='ocrx_word' id='word_1_862' title='bbox 1869 1357 1966 1388; x_wconf 91' lang='lat' dir='ltr'>nostro</span> <span class='ocrx_word' id='word_1_863' title='bbox 1980 1357 2122 1388; x_wconf 86' lang='lat' dir='ltr'>cariffimo</span> <span class='ocrx_word' id='word_1_864' title='bbox 2142 1358 2278 1389; x_wconf 88' lang='lat' dir='ltr'>Domino</span> 
     </span>
     <span class='ocr_line' id='line_1_129' title="bbox 1214 1394 2276 1437; baseline 0 -9"><span class='ocrx_word' id='word_1_865' title='bbox 1214 1398 1384 1428; x_wconf 77' lang='lat' dir='ltr'>Ferdinando</span> <span class='ocrx_word' id='word_1_866' title='bbox 1408 1400 1476 1436; x_wconf 85' lang='lat' dir='ltr'>Rege</span> <span class='ocrx_word' id='word_1_867' title='bbox 1500 1394 1636 1437; x_wconf 80' lang='lat' dir='ltr'>Castellae‚</span> <span class='ocrx_word' id='word_1_868' title='bbox 1655 1399 1715 1429; x_wconf 74' lang='lat' dir='ltr'>&amp;c-</span> <span class='ocrx_word' id='word_1_869' title='bbox 1733 1404 1893 1427; x_wconf 88' lang='lat' dir='ltr'>memorato</span> <span class='ocrx_word' id='word_1_870' title='bbox 1909 1419 1919 1434; x_wconf 86' lang='lat'>,</span> <span class='ocrx_word' id='word_1_871' title='bbox 1938 1396 2121 1433; x_wconf 87' lang='lat' dir='ltr'>Deputatisve</span> <span class='ocrx_word' id='word_1_872' title='bbox 2143 1405 2189 1428; x_wconf 90' lang='lat' dir='ltr'>aut</span> <span class='ocrx_word' id='word_1_873' title='bbox 2215 1397 2276 1427; x_wconf 89' lang='lat' dir='ltr'>De-</span> 
     </span>
     <span class='ocr_line' id='line_1_130' title="bbox 1215 1434 2277 1475; baseline 0 -8"><span class='ocrx_word' id='word_1_874' title='bbox 1215 1438 1343 1475; x_wconf 86' lang='lat' dir='ltr'>putandis</span> <span class='ocrx_word' id='word_1_875' title='bbox 1361 1438 1396 1466; x_wconf 89' lang='lat' dir='ltr'>ab</span> <span class='ocrx_word' id='word_1_876' title='bbox 1413 1436 1515 1466; x_wconf 87' lang='lat' dir='ltr'>eodem</span> <span class='ocrx_word' id='word_1_877' title='bbox 1528 1459 1538 1475; x_wconf 86' lang='lat'>,</span> <span class='ocrx_word' id='word_1_878' title='bbox 1556 1436 1592 1467; x_wconf 91' lang='lat' dir='ltr'>de</span> <span class='ocrx_word' id='word_1_879' title='bbox 1611 1437 1643 1466; x_wconf 73' lang='grc' dir='ltr'>ὃ(</span> <span class='ocrx_word' id='word_1_880' title='bbox 1662 1436 1741 1473; x_wconf 87' lang='lat' dir='ltr'>super</span> <span class='ocrx_word' id='word_1_881' title='bbox 1758 1434 1919 1473; x_wconf 88' lang='lat' dir='ltr'>Amicitiis,</span> <span class='ocrx_word' id='word_1_882' title='bbox 1938 1434 2109 1474; x_wconf 74' lang='lat' dir='ltr'>Alli&#39;antiis,</span> <span class='ocrx_word' id='word_1_883' title='bbox 2130 1434 2224 1474; x_wconf 71' lang='lat' dir='ltr'>Ugis,</span> <span class='ocrx_word' id='word_1_884' title='bbox 2242 1436 2277 1467; x_wconf 86' lang='lat'>&amp;</span> 
     </span>
     <span class='ocr_line' id='line_1_131' title="bbox 1217 1473 2279 1513; baseline -0.002 -7"><span class='ocrx_word' id='word_1_885' title='bbox 1217 1474 1535 1512; x_wconf 84' lang='lat' dir='ltr'>Confoederationibus,</span> <span class='ocrx_word' id='word_1_886' title='bbox 1554 1475 1625 1504; x_wconf 92' lang='lat' dir='ltr'>inter</span> <span class='ocrx_word' id='word_1_887' title='bbox 1644 1473 1769 1511; x_wconf 83' lang='lat' dir='ltr'>Regna,</span> <span class='ocrx_word' id='word_1_888' title='bbox 1788 1473 1907 1509; x_wconf 78' lang='lat' dir='ltr'>Patrias,</span> <span class='ocrx_word' id='word_1_889' title='bbox 1925 1474 1959 1504; x_wconf 73' lang='grc' dir='ltr'>δε</span> <span class='ocrx_word' id='word_1_890' title='bbox 2009 1475 2115 1504; x_wconf 86' lang='lat' dir='ltr'>ominia</span> <span class='ocrx_word' id='word_1_891' title='bbox 2132 1474 2177 1505; x_wconf 89' lang='lat' dir='ltr'>sua</span> <span class='ocrx_word' id='word_1_892' title='bbox 2194 1483 2279 1513; x_wconf 87' lang='lat' dir='ltr'>atque</span> 
     </span>
     <span class='ocr_line' id='line_1_132' title="bbox 1214 1511 2278 1551; baseline -0.001 -7"><span class='ocrx_word' id='word_1_893' title='bbox 1214 1513 1310 1544; x_wconf 86' lang='lat' dir='ltr'>nostra</span> <span class='ocrx_word' id='word_1_894' title='bbox 1325 1522 1388 1545; x_wconf 88' lang='lat' dir='ltr'>ante</span> <span class='ocrx_word' id='word_1_895' title='bbox 1404 1512 1569 1551; x_wconf 77' lang='lat' dir='ltr'>praesentem</span> <span class='ocrx_word' id='word_1_896' title='bbox 1586 1511 1673 1542; x_wconf 88' lang='lat' dir='ltr'>Diem</span> <span class='ocrx_word' id='word_1_897' title='bbox 1692 1513 1766 1542; x_wconf 85' lang='lat' dir='ltr'>initis</span> <span class='ocrx_word' id='word_1_898' title='bbox 1784 1512 1819 1543; x_wconf 89' lang='lat'>&amp;</span> <span class='ocrx_word' id='word_1_899' title='bbox 1837 1511 2006 1549; x_wconf 69' lang='lat' dir='ltr'>contractis,</span> <span class='ocrx_word' id='word_1_900' title='bbox 2025 1521 2079 1550; x_wconf 88' lang='lat' dir='ltr'>pro</span> <span class='ocrx_word' id='word_1_901' title='bbox 2097 1513 2163 1543; x_wconf 73' lang='lat' dir='ltr'>vera</span> <span class='ocrx_word' id='word_1_902' title='bbox 2182 1513 2215 1544; x_wconf 92' lang='lat'>&amp;</span> <span class='ocrx_word' id='word_1_903' title='bbox 2235 1513 2278 1543; x_wconf 90' lang='lat' dir='ltr'>ef-</span> 
     </span>
     <span class='ocr_line' id='line_1_133' title="bbox 1216 1549 2280 1589; baseline 0 -6"><span class='ocrx_word' id='word_1_904' title='bbox 1216 1553 1329 1583; x_wconf 66' lang='lat' dir='ltr'>fe&amp;uali</span> <span class='ocrx_word' id='word_1_905' title='bbox 1353 1551 1483 1583; x_wconf 83' lang='lat' dir='ltr'>firmitate</span> <span class='ocrx_word' id='word_1_906' title='bbox 1509 1550 1673 1581; x_wconf 82' lang='lat' dir='ltr'>earumdem</span> <span class='ocrx_word' id='word_1_907' title='bbox 1693 1549 1938 1581; x_wconf 85' lang='lat' dir='ltr'>Communicandi</span> <span class='ocrx_word' id='word_1_908' title='bbox 1955 1572 1966 1588; x_wconf 94' lang='lat'>‚</span> <span class='ocrx_word' id='word_1_909' title='bbox 1989 1549 2142 1581; x_wconf 68' lang='lat' dir='ltr'>TraCtandi</span> <span class='ocrx_word' id='word_1_910' title='bbox 2159 1574 2169 1589; x_wconf 86' lang='lat'>,</span> <span class='ocrx_word' id='word_1_911' title='bbox 2196 1549 2280 1583; x_wconf 89' lang='lat' dir='ltr'>Con-</span> 
     </span>
     <span class='ocr_line' id='line_1_134' title="bbox 1219 1588 1666 1628; baseline -0.007 -6"><span class='ocrx_word' id='word_1_912' title='bbox 1219 1589 1356 1622; x_wconf 89' lang='lat' dir='ltr'>cordandi</span> <span class='ocrx_word' id='word_1_913' title='bbox 1365 1615 1374 1628; x_wconf 78' lang='grc'><em>,</em></span> <span class='ocrx_word' id='word_1_914' title='bbox 1393 1590 1426 1621; x_wconf 87' lang='lat'>&amp;</span> <span class='ocrx_word' id='word_1_915' title='bbox 1446 1588 1666 1627; x_wconf 88' lang='lat' dir='ltr'>Concludendi,</span> 
     </span>
    </p>

    <p class='ocr_par' dir='ltr' id='par_1_59' title="bbox 1217 1624 2281 1784">
     <span class='ocr_line' id='line_1_135' title="bbox 1253 1624 2281 1668; baseline -0.001 -8"><span class='ocrx_word' id='word_1_916' title='bbox 1253 1630 1483 1668; x_wconf 84' lang='lat' dir='ltr'>Attemptataque</span> <span class='ocrx_word' id='word_1_917' title='bbox 1501 1637 1600 1659; x_wconf 91' lang='lat' dir='ltr'>contra</span> <span class='ocrx_word' id='word_1_918' title='bbox 1619 1627 1756 1658; x_wconf 84' lang='lat' dir='ltr'>Formam</span> <span class='ocrx_word' id='word_1_919' title='bbox 1773 1627 1806 1657; x_wconf 89' lang='lat'>&amp;</span> <span class='ocrx_word' id='word_1_920' title='bbox 1823 1628 1852 1656; x_wconf 92' lang='lat' dir='ltr'>in</span> <span class='ocrx_word' id='word_1_921' title='bbox 1870 1624 2072 1664; x_wconf 81' lang='lat' dir='ltr'>Praejudicium</span> <span class='ocrx_word' id='word_1_922' title='bbox 2093 1626 2256 1659; x_wconf 82' lang='lat' dir='ltr'>earumdem</span> <span class='ocrx_word' id='word_1_923' title='bbox 2270 1653 2281 1667; x_wconf 89' lang='lat'>,</span> 
     </span>
     <span class='ocr_line' id='line_1_136' title="bbox 1219 1665 2281 1707; baseline -0.001 -9"><span class='ocrx_word' id='word_1_924' title='bbox 1219 1677 1304 1707; x_wconf 90' lang='lat' dir='ltr'>prout</span> <span class='ocrx_word' id='word_1_925' title='bbox 1323 1678 1372 1706; x_wconf 86' lang='lat' dir='ltr'>per</span> <span class='ocrx_word' id='word_1_926' title='bbox 1390 1677 1475 1698; x_wconf 87' lang='lat' dir='ltr'>unam</span> <span class='ocrx_word' id='word_1_927' title='bbox 1495 1677 1543 1699; x_wconf 89' lang='lat' dir='ltr'>aut</span> <span class='ocrx_word' id='word_1_928' title='bbox 1560 1667 1641 1698; x_wconf 85' lang='lat' dir='ltr'>aliam</span> <span class='ocrx_word' id='word_1_929' title='bbox 1660 1666 1775 1697; x_wconf 87' lang='lat' dir='ltr'>Partem</span> <span class='ocrx_word' id='word_1_930' title='bbox 1795 1673 1947 1703; x_wconf 86' lang='lat' dir='ltr'>perpetrata</span> <span class='ocrx_word' id='word_1_931' title='bbox 1965 1665 1998 1695; x_wconf 87' lang='lat'>&amp;</span> <span class='ocrx_word' id='word_1_932' title='bbox 2025 1666 2175 1696; x_wconf 86' lang='lat' dir='ltr'>commiffa</span> <span class='ocrx_word' id='word_1_933' title='bbox 2201 1667 2281 1697; x_wconf 78' lang='lat' dir='ltr'>fuisse</span> 
     </span>
     <span class='ocr_line' id='line_1_137' title="bbox 1217 1702 2281 1745; baseline -0.002 -7"><span class='ocrx_word' id='word_1_934' title='bbox 1217 1706 1376 1738; x_wconf 89' lang='lat' dir='ltr'>constiterit</span> <span class='ocrx_word' id='word_1_935' title='bbox 1387 1729 1396 1745; x_wconf 82' lang='lat'>‚</span> <span class='ocrx_word' id='word_1_936' title='bbox 1415 1706 1508 1737; x_wconf 90' lang='lat' dir='ltr'>modis</span> <span class='ocrx_word' id='word_1_937' title='bbox 1524 1704 1659 1737; x_wconf 88' lang='lat' dir='ltr'>omnibus</span> <span class='ocrx_word' id='word_1_938' title='bbox 1676 1703 1756 1735; x_wconf 88' lang='lat' dir='ltr'>licitis</span> <span class='ocrx_word' id='word_1_939' title='bbox 1771 1705 1804 1734; x_wconf 87' lang='lat'>&amp;</span> <span class='ocrx_word' id='word_1_940' title='bbox 1824 1702 1950 1734; x_wconf 85' lang='lat' dir='ltr'>honestis</span> <span class='ocrx_word' id='word_1_941' title='bbox 1968 1703 2130 1741; x_wconf 82' lang='lat' dir='ltr'>Reparandi</span> <span class='ocrx_word' id='word_1_942' title='bbox 2143 1727 2152 1741; x_wconf 88' lang='lat'>,</span> <span class='ocrx_word' id='word_1_943' title='bbox 2170 1705 2204 1735; x_wconf 74' lang='grc' dir='ltr'>δε</span> <span class='ocrx_word' id='word_1_944' title='bbox 2223 1705 2281 1736; x_wconf 85' lang='lat' dir='ltr'>Re-</span> 
     </span>
     <span class='ocr_line' id='line_1_138' title="bbox 1219 1745 1442 1784; baseline -0.004 -8"><span class='ocrx_word' id='word_1_945' title='bbox 1219 1746 1306 1784; x_wconf 84' lang='lat' dir='ltr'>parari</span> <span class='ocrx_word' id='word_1_946' title='bbox 1327 1745 1442 1776; x_wconf 86' lang='lat' dir='ltr'>videndi</span> 
     </span>
    </p>

    <p class='ocr_par' dir='ltr' id='par_1_60' title="bbox 1217 1768 2285 1938">
     <span class='ocr_line' id='line_1_139' title="bbox 1256 1768 2285 1822; baseline -0.003 -7"><span class='ocrx_word' id='word_1_947' title='bbox 1256 1784 1426 1822; x_wconf 86' lang='lat' dir='ltr'>Caeteraque</span> <span class='ocrx_word' id='word_1_948' title='bbox 1446 1768 1602 1820; x_wconf 71' lang='lat' dir='ltr'>Faciendi,</span> <span class='ocrx_word' id='word_1_949' title='bbox 1631 1780 1831 1818; x_wconf 86' lang='lat' dir='ltr'>Excercendi,</span> <span class='ocrx_word' id='word_1_950' title='bbox 1856 1781 1888 1811; x_wconf 90' lang='lat'>&amp;</span> <span class='ocrx_word' id='word_1_951' title='bbox 1915 1779 2090 1818; x_wconf 83' lang='lat' dir='ltr'>Expediendi</span> <span class='ocrx_word' id='word_1_952' title='bbox 2115 1790 2203 1820; x_wconf 87' lang='lat' dir='ltr'>quae,</span> <span class='ocrx_word' id='word_1_953' title='bbox 2229 1791 2285 1819; x_wconf 86' lang='lat' dir='ltr'>pro</span> 
     </span>
     <span class='ocr_line' id='line_1_140' title="bbox 1217 1817 2285 1858; baseline -0.004 -4"><span class='ocrx_word' id='word_1_954' title='bbox 1217 1825 1369 1854; x_wconf 89' lang='lat' dir='ltr'>communi</span> <span class='ocrx_word' id='word_1_955' title='bbox 1387 1822 1530 1858; x_wconf 87' lang='lat' dir='ltr'>Honore,</span> <span class='ocrx_word' id='word_1_956' title='bbox 1548 1820 1679 1852; x_wconf 88' lang='lat' dir='ltr'>Utilitate</span> <span class='ocrx_word' id='word_1_957' title='bbox 1694 1841 1705 1858; x_wconf 84' lang='lat'>,</span> <span class='ocrx_word' id='word_1_958' title='bbox 1723 1820 1756 1850; x_wconf 91' lang='lat'>&amp;</span> <span class='ocrx_word' id='word_1_959' title='bbox 1776 1819 1884 1857; x_wconf 84' lang='lat' dir='ltr'>Qiete</span> <span class='ocrx_word' id='word_1_960' title='bbox 1902 1819 1960 1849; x_wconf 68' lang='lat' dir='ltr'>tam</span> <span class='ocrx_word' id='word_1_961' title='bbox 1979 1817 2086 1849; x_wconf 87' lang='lat' dir='ltr'>Nostri</span> <span class='ocrx_word' id='word_1_962' title='bbox 2105 1819 2192 1856; x_wconf 72' lang='lat' dir='ltr'>quam</span> <span class='ocrx_word' id='word_1_963' title='bbox 2213 1829 2285 1856; x_wconf 89' lang='lat' dir='ltr'>prae-</span> 
     </span>
     <span class='ocr_line' id='line_1_141' title="bbox 1220 1856 2285 1900; baseline -0.004 -7"><span class='ocrx_word' id='word_1_964' title='bbox 1220 1860 1272 1893; x_wconf 86' lang='lat' dir='ltr'>fati</span> <span class='ocrx_word' id='word_1_965' title='bbox 1286 1861 1374 1900; x_wconf 82' lang='lat' dir='ltr'>Regis</span> <span class='ocrx_word' id='word_1_966' title='bbox 1388 1884 1398 1899; x_wconf 96' lang='lat'>,</span> <span class='ocrx_word' id='word_1_967' title='bbox 1424 1867 1491 1891; x_wconf 88' lang='lat' dir='ltr'>cum</span> <span class='ocrx_word' id='word_1_968' title='bbox 1510 1859 1591 1889; x_wconf 66' lang='lat' dir='ltr'>dieto</span> <span class='ocrx_word' id='word_1_969' title='bbox 1610 1857 1693 1897; x_wconf 81' lang='lat' dir='ltr'>Rege</span> <span class='ocrx_word' id='word_1_970' title='bbox 1707 1867 1754 1889; x_wconf 88' lang='lat' dir='ltr'>aut</span> <span class='ocrx_word' id='word_1_971' title='bbox 1772 1857 1820 1888; x_wconf 86' lang='lat' dir='ltr'>suo</span> <span class='ocrx_word' id='word_1_972' title='bbox 1840 1856 1978 1887; x_wconf 90' lang='lat' dir='ltr'>Concilio</span> <span class='ocrx_word' id='word_1_973' title='bbox 1994 1879 2004 1895; x_wconf 91' lang='lat'>,</span> <span class='ocrx_word' id='word_1_974' title='bbox 2028 1867 2080 1895; x_wconf 87' lang='lat' dir='ltr'>pro</span> <span class='ocrx_word' id='word_1_975' title='bbox 2102 1857 2149 1888; x_wconf 64' lang='lat' dir='ltr'>sua</span> <span class='ocrx_word' id='word_1_976' title='bbox 2169 1857 2285 1889; x_wconf 87' lang='lat' dir='ltr'>Discre-</span> 
     </span>
     <span class='ocr_line' id='line_1_142' title="bbox 1222 1893 1982 1938; baseline -0.009 -6"><span class='ocrx_word' id='word_1_977' title='bbox 1222 1902 1320 1938; x_wconf 88' lang='lat' dir='ltr'>tione,</span> <span class='ocrx_word' id='word_1_978' title='bbox 1341 1900 1442 1931; x_wconf 89' lang='lat' dir='ltr'>viderit</span> <span class='ocrx_word' id='word_1_979' title='bbox 1461 1897 1586 1929; x_wconf 84' lang='lat' dir='ltr'>facienda</span> <span class='ocrx_word' id='word_1_980' title='bbox 1602 1897 1701 1936; x_wconf 88' lang='lat' dir='ltr'>pariter</span> <span class='ocrx_word' id='word_1_981' title='bbox 1718 1897 1752 1927; x_wconf 90' lang='lat'>&amp;</span> <span class='ocrx_word' id='word_1_982' title='bbox 1771 1893 1967 1926; x_wconf 85' lang='lat' dir='ltr'>concludenda</span> <span class='ocrx_word' id='word_1_983' title='bbox 1973 1906 1982 1933; x_wconf 73' lang='lat'>‚¹</span> 
     </span>
    </p>

    <p class='ocr_par' dir='ltr' id='par_1_61' title="bbox 1221 1934 2287 2130">
     <span class='ocr_line' id='line_1_143' title="bbox 1258 1934 2284 1975; baseline -0.004 -6"><span class='ocrx_word' id='word_1_984' title='bbox 1258 1938 1459 1969; x_wconf 80' lang='lat' dir='ltr'>promittentes</span> <span class='ocrx_word' id='word_1_985' title='bbox 1476 1960 1485 1975; x_wconf 93' lang='lat'>,</span> <span class='ocrx_word' id='word_1_986' title='bbox 1509 1936 1587 1967; x_wconf 76' lang='lat' dir='ltr'>bona</span> <span class='ocrx_word' id='word_1_987' title='bbox 1608 1936 1676 1966; x_wconf 89' lang='lat' dir='ltr'>Fide</span> <span class='ocrx_word' id='word_1_988' title='bbox 1694 1936 1727 1966; x_wconf 77' lang='grc' dir='ltr'>δε</span> <span class='ocrx_word' id='word_1_989' title='bbox 1745 1937 1774 1965; x_wconf 87' lang='lat' dir='ltr'>in</span> <span class='ocrx_word' id='word_1_990' title='bbox 1794 1934 1894 1965; x_wconf 89' lang='lat' dir='ltr'>Verbo</span> <span class='ocrx_word' id='word_1_991' title='bbox 1911 1935 2004 1972; x_wconf 74' lang='lat' dir='ltr'>Regio</span> <span class='ocrx_word' id='word_1_992' title='bbox 2020 1957 2029 1972; x_wconf 92' lang='lat'>,</span> <span class='ocrx_word' id='word_1_993' title='bbox 2055 1934 2123 1965; x_wconf 83' lang='lat' dir='ltr'>Nos</span> <span class='ocrx_word' id='word_1_994' title='bbox 2149 1934 2257 1966; x_wconf 81' lang='lat' dir='ltr'>Rarum</span> <span class='ocrx_word' id='word_1_995' title='bbox 2274 1959 2284 1974; x_wconf 90' lang='lat'>‚</span> 
     </span>
     <span class='ocr_line' id='line_1_144' title="bbox 1221 1973 2286 2014; baseline -0.004 -6"><span class='ocrx_word' id='word_1_996' title='bbox 1221 1976 1347 2008; x_wconf 85' lang='lat' dir='ltr'>Gratum</span> <span class='ocrx_word' id='word_1_997' title='bbox 1359 2001 1368 2014; x_wconf 88' lang='lat'>,</span> <span class='ocrx_word' id='word_1_998' title='bbox 1393 1978 1427 2008; x_wconf 90' lang='lat'>&amp;</span> <span class='ocrx_word' id='word_1_999' title='bbox 1456 1975 1583 2005; x_wconf 84' lang='lat' dir='ltr'>Firmum</span> <span class='ocrx_word' id='word_1_1000' title='bbox 1606 1975 1746 2012; x_wconf 77' lang='lat' dir='ltr'>perpetuo</span> <span class='ocrx_word' id='word_1_1001' title='bbox 1768 1973 1912 2004; x_wconf 87' lang='lat' dir='ltr'>habituros</span> <span class='ocrx_word' id='word_1_1002' title='bbox 1928 1973 2063 2011; x_wconf 87' lang='lat' dir='ltr'>quicquid</span> <span class='ocrx_word' id='word_1_1003' title='bbox 2081 1974 2172 2004; x_wconf 63' lang='lat' dir='ltr'>dicius</span> <span class='ocrx_word' id='word_1_1004' title='bbox 2192 1973 2286 2012; x_wconf 81' lang='lat' dir='ltr'>Magi-</span> 
     </span>
     <span class='ocr_line' id='line_1_145' title="bbox 1222 2011 2287 2054; baseline -0.005 -8"><span class='ocrx_word' id='word_1_1005' title='bbox 1222 2016 1277 2047; x_wconf 89' lang='lat' dir='ltr'>ster</span> <span class='ocrx_word' id='word_1_1006' title='bbox 1296 2016 1410 2045; x_wconf 80' lang='lat' dir='ltr'>Thomas</span> <span class='ocrx_word' id='word_1_1007' title='bbox 1427 2038 1437 2054; x_wconf 87' lang='lat'>,</span> <span class='ocrx_word' id='word_1_1008' title='bbox 1456 2013 1592 2044; x_wconf 91' lang='lat' dir='ltr'>Nomine</span> <span class='ocrx_word' id='word_1_1009' title='bbox 1609 2013 1710 2043; x_wconf 87' lang='lat' dir='ltr'>nostro</span> <span class='ocrx_word' id='word_1_1010' title='bbox 1725 2036 1734 2050; x_wconf 85' lang='lat'>,</span> <span class='ocrx_word' id='word_1_1011' title='bbox 1754 2012 1782 2041; x_wconf 86' lang='lat' dir='ltr'>in</span> <span class='ocrx_word' id='word_1_1012' title='bbox 1803 2011 1955 2042; x_wconf 79' lang='lat' dir='ltr'>Praemiffis</span> <span class='ocrx_word' id='word_1_1013' title='bbox 1975 2011 2020 2041; x_wconf 86' lang='lat' dir='ltr'>scu</span> <span class='ocrx_word' id='word_1_1014' title='bbox 2038 2021 2069 2041; x_wconf 88' lang='lat' dir='ltr'>ea</span> <span class='ocrx_word' id='word_1_1015' title='bbox 2086 2014 2287 2042; x_wconf 82' lang='lat' dir='ltr'>concernenti-</span> 
     </span>
     <span class='ocr_line' id='line_1_146' title="bbox 1222 2048 2286 2091; baseline -0.005 -5"><span class='ocrx_word' id='word_1_1016' title='bbox 1222 2056 1293 2091; x_wconf 82' lang='lat' dir='ltr'>bus,</span> <span class='ocrx_word' id='word_1_1017' title='bbox 1309 2054 1440 2091; x_wconf 81' lang='lat' dir='ltr'>Dixerit,</span> <span class='ocrx_word' id='word_1_1018' title='bbox 1457 2051 1719 2090; x_wconf 61' lang='lat' dir='ltr'>Appunchiaverit,</span> <span class='ocrx_word' id='word_1_1019' title='bbox 1739 2049 1919 2088; x_wconf 86' lang='lat' dir='ltr'>Promiserit,</span> <span class='ocrx_word' id='word_1_1020' title='bbox 1937 2048 2184 2088; x_wconf 85' lang='lat' dir='ltr'>Concordaverit,</span> <span class='ocrx_word' id='word_1_1021' title='bbox 2202 2049 2286 2081; x_wconf 92' lang='lat' dir='ltr'>Con-</span> 
     </span>
     <span class='ocr_line' id='line_1_147' title="bbox 1224 2089 1798 2130; baseline -0.009 -6"><span class='ocrx_word' id='word_1_1022' title='bbox 1224 2093 1356 2130; x_wconf 86' lang='lat' dir='ltr'>cluserit,</span> <span class='ocrx_word' id='word_1_1023' title='bbox 1375 2093 1432 2123; x_wconf 87' lang='lat' dir='ltr'>five</span> <span class='ocrx_word' id='word_1_1024' title='bbox 1451 2089 1558 2122; x_wconf 85' lang='lat' dir='ltr'>Fecerit</span> <span class='ocrx_word' id='word_1_1025' title='bbox 1569 2113 1579 2129; x_wconf 90' lang='lat'>‚</span> <span class='ocrx_word' id='word_1_1026' title='bbox 1597 2098 1628 2120; x_wconf 90' lang='lat' dir='ltr'>ut</span> <span class='ocrx_word' id='word_1_1027' title='bbox 1643 2090 1798 2128; x_wconf 76' lang='lat' dir='ltr'>praefertur.</span> 
     </span>
    </p>

    <p class='ocr_par' dir='ltr' id='par_1_62' title="bbox 1264 2131 1490 2170">
     <span class='ocr_line' id='line_1_148' title="bbox 1264 2131 1490 2170; baseline -0.004 -9"><span class='ocrx_word' id='word_1_1028' title='bbox 1264 2131 1297 2161; x_wconf 90' lang='lat' dir='ltr'>In</span> <span class='ocrx_word' id='word_1_1029' title='bbox 1312 2134 1391 2170; x_wconf 85' lang='lat' dir='ltr'>cujus</span> <span class='ocrx_word' id='word_1_1030' title='bbox 1401 2153 1411 2168; x_wconf 95' lang='lat'>,</span> <span class='ocrx_word' id='word_1_1031' title='bbox 1429 2131 1490 2161; x_wconf 84' lang='lat' dir='ltr'>&amp;c.</span> 
     </span>
    </p>

    <p class='ocr_par' dir='ltr' id='par_1_63' title="bbox 1231 2165 2284 2242">
     <span class='ocr_line' id='line_1_149' title="bbox 1259 2165 2284 2239; baseline -0.003 -39"><span class='ocrx_word' id='word_1_1032' title='bbox 1259 2169 1350 2239; x_wconf 75' lang='lat' dir='ltr'>Tebste</span> <span class='ocrx_word' id='word_1_1033' title='bbox 1370 2168 1452 2208; x_wconf 82' lang='lat' dir='ltr'>Rege</span> <span class='ocrx_word' id='word_1_1034' title='bbox 1473 2166 1547 2207; x_wconf 81' lang='lat' dir='ltr'>apud</span> <span class='ocrx_word' id='word_1_1035' title='bbox 1570 2165 1843 2207; x_wconf 72' lang='lat' dir='ltr'>Wstmonasterium,</span> <span class='ocrx_word' id='word_1_1036' title='bbox 1862 2165 2001 2198; x_wconf 80' lang='lat' dir='ltr'>vicefimo</span> <span class='ocrx_word' id='word_1_1037' title='bbox 2023 2174 2124 2205; x_wconf 87' lang='lat' dir='ltr'>quarto</span> <span class='ocrx_word' id='word_1_1038' title='bbox 2145 2165 2191 2197; x_wconf 86' lang='lat' dir='ltr'>die</span> <span class='ocrx_word' id='word_1_1039' title='bbox 2215 2166 2284 2197; x_wconf 78' lang='lat' dir='ltr'>No-</span> 
     </span>
     <span class='ocr_line' id='line_1_150' title="bbox 1231 2217 1366 2242; baseline -0.03 0"><span class='ocrx_word' id='word_1_1040' title='bbox 1231 2218 1299 2242; x_wconf 86' lang='lat' dir='ltr'>vem</span> <span class='ocrx_word' id='word_1_1041' title='bbox 1321 2217 1366 2239; x_wconf 79' lang='lat' dir='ltr'>ris.</span> 
     </span>
    </p>
   </div>
   <div class='ocr_carea' id='block_1_31' title="bbox 1436 304 1999 316">
    <p class='ocr_par' dir='ltr' id='par_1_64' title="bbox 1436 304 1999 316">
     <span class='ocr_line' id='line_1_151' title="bbox 1436 304 1999 316; baseline 0 0"><span class='ocrx_word' id='word_1_1042' title='bbox 1436 304 1999 316; x_wconf 95' lang='lat' dir='ltr'> </span> 
     </span>
    </p>
   </div>
   <div class='ocr_carea' id='block_1_32' title="bbox 1408 352 2058 401">
    <p class='ocr_par' dir='ltr' id='par_1_65' title="bbox 1408 352 2058 401">
     <span class='ocr_line' id='line_1_152' title="bbox 1408 352 2058 401; baseline 0.002 -14"><span class='ocrx_word' id='word_1_1043' title='bbox 1408 352 1457 387; x_wconf 87' lang='lat' dir='ltr'>De</span> <span class='ocrx_word' id='word_1_1044' title='bbox 1481 354 1731 388; x_wconf 79' lang='lat' dir='ltr'>communicando</span> <span class='ocrx_word' id='word_1_1045' title='bbox 1746 367 1814 388; x_wconf 86' lang='lat' dir='ltr'>cum</span> <span class='ocrx_word' id='word_1_1046' title='bbox 1833 357 1907 401; x_wconf 80' lang='lat' dir='ltr'>Rege</span> <span class='ocrx_word' id='word_1_1047' title='bbox 1925 353 2058 398; x_wconf 71' lang='lat' dir='ltr'>Castellae.</span> 
     </span>
    </p>
   </div>
   <div class='ocr_carea' id='block_1_33' title="bbox 1904 2242 2174 2283">
    <p class='ocr_par' dir='ltr' id='par_1_66' title="bbox 1904 2242 2174 2283">
     <span class='ocr_line' id='line_1_153' title="bbox 1904 2242 2174 2283; baseline 0 -10"><span class='ocrx_word' id='word_1_1048' title='bbox 1904 2242 1959 2273; x_wconf 87' lang='lat' dir='ltr'>Per</span> <span class='ocrx_word' id='word_1_1049' title='bbox 1975 2242 2057 2283; x_wconf 74' lang='lat' dir='ltr'>ipst&#39;tm</span> <span class='ocrx_word' id='word_1_1050' title='bbox 2069 2246 2174 2282; x_wconf 81' lang='lat' dir='ltr'>Regem.</span> 
     </span>
    </p>
   </div>
   <div class='ocr_carea' id='block_1_34' title="bbox 1306 2368 2210 2419">
    <p class='ocr_par' dir='ltr' id='par_1_67' title="bbox 1306 2368 2210 2419">
     <span class='ocr_line' id='line_1_154' title="bbox 1306 2368 2210 2419; baseline -0.003 -11"><span class='ocrx_word' id='word_1_1051' title='bbox 1306 2374 1353 2408; x_wconf 74' lang='lat' dir='ltr'>De</span> <span class='ocrx_word' id='word_1_1052' title='bbox 1373 2368 1580 2418; x_wconf 68' lang='lat' dir='ltr'>Coloniesfibus</span> <span class='ocrx_word' id='word_1_1053' title='bbox 1599 2368 1706 2419; x_wconf 56' lang='lat' dir='ltr'>Hans}</span> <span class='ocrx_word' id='word_1_1054' title='bbox 1727 2368 1931 2406; x_wconf 72' lang='lat' dir='ltr'>Reconciliatis</span> <span class='ocrx_word' id='word_1_1055' title='bbox 1948 2371 2210 2418; x_wconf 80' lang='lat' dir='ltr'>Certificatorium.</span> 
     </span>
    </p>
   </div>
   <div class='ocr_carea' id='block_1_35' title="bbox 1230 2447 2447 3876">
    <p class='ocr_par' dir='ltr' id='par_1_68' title="bbox 1230 2447 2447 2687">
     <span class='ocr_line' id='line_1_155' title="bbox 1230 2447 2447 2524; baseline -0.006 -32"><span class='ocrx_word' id='word_1_1056' title='bbox 1230 2460 1443 2524; x_wconf 83' lang='lat' dir='ltr'>SEreniffimo</span> <span class='ocrx_word' id='word_1_1057' title='bbox 1462 2457 1708 2496; x_wconf 70' lang='lat' dir='ltr'>Invifflffimoque</span> <span class='ocrx_word' id='word_1_1058' title='bbox 1725 2457 1850 2495; x_wconf 87' lang='lat' dir='ltr'>Principi</span> <span class='ocrx_word' id='word_1_1059' title='bbox 1871 2456 1904 2488; x_wconf 75' lang='grc' dir='ltr'>δε</span> <span class='ocrx_word' id='word_1_1060' title='bbox 1923 2455 2059 2487; x_wconf 86' lang='lat' dir='ltr'>Domino</span> <span class='ocrx_word' id='word_1_1061' title='bbox 2078 2455 2215 2487; x_wconf 89' lang='lat' dir='ltr'>Domino</span> <span class='ocrx_word' id='word_1_1062' title='bbox 2231 2454 2292 2486; x_wconf 79' lang='lat' dir='ltr'>Ed·</span> <span class='ocrx_word' id='word_1_1063' title='bbox 2316 2447 2447 2484; x_wconf 76' lang='lat' dir='ltr'>Anu-D·</span> 
     </span>
     <span class='ocr_line' id='line_1_156' title="bbox 1289 2490 2423 2536; baseline -0.005 -7"><span class='ocrx_word' id='word_1_1064' title='bbox 1289 2500 1386 2530; x_wconf 78' lang='lat' dir='ltr'>wardo</span> <span class='ocrx_word' id='word_1_1065' title='bbox 1403 2498 1514 2536; x_wconf 81' lang='lat' dir='ltr'>Angliae</span> <span class='ocrx_word' id='word_1_1066' title='bbox 1535 2497 1572 2532; x_wconf 55' lang='grc' dir='ltr'>(ῥ’</span> <span class='ocrx_word' id='word_1_1067' title='bbox 1595 2500 1716 2527; x_wconf 78' lang='lat' dir='ltr'>Franciae</span> <span class='ocrx_word' id='word_1_1068' title='bbox 1737 2499 1827 2534; x_wconf 66' lang='lat' dir='ltr'>Regi,</span> <span class='ocrx_word' id='word_1_1069' title='bbox 1854 2496 1888 2525; x_wconf 88' lang='lat'>&amp;</span> <span class='ocrx_word' id='word_1_1070' title='bbox 1910 2497 2026 2524; x_wconf 84' lang='lat' dir='ltr'>Domino</span> <span class='ocrx_word' id='word_1_1071' title='bbox 2049 2497 2190 2525; x_wconf 82' lang='lat' dir='ltr'>Hiberniae</span> <span class='ocrx_word' id='word_1_1072' title='bbox 2204 2519 2214 2535; x_wconf 78' lang='lat'>‚</span> <span class='ocrx_word' id='word_1_1073' title='bbox 2231 2493 2291 2529; x_wconf 82' lang='lat' dir='ltr'>&amp;c.</span> <span class='ocrx_word' id='word_1_1074' title='bbox 2339 2490 2423 2530; x_wconf 85' lang='lat'>1476·</span> 
     </span>
     <span class='ocr_line' id='line_1_157' title="bbox 1233 2531 2429 2573; baseline -0.007 -3"><span class='ocrx_word' id='word_1_1075' title='bbox 1233 2540 1368 2571; x_wconf 86' lang='lat' dir='ltr'>Domino</span> <span class='ocrx_word' id='word_1_1076' title='bbox 1385 2536 1610 2573; x_wconf 75' lang='lat' dir='ltr'>Granolisfimo,</span> <span class='ocrx_word' id='word_1_1077' title='bbox 1630 2534 1796 2573; x_wconf 68' lang='lat' dir='ltr'>Proconfisles</span> <span class='ocrx_word' id='word_1_1078' title='bbox 1808 2541 1890 2573; x_wconf 81' lang='lat' dir='ltr'>atque</span> <span class='ocrx_word' id='word_1_1079' title='bbox 1908 2533 2032 2573; x_wconf 71' lang='lat' dir='ltr'>Confiaeler</span> <span class='ocrx_word' id='word_1_1080' title='bbox 2049 2533 2201 2572; x_wconf 76' lang='lat' dir='ltr'>Imperialir</span> <span class='ocrx_word' id='word_1_1081' title='bbox 2216 2537 2293 2564; x_wconf 79' lang='lat' dir='ltr'>Civi-</span> <span class='ocrx_word' id='word_1_1082' title='bbox 2322 2535 2373 2558; x_wconf 80' lang='lat' dir='ltr'>An.</span> <span class='ocrx_word' id='word_1_1083' title='bbox 2387 2531 2429 2557; x_wconf 80' lang='lat'>¹6·</span> 
     </span>
     <span class='ocr_line' id='line_1_158' title="bbox 1232 2568 2406 2614; baseline -0.004 -6"><span class='ocrx_word' id='word_1_1084' title='bbox 1232 2582 1302 2610; x_wconf 74' lang='lat' dir='ltr'>tatis</span> <span class='ocrx_word' id='word_1_1085' title='bbox 1314 2575 1482 2614; x_wconf 69' lang='lat' dir='ltr'>Lubicenfis,</span> <span class='ocrx_word' id='word_1_1086' title='bbox 1501 2575 1574 2606; x_wconf 87' lang='lat' dir='ltr'>Vice</span> <span class='ocrx_word' id='word_1_1087' title='bbox 1591 2574 1624 2605; x_wconf 86' lang='lat'>&amp;</span> <span class='ocrx_word' id='word_1_1088' title='bbox 1646 2572 1780 2604; x_wconf 86' lang='lat' dir='ltr'>Nomine</span> <span class='ocrx_word' id='word_1_1089' title='bbox 1798 2581 1884 2603; x_wconf 81' lang='lat' dir='ltr'>totius</span> <span class='ocrx_word' id='word_1_1090' title='bbox 1903 2568 1992 2612; x_wconf 85' lang='lat' dir='ltr'>Ansae</span> <span class='ocrx_word' id='word_1_1091' title='bbox 2007 2571 2176 2603; x_wconf 81' lang='lat' dir='ltr'>Theutonicae</span> <span class='ocrx_word' id='word_1_1092' title='bbox 2192 2573 2226 2603; x_wconf 76' lang='lat' dir='ltr'>ad</span> <span class='ocrx_word' id='word_1_1093' title='bbox 2245 2573 2294 2603; x_wconf 89' lang='lat' dir='ltr'>In·</span> <span class='ocrx_word' id='word_1_1094' title='bbox 2324 2573 2351 2596; x_wconf 78' lang='lat' dir='ltr'>E·</span> <span class='ocrx_word' id='word_1_1095' title='bbox 2377 2578 2406 2603; x_wconf 89' lang='lat'>4·</span> 
     </span>
     <span class='ocr_line' id='line_1_159' title="bbox 1233 2610 2432 2654; baseline -0.007 -6"><span class='ocrx_word' id='word_1_1096' title='bbox 1233 2617 1373 2654; x_wconf 83' lang='lat' dir='ltr'>frascripta</span> <span class='ocrx_word' id='word_1_1097' title='bbox 1389 2615 1524 2653; x_wconf 77' lang='lat' dir='ltr'>legittime</span> <span class='ocrx_word' id='word_1_1098' title='bbox 1543 2613 1699 2644; x_wconf 62' lang='lat' dir='ltr'>audiorilati</span> <span class='ocrx_word' id='word_1_1099' title='bbox 1714 2635 1724 2651; x_wconf 97' lang='lat'>,</span> <span class='ocrx_word' id='word_1_1100' title='bbox 1748 2611 1928 2642; x_wconf 82' lang='lat' dir='ltr'>humilimam</span> <span class='ocrx_word' id='word_1_1101' title='bbox 1954 2611 2117 2642; x_wconf 86' lang='lat' dir='ltr'>nostrorum</span> <span class='ocrx_word' id='word_1_1102' title='bbox 2135 2610 2298 2650; x_wconf 79' lang='lat' dir='ltr'>Obsequio-</span> <span class='ocrx_word' id='word_1_1103' title='bbox 2319 2612 2357 2635; x_wconf 77' lang='lat' dir='ltr'>Ex</span> <span class='ocrx_word' id='word_1_1104' title='bbox 2372 2611 2432 2634; x_wconf 70' lang='lat' dir='ltr'>Au-</span> 
     </span>
     <span class='ocr_line' id='line_1_160' title="bbox 1235 2649 2383 2687; baseline -0.013 0"><span class='ocrx_word' id='word_1_1105' title='bbox 1235 2666 1299 2687; x_wconf 88' lang='lat' dir='ltr'>rum</span> <span class='ocrx_word' id='word_1_1106' title='bbox 1319 2664 1388 2685; x_wconf 89' lang='lat' dir='ltr'>cum</span> <span class='ocrx_word' id='word_1_1107' title='bbox 1405 2653 1587 2684; x_wconf 88' lang='lat' dir='ltr'>Praesentium</span> <span class='ocrx_word' id='word_1_1108' title='bbox 1606 2650 1706 2681; x_wconf 71' lang='lat' dir='ltr'>notitia</span> <span class='ocrx_word' id='word_1_1109' title='bbox 1726 2650 1833 2681; x_wconf 84' lang='lat' dir='ltr'>veritati</span> <span class='ocrx_word' id='word_1_1110' title='bbox 1852 2649 2076 2681; x_wconf 78' lang='lat' dir='ltr'>Exhibitionem.</span> <span class='ocrx_word' id='word_1_1111' title='bbox 2318 2655 2383 2683; x_wconf 77' lang='lat' dir='ltr'>togr.</span> 
     </span>
    </p>

    <p class='ocr_par' dir='ltr' id='par_1_69' title="bbox 1233 2688 2300 2879">
     <span class='ocr_line' id='line_1_161' title="bbox 1274 2688 2299 2729; baseline -0.004 -5"><span class='ocrx_word' id='word_1_1112' title='bbox 1274 2692 1389 2724; x_wconf 84' lang='lat' dir='ltr'>Pridem</span> <span class='ocrx_word' id='word_1_1113' title='bbox 1404 2717 1413 2729; x_wconf 74' lang='lat'>,</span> <span class='ocrx_word' id='word_1_1114' title='bbox 1439 2691 1535 2722; x_wconf 71' lang='lat' dir='ltr'>habita</span> <span class='ocrx_word' id='word_1_1115' title='bbox 1562 2688 1669 2720; x_wconf 70' lang='lat' dir='ltr'>matura</span> <span class='ocrx_word' id='word_1_1116' title='bbox 1693 2688 1979 2726; x_wconf 64' lang='lat' dir='ltr'>Circumspectione,</span> <span class='ocrx_word' id='word_1_1117' title='bbox 2004 2697 2087 2727; x_wconf 84' lang='lat' dir='ltr'>atque</span> <span class='ocrx_word' id='word_1_1118' title='bbox 2114 2689 2195 2719; x_wconf 84' lang='lat' dir='ltr'>tentis</span> <span class='ocrx_word' id='word_1_1119' title='bbox 2218 2690 2299 2720; x_wconf 85' lang='lat' dir='ltr'>variis</span> 
     </span>
     <span class='ocr_line' id='line_1_162' title="bbox 1234 2726 2299 2768; baseline -0.006 -5"><span class='ocrx_word' id='word_1_1120' title='bbox 1234 2731 1416 2763; x_wconf 67' lang='lat' dir='ltr'>Tractatibus</span> <span class='ocrx_word' id='word_1_1121' title='bbox 1450 2740 1500 2768; x_wconf 89' lang='lat' dir='ltr'>per</span> <span class='ocrx_word' id='word_1_1122' title='bbox 1518 2729 1658 2766; x_wconf 72' lang='lat' dir='ltr'>Egrevios</span> <span class='ocrx_word' id='word_1_1123' title='bbox 1677 2726 1761 2757; x_wconf 89' lang='lat' dir='ltr'>Viros</span> <span class='ocrx_word' id='word_1_1124' title='bbox 1777 2749 1786 2764; x_wconf 94' lang='lat'>‚</span> <span class='ocrx_word' id='word_1_1125' title='bbox 1805 2727 1929 2764; x_wconf 72' lang='lat' dir='ltr'>praefiitae</span> <span class='ocrx_word' id='word_1_1126' title='bbox 1947 2727 2030 2758; x_wconf 82' lang='lat' dir='ltr'>Ansae</span> <span class='ocrx_word' id='word_1_1127' title='bbox 2050 2726 2155 2757; x_wconf 83' lang='lat' dir='ltr'>nostrae</span> <span class='ocrx_word' id='word_1_1128' title='bbox 2172 2726 2299 2758; x_wconf 88' lang='lat' dir='ltr'>Confoe-</span> 
     </span>
     <span class='ocr_line' id='line_1_163' title="bbox 1233 2753 2300 2805; baseline -0.006 -4"><span class='ocrx_word' id='word_1_1129' title='bbox 1233 2771 1384 2801; x_wconf 85' lang='lat' dir='ltr'>derationis</span> <span class='ocrx_word' id='word_1_1130' title='bbox 1437 2778 1556 2805; x_wconf 83' lang='lat' dir='ltr'>ratores,</span> <span class='ocrx_word' id='word_1_1131' title='bbox 1574 2753 1713 2797; x_wconf 66' lang='lat' dir='ltr'>N&#39;uncios</span> <span class='ocrx_word' id='word_1_1132' title='bbox 1731 2789 1741 2805; x_wconf 90' lang='lat'>,</span> <span class='ocrx_word' id='word_1_1133' title='bbox 1756 2765 1789 2797; x_wconf 76' lang='grc' dir='ltr'>δε</span> <span class='ocrx_word' id='word_1_1134' title='bbox 1808 2765 2025 2797; x_wconf 83' lang='lat' dir='ltr'>Ambasfiatores</span> <span class='ocrx_word' id='word_1_1135' title='bbox 2044 2788 2056 2805; x_wconf 84' lang='lat'>‚</span> <span class='ocrx_word' id='word_1_1136' title='bbox 2076 2766 2104 2795; x_wconf 88' lang='lat' dir='ltr'>in</span> <span class='ocrx_word' id='word_1_1137' title='bbox 2123 2768 2209 2796; x_wconf 77' lang='lat' dir='ltr'>Dieta</span> <span class='ocrx_word' id='word_1_1138' title='bbox 2230 2769 2300 2796; x_wconf 86' lang='lat' dir='ltr'>Bre-</span> 
     </span>
     <span class='ocr_line' id='line_1_164' title="bbox 1235 2803 2300 2879; baseline -0.004 -40"><span class='ocrx_word' id='word_1_1139' title='bbox 1235 2808 1317 2879; x_wconf 51' lang='lat' dir='ltr'>vfienfi</span> <span class='ocrx_word' id='word_1_1140' title='bbox 1333 2808 1367 2839; x_wconf 86' lang='lat' dir='ltr'>ad</span> <span class='ocrx_word' id='word_1_1141' title='bbox 1385 2806 1491 2838; x_wconf 82' lang='lat' dir='ltr'>Placita</span> <span class='ocrx_word' id='word_1_1142' title='bbox 1510 2814 1716 2846; x_wconf 80' lang='lat' dir='ltr'>congregatos,</span> <span class='ocrx_word' id='word_1_1143' title='bbox 1733 2806 1770 2835; x_wconf 87' lang='lat' dir='ltr'>de</span> <span class='ocrx_word' id='word_1_1144' title='bbox 1784 2805 1817 2835; x_wconf 92' lang='lat'>&amp;</span> <span class='ocrx_word' id='word_1_1145' title='bbox 1835 2804 1914 2843; x_wconf 89' lang='lat' dir='ltr'>super</span> <span class='ocrx_word' id='word_1_1146' title='bbox 1928 2804 2036 2843; x_wconf 87' lang='lat' dir='ltr'>aliquot</span> <span class='ocrx_word' id='word_1_1147' title='bbox 2050 2803 2300 2841; x_wconf 85' lang='lat' dir='ltr'>Displicentiarum</span> 
     </span>
    </p>

    <p class='ocr_par' dir='ltr' id='par_1_70' title="bbox 1270 2851 1339 2879">
     <span class='ocr_line' id='line_1_165' title="bbox 1270 2851 1339 2879; baseline -0.029 0"><span class='ocrx_word' id='word_1_1148' title='bbox 1270 2851 1339 2879; x_wconf 87' lang='lat' dir='ltr'>ebus</span> 
     </span>
    </p>

    <p class='ocr_par' dir='ltr' id='par_1_71' title="bbox 1235 2870 2302 3000">
     <span class='ocr_line' id='line_1_166' title="bbox 1275 2870 2302 2925; baseline -0.007 -9"><span class='ocrx_word' id='word_1_1149' title='bbox 1275 2870 1406 2925; x_wconf 66' lang='lat' dir='ltr'>Quar’um</span> <span class='ocrx_word' id='word_1_1150' title='bbox 1424 2881 1516 2915; x_wconf 55' lang='lat' dir='ltr'>Causa</span> <span class='ocrx_word' id='word_1_1151' title='bbox 1535 2881 1642 2913; x_wconf 87' lang='lat' dir='ltr'>Civitas</span> <span class='ocrx_word' id='word_1_1152' title='bbox 1657 2878 1851 2918; x_wconf 77' lang='lat' dir='ltr'>Colonienfis,</span> <span class='ocrx_word' id='word_1_1153' title='bbox 1869 2890 1938 2911; x_wconf 87' lang='lat' dir='ltr'>cum</span> <span class='ocrx_word' id='word_1_1154' title='bbox 1951 2880 2082 2911; x_wconf 79' lang='lat' dir='ltr'>universis</span> <span class='ocrx_word' id='word_1_1155' title='bbox 2096 2879 2224 2910; x_wconf 79' lang='lat' dir='ltr'>Perlbnis</span> <span class='ocrx_word' id='word_1_1156' title='bbox 2239 2879 2302 2919; x_wconf 87' lang='lat' dir='ltr'>suis,</span> 
     </span>
     <span class='ocr_line' id='line_1_167' title="bbox 1235 2917 2302 2959; baseline -0.007 -3"><span class='ocrx_word' id='word_1_1157' title='bbox 1235 2934 1250 2955; x_wconf 87' lang='lat' dir='ltr'>a</span> <span class='ocrx_word' id='word_1_1158' title='bbox 1268 2926 1374 2956; x_wconf 81' lang='lat' dir='ltr'>caeteris</span> <span class='ocrx_word' id='word_1_1159' title='bbox 1394 2922 1579 2958; x_wconf 80' lang='lat' dir='ltr'>Civitatibus,</span> <span class='ocrx_word' id='word_1_1160' title='bbox 1598 2920 1702 2958; x_wconf 88' lang='lat' dir='ltr'>Locis,</span> <span class='ocrx_word' id='word_1_1161' title='bbox 1719 2920 1753 2950; x_wconf 89' lang='lat'>&amp;</span> <span class='ocrx_word' id='word_1_1162' title='bbox 1772 2918 1898 2950; x_wconf 78' lang='lat' dir='ltr'>Pei-sonis</span> <span class='ocrx_word' id='word_1_1163' title='bbox 1913 2941 1923 2958; x_wconf 88' lang='lat'>‚</span> <span class='ocrx_word' id='word_1_1164' title='bbox 1941 2918 2052 2959; x_wconf 54' lang='lat' dir='ltr'>Ansam</span> <span class='ocrx_word' id='word_1_1165' title='bbox 2069 2918 2155 2957; x_wconf 89' lang='lat' dir='ltr'>ipsam</span> <span class='ocrx_word' id='word_1_1166' title='bbox 2174 2917 2302 2949; x_wconf 76' lang='lat' dir='ltr'>facienti-</span> 
     </span>
     <span class='ocr_line' id='line_1_168' title="bbox 1237 2957 2031 3000; baseline -0.009 -6"><span class='ocrx_word' id='word_1_1167' title='bbox 1237 2964 1306 3000; x_wconf 89' lang='lat' dir='ltr'>bus,</span> <span class='ocrx_word' id='word_1_1168' title='bbox 1324 2961 1495 3000; x_wconf 84' lang='lat' dir='ltr'>aliquamdiu</span> <span class='ocrx_word' id='word_1_1169' title='bbox 1515 2961 1645 2997; x_wconf 84' lang='lat' dir='ltr'>Seperata</span> <span class='ocrx_word' id='word_1_1170' title='bbox 1663 2958 1717 2988; x_wconf 80' lang='lat' dir='ltr'>fuit</span> <span class='ocrx_word' id='word_1_1171' title='bbox 1734 2967 1816 2995; x_wconf 85' lang='lat' dir='ltr'>atque</span> <span class='ocrx_word' id='word_1_1172' title='bbox 1834 2957 2031 2988; x_wconf 84' lang='lat' dir='ltr'>Dimembrata</span> 
     </span>
    </p>

    <p class='ocr_par' dir='ltr' id='par_1_72' title="bbox 1237 2981 2301 3113">
     <span class='ocr_line' id='line_1_169' title="bbox 1274 2981 2300 3039; baseline -0.006 -7"><span class='ocrx_word' id='word_1_1173' title='bbox 1274 3001 1351 3032; x_wconf 89' lang='lat' dir='ltr'>Inter</span> <span class='ocrx_word' id='word_1_1174' title='bbox 1369 3000 1492 3038; x_wconf 80' lang='lat' dir='ltr'>praefatae</span> <span class='ocrx_word' id='word_1_1175' title='bbox 1510 2998 1615 3029; x_wconf 82' lang='lat' dir='ltr'>nostrae</span> <span class='ocrx_word' id='word_1_1176' title='bbox 1634 2996 1893 3039; x_wconf 78' lang='lat' dir='ltr'>Confoederationis</span> <span class='ocrx_word' id='word_1_1177' title='bbox 1912 2995 1996 3026; x_wconf 82' lang='lat' dir='ltr'>Ansae</span> <span class='ocrx_word' id='word_1_1178' title='bbox 2019 2981 2214 3027; x_wconf 78' lang='lat' dir='ltr'>&#39;f&#39;heutonicae</span> <span class='ocrx_word' id='word_1_1179' title='bbox 2229 3018 2239 3033; x_wconf 88' lang='lat'>‚</span> <span class='ocrx_word' id='word_1_1180' title='bbox 2265 3001 2300 3026; x_wconf 78' lang='lat' dir='ltr'>ex</span> 
     </span>
     <span class='ocr_line' id='line_1_170' title="bbox 1237 3032 2299 3077; baseline -0.006 -7"><span class='ocrx_word' id='word_1_1181' title='bbox 1237 3040 1312 3077; x_wconf 68' lang='lat' dir='ltr'>unzi,</span> <span class='ocrx_word' id='word_1_1182' title='bbox 1330 3040 1362 3070; x_wconf 92' lang='lat'>&amp;</span> <span class='ocrx_word' id='word_1_1183' title='bbox 1382 3038 1468 3069; x_wconf 62' lang='lat' dir='ltr'>diet-&lt;e</span> <span class='ocrx_word' id='word_1_1184' title='bbox 1488 3038 1507 3056; x_wconf 69' lang='lat'>*¹²</span> <span class='ocrx_word' id='word_1_1185' title='bbox 1525 3035 1655 3067; x_wconf 87' lang='lat' dir='ltr'>Civitatis</span> <span class='ocrx_word' id='word_1_1186' title='bbox 1671 3034 1849 3065; x_wconf 80' lang='lat' dir='ltr'>Colonienfis</span> <span class='ocrx_word' id='word_1_1187' title='bbox 1862 3058 1872 3072; x_wconf 87' lang='lat'>,</span> <span class='ocrx_word' id='word_1_1188' title='bbox 1891 3043 1925 3064; x_wconf 88' lang='lat' dir='ltr'>ex</span> <span class='ocrx_word' id='word_1_1189' title='bbox 1942 3034 2026 3065; x_wconf 84' lang='lat' dir='ltr'>altera</span> <span class='ocrx_word' id='word_1_1190' title='bbox 2045 3034 2174 3066; x_wconf 87' lang='lat' dir='ltr'>Partibus</span> <span class='ocrx_word' id='word_1_1191' title='bbox 2190 3059 2200 3071; x_wconf 86' lang='lat'>‚</span> <span class='ocrx_word' id='word_1_1192' title='bbox 2217 3032 2299 3065; x_wconf 85' lang='lat' dir='ltr'>Met—</span> 
     </span>
     <span class='ocr_line' id='line_1_171' title="bbox 1237 3073 2301 3113; baseline -0.006 -5"><span class='ocrx_word' id='word_1_1193' title='bbox 1237 3087 1345 3109; x_wconf 85' lang='lat' dir='ltr'>catores</span> <span class='ocrx_word' id='word_1_1194' title='bbox 1370 3078 1403 3108; x_wconf 85' lang='lat'>&amp;</span> <span class='ocrx_word' id='word_1_1195' title='bbox 1428 3075 1570 3107; x_wconf 85' lang='lat' dir='ltr'>Homines</span> <span class='ocrx_word' id='word_1_1196' title='bbox 1587 3098 1596 3111; x_wconf 83' lang='lat'>‚</span> <span class='ocrx_word' id='word_1_1197' title='bbox 1621 3073 1852 3113; x_wconf 87' lang='lat' dir='ltr'>provenientibus</span> <span class='ocrx_word' id='word_1_1198' title='bbox 1878 3073 1911 3104; x_wconf 91' lang='lat'>&amp;</span> <span class='ocrx_word' id='word_1_1199' title='bbox 1937 3074 2040 3104; x_wconf 82' lang='lat' dir='ltr'>exortis</span> <span class='ocrx_word' id='word_1_1200' title='bbox 2066 3073 2301 3112; x_wconf 86' lang='lat' dir='ltr'>quomodocum-</span> 
     </span>
    </p>

    <p class='ocr_par' dir='ltr' id='par_1_73' title="bbox 1240 3126 2306 3418">
     <span class='ocr_line' id='line_1_172' title="bbox 1264 3126 1298 3146; baseline 0 0"><span class='ocrx_word' id='word_1_1201' title='bbox 1264 3126 1298 3146; x_wconf 88' lang='lat' dir='ltr'>ue</span> 
     </span>
     <span class='ocr_line' id='line_1_173' title="bbox 1241 3126 2302 3192; baseline -0.008 -6"><span class='ocrx_word' id='word_1_1202' title='bbox 1241 3126 1260 3155; x_wconf 72' lang='lat' dir='ltr'><strong>q</strong></span> <span class='ocrx_word' id='word_1_1203' title='bbox 1277 3141 1315 3185; x_wconf 66' lang='grc' dir='ltr'>Εέ</span> <span class='ocrx_word' id='word_1_1204' title='bbox 1333 3155 1374 3185; x_wconf 89' lang='lat' dir='ltr'>ob</span> <span class='ocrx_word' id='word_1_1205' title='bbox 1391 3152 1418 3183; x_wconf 89' lang='lat' dir='ltr'>id</span> <span class='ocrx_word' id='word_1_1206' title='bbox 1438 3149 1554 3192; x_wconf 79' lang='lat' dir='ltr'>ejusdem</span> <span class='ocrx_word' id='word_1_1207' title='bbox 1573 3148 1662 3189; x_wconf 72' lang='lat' dir='ltr'>Anfie</span> <span class='ocrx_word' id='word_1_1208' title='bbox 1680 3158 1750 3180; x_wconf 88' lang='lat' dir='ltr'>cum</span> <span class='ocrx_word' id='word_1_1209' title='bbox 1769 3149 1851 3190; x_wconf 80' lang='lat' dir='ltr'>ipsius</span> <span class='ocrx_word' id='word_1_1210' title='bbox 1866 3149 1997 3181; x_wconf 80' lang='lat' dir='ltr'>Civitatis</span> <span class='ocrx_word' id='word_1_1211' title='bbox 2016 3149 2195 3181; x_wconf 80' lang='lat' dir='ltr'>Coloniensis</span> <span class='ocrx_word' id='word_1_1212' title='bbox 2216 3148 2302 3188; x_wconf 85' lang='lat' dir='ltr'>Mag—</span> 
     </span>
     <span class='ocr_line' id='line_1_174' title="bbox 1241 3187 2303 3228; baseline -0.006 -5"><span class='ocrx_word' id='word_1_1213' title='bbox 1241 3188 1319 3223; x_wconf 80' lang='lat' dir='ltr'>nifici</span> <span class='ocrx_word' id='word_1_1214' title='bbox 1348 3188 1533 3228; x_wconf 70' lang='lat' dir='ltr'>Magistratus</span> <span class='ocrx_word' id='word_1_1215' title='bbox 1552 3188 1721 3220; x_wconf 86' lang='lat' dir='ltr'>Oratoribus</span> <span class='ocrx_word' id='word_1_1216' title='bbox 1735 3195 1818 3227; x_wconf 86' lang='lat' dir='ltr'>atque</span> <span class='ocrx_word' id='word_1_1217' title='bbox 1836 3187 1964 3219; x_wconf 80' lang='lat' dir='ltr'>Nunciis</span> <span class='ocrx_word' id='word_1_1218' title='bbox 1979 3212 1990 3227; x_wconf 82' lang='lat'>‚</span> <span class='ocrx_word' id='word_1_1219' title='bbox 2013 3189 2061 3226; x_wconf 88' lang='lat' dir='ltr'>spe</span> <span class='ocrx_word' id='word_1_1220' title='bbox 2078 3188 2303 3226; x_wconf 49' lang='lat' dir='ltr'>Componendre</span> 
     </span>
     <span class='ocr_line' id='line_1_175' title="bbox 1241 3225 2304 3268; baseline -0.006 -7"><span class='ocrx_word' id='word_1_1221' title='bbox 1241 3230 1505 3268; x_wconf 79' lang='lat' dir='ltr'>Reformandaeque</span> <span class='ocrx_word' id='word_1_1222' title='bbox 1525 3228 1605 3258; x_wconf 90' lang='lat' dir='ltr'>Pacis</span> <span class='ocrx_word' id='word_1_1223' title='bbox 1624 3236 1708 3265; x_wconf 88' lang='lat' dir='ltr'>atque</span> <span class='ocrx_word' id='word_1_1224' title='bbox 1725 3225 1836 3258; x_wconf 86' lang='lat' dir='ltr'>Veteris</span> <span class='ocrx_word' id='word_1_1225' title='bbox 1854 3228 1999 3257; x_wconf 77' lang='lat' dir='ltr'>Amicitiae</span> <span class='ocrx_word' id='word_1_1226' title='bbox 2024 3236 2072 3263; x_wconf 84' lang='lat' dir='ltr'>per</span> <span class='ocrx_word' id='word_1_1227' title='bbox 2087 3235 2179 3256; x_wconf 87' lang='lat' dir='ltr'>certos</span> <span class='ocrx_word' id='word_1_1228' title='bbox 2196 3226 2304 3256; x_wconf 89' lang='lat' dir='ltr'>ibidem</span> 
     </span>
     <span class='ocr_line' id='line_1_176' title="bbox 1240 3264 2302 3304; baseline -0.005 -4"><span class='ocrx_word' id='word_1_1229' title='bbox 1240 3270 1311 3300; x_wconf 83' lang='lat' dir='ltr'>Dies</span> <span class='ocrx_word' id='word_1_1230' title='bbox 1341 3270 1446 3299; x_wconf 78' lang='lat' dir='ltr'>mutuo</span> <span class='ocrx_word' id='word_1_1231' title='bbox 1472 3266 1681 3298; x_wconf 80' lang='lat' dir='ltr'>remanentibus</span> <span class='ocrx_word' id='word_1_1232' title='bbox 1696 3287 1706 3303; x_wconf 84' lang='lat'>,</span> <span class='ocrx_word' id='word_1_1233' title='bbox 1731 3265 1900 3304; x_wconf 87' lang='lat' dir='ltr'>quousque,</span> <span class='ocrx_word' id='word_1_1234' title='bbox 1924 3265 2000 3296; x_wconf 63' lang='lat' dir='ltr'>dicta</span> <span class='ocrx_word' id='word_1_1235' title='bbox 2019 3264 2094 3294; x_wconf 89' lang='lat' dir='ltr'>Pace</span> <span class='ocrx_word' id='word_1_1236' title='bbox 2111 3265 2144 3294; x_wconf 89' lang='lat'>&amp;</span> <span class='ocrx_word' id='word_1_1237' title='bbox 2166 3264 2302 3296; x_wconf 68' lang='lat' dir='ltr'>Amicitia</span> 
     </span>
     <span class='ocr_line' id='line_1_177' title="bbox 1240 3303 2306 3344; baseline -0.006 -5"><span class='ocrx_word' id='word_1_1238' title='bbox 1240 3310 1314 3339; x_wconf 84' lang='lat' dir='ltr'>inter</span> <span class='ocrx_word' id='word_1_1239' title='bbox 1338 3307 1474 3337; x_wconf 76' lang='lat' dir='ltr'>Oratores</span> <span class='ocrx_word' id='word_1_1240' title='bbox 1499 3305 1570 3344; x_wconf 86' lang='lat' dir='ltr'>ipsos</span> <span class='ocrx_word' id='word_1_1241' title='bbox 1594 3304 1732 3334; x_wconf 84' lang='lat' dir='ltr'>Nomine</span> <span class='ocrx_word' id='word_1_1242' title='bbox 1749 3304 1864 3335; x_wconf 88' lang='lat' dir='ltr'>suorum</span> <span class='ocrx_word' id='word_1_1243' title='bbox 1883 3303 2069 3340; x_wconf 84' lang='lat' dir='ltr'>Superiorum</span> <span class='ocrx_word' id='word_1_1244' title='bbox 2086 3303 2162 3332; x_wconf 74' lang='lat' dir='ltr'>bene</span> <span class='ocrx_word' id='word_1_1245' title='bbox 2179 3312 2306 3340; x_wconf 90' lang='lat' dir='ltr'>compo-</span> 
     </span>
     <span class='ocr_line' id='line_1_178' title="bbox 1241 3340 2306 3381; baseline -0.007 -3"><span class='ocrx_word' id='word_1_1246' title='bbox 1241 3347 1296 3378; x_wconf 86' lang='lat' dir='ltr'>fitis</span> <span class='ocrx_word' id='word_1_1247' title='bbox 1311 3345 1477 3377; x_wconf 81' lang='lat' dir='ltr'>alterutrum</span> <span class='ocrx_word' id='word_1_1248' title='bbox 1490 3367 1499 3381; x_wconf 78' lang='lat'><strong>‚</strong></span> <span class='ocrx_word' id='word_1_1249' title='bbox 1525 3343 1634 3374; x_wconf 88' lang='lat' dir='ltr'>easdem</span> <span class='ocrx_word' id='word_1_1250' title='bbox 1653 3343 1747 3373; x_wconf 86' lang='lat' dir='ltr'>Partes</span> <span class='ocrx_word' id='word_1_1251' title='bbox 1767 3342 1817 3373; x_wconf 85' lang='lat' dir='ltr'>fibi</span> <span class='ocrx_word' id='word_1_1252' title='bbox 1835 3343 1961 3373; x_wconf 88' lang='lat' dir='ltr'>invicem</span> <span class='ocrx_word' id='word_1_1253' title='bbox 1980 3341 2114 3371; x_wconf 72' lang='lat' dir='ltr'>Reunitas</span> <span class='ocrx_word' id='word_1_1254' title='bbox 2132 3341 2166 3372; x_wconf 78' lang='grc' dir='ltr'>δε</span> <span class='ocrx_word' id='word_1_1255' title='bbox 2184 3340 2306 3372; x_wconf 87' lang='lat' dir='ltr'>Recon-</span> 
     </span>
     <span class='ocr_line' id='line_1_179' title="bbox 1242 3380 1760 3418; baseline -0.008 -2"><span class='ocrx_word' id='word_1_1256' title='bbox 1242 3386 1344 3417; x_wconf 85' lang='lat' dir='ltr'>ciliatas</span> <span class='ocrx_word' id='word_1_1257' title='bbox 1363 3383 1513 3414; x_wconf 88' lang='lat' dir='ltr'>constabat</span> <span class='ocrx_word' id='word_1_1258' title='bbox 1530 3391 1613 3418; x_wconf 85' lang='lat' dir='ltr'>atque</span> <span class='ocrx_word' id='word_1_1259' title='bbox 1632 3380 1760 3418; x_wconf 85' lang='lat' dir='ltr'>constat,</span> 
     </span>
    </p>

    <p class='ocr_par' dir='ltr' id='par_1_74' title="bbox 1242 3414 2306 3651">
     <span class='ocr_line' id='line_1_180' title="bbox 1278 3414 2304 3461; baseline -0.004 -7"><span class='ocrx_word' id='word_1_1260' title='bbox 1278 3422 1411 3455; x_wconf 90' lang='lat' dir='ltr'>Tandem</span> <span class='ocrx_word' id='word_1_1261' title='bbox 1428 3445 1437 3461; x_wconf 87' lang='lat'>‚</span> <span class='ocrx_word' id='word_1_1262' title='bbox 1458 3431 1511 3459; x_wconf 91' lang='lat' dir='ltr'>pro</span> <span class='ocrx_word' id='word_1_1263' title='bbox 1539 3420 1620 3450; x_wconf 76' lang='lat' dir='ltr'>Parte</span> <span class='ocrx_word' id='word_1_1264' title='bbox 1644 3419 1806 3457; x_wconf 69' lang='lat' dir='ltr'>supradietae</span> <span class='ocrx_word' id='word_1_1265' title='bbox 1829 3416 1958 3449; x_wconf 86' lang='lat' dir='ltr'>Civitatis</span> <span class='ocrx_word' id='word_1_1266' title='bbox 1976 3416 2160 3460; x_wconf 79' lang='lat' dir='ltr'>Coloniensis</span> <span class='ocrx_word' id='word_1_1267' title='bbox 2178 3414 2304 3457; x_wconf 84' lang='lat' dir='ltr'>ejusdem</span> 
     </span>
     <span class='ocr_line' id='line_1_181' title="bbox 1242 3455 2304 3501; baseline -0.004 -9"><span class='ocrx_word' id='word_1_1268' title='bbox 1242 3459 1427 3501; x_wconf 72' lang='lat' dir='ltr'>Magistratus</span> <span class='ocrx_word' id='word_1_1269' title='bbox 1446 3459 1644 3490; x_wconf 88' lang='lat' dir='ltr'>Mercatorum</span> <span class='ocrx_word' id='word_1_1270' title='bbox 1663 3460 1696 3489; x_wconf 87' lang='lat'>&amp;</span> <span class='ocrx_word' id='word_1_1271' title='bbox 1714 3457 1877 3487; x_wconf 88' lang='lat' dir='ltr'>Hominum</span> <span class='ocrx_word' id='word_1_1272' title='bbox 1918 3455 2016 3485; x_wconf 79' lang='lat' dir='ltr'>Nobis</span> <span class='ocrx_word' id='word_1_1273' title='bbox 2035 3455 2232 3494; x_wconf 84' lang='lat' dir='ltr'>Supplicatum</span> <span class='ocrx_word' id='word_1_1274' title='bbox 2252 3457 2304 3488; x_wconf 91' lang='lat' dir='ltr'>fuit</span> 
     </span>
     <span class='ocr_line' id='line_1_182' title="bbox 1244 3479 2305 3537; baseline -0.005 -6"><span class='ocrx_word' id='word_1_1275' title='bbox 1244 3500 1395 3537; x_wconf 79' lang='lat' dir='ltr'>instanter,</span> <span class='ocrx_word' id='word_1_1276' title='bbox 1414 3506 1548 3537; x_wconf 84' lang='lat' dir='ltr'>quatenus</span> <span class='ocrx_word' id='word_1_1277' title='bbox 1568 3496 1675 3533; x_wconf 75' lang='lat' dir='ltr'>Vobis,</span> <span class='ocrx_word' id='word_1_1278' title='bbox 1695 3495 1873 3526; x_wconf 77' lang='lat' dir='ltr'>Serenislimo</span> <span class='ocrx_word' id='word_1_1279' title='bbox 1891 3479 2026 3537; x_wconf 65' lang='lat' dir='ltr'>homino</span> <span class='ocrx_word' id='word_1_1280' title='bbox 2044 3493 2118 3533; x_wconf 83' lang='lat' dir='ltr'>Regi</span> <span class='ocrx_word' id='word_1_1281' title='bbox 2135 3495 2305 3533; x_wconf 62' lang='lat' dir='ltr'>supradietQ</span> 
     </span>
     <span class='ocr_line' id='line_1_183' title="bbox 1243 3530 2305 3577; baseline -0.008 -7"><span class='ocrx_word' id='word_1_1282' title='bbox 1243 3539 1429 3577; x_wconf 84' lang='lat' dir='ltr'>hujusmodi,</span> <span class='ocrx_word' id='word_1_1283' title='bbox 1453 3536 1525 3567; x_wconf 84' lang='lat' dir='ltr'>inter</span> <span class='ocrx_word' id='word_1_1284' title='bbox 1544 3535 1666 3574; x_wconf 76' lang='lat' dir='ltr'>praefatas</span> <span class='ocrx_word' id='word_1_1285' title='bbox 1685 3533 1779 3564; x_wconf 83' lang='lat' dir='ltr'>Partes</span> <span class='ocrx_word' id='word_1_1286' title='bbox 1797 3532 1879 3562; x_wconf 60' lang='lat' dir='ltr'>saetas</span> <span class='ocrx_word' id='word_1_1287' title='bbox 1893 3553 1901 3568; x_wconf 90' lang='lat'>,</span> <span class='ocrx_word' id='word_1_1288' title='bbox 1922 3530 2079 3574; x_wconf 70' lang='lat' dir='ltr'>¹Unionern</span> <span class='ocrx_word' id='word_1_1289' title='bbox 2105 3533 2139 3564; x_wconf 90' lang='lat'>&amp;</span> <span class='ocrx_word' id='word_1_1290' title='bbox 2159 3534 2305 3564; x_wconf 85' lang='lat' dir='ltr'>Reconci-</span> 
     </span>
     <span class='ocr_line' id='line_1_184' title="bbox 1245 3568 2306 3613; baseline -0.007 -5"><span class='ocrx_word' id='word_1_1291' title='bbox 1245 3579 1388 3608; x_wconf 84' lang='lat' dir='ltr'>liationem</span> <span class='ocrx_word' id='word_1_1292' title='bbox 1407 3575 1557 3612; x_wconf 69' lang='lat' dir='ltr'>limmate,</span> <span class='ocrx_word' id='word_1_1293' title='bbox 1576 3574 1731 3608; x_wconf 80' lang='lat' dir='ltr'>insinuare,</span> <span class='ocrx_word' id='word_1_1294' title='bbox 1750 3580 1833 3608; x_wconf 86' lang='lat' dir='ltr'>atque</span> <span class='ocrx_word' id='word_1_1295' title='bbox 1851 3568 2030 3613; x_wconf 72' lang='lat' dir='ltr'>Nouficaoe,</span> <span class='ocrx_word' id='word_1_1296' title='bbox 2049 3570 2218 3610; x_wconf 86' lang='lat' dir='ltr'>Litterasque</span> <span class='ocrx_word' id='word_1_1297' title='bbox 2236 3571 2306 3602; x_wconf 85' lang='lat' dir='ltr'>Inti-</span> 
     </span>
     <span class='ocr_line' id='line_1_185' title="bbox 1244 3608 2026 3651; baseline -0.01 -4"><span class='ocrx_word' id='word_1_1298' title='bbox 1244 3617 1374 3646; x_wconf 89' lang='lat' dir='ltr'>matorias</span> <span class='ocrx_word' id='word_1_1299' title='bbox 1391 3613 1507 3651; x_wconf 88' lang='lat' dir='ltr'>desuper</span> <span class='ocrx_word' id='word_1_1300' title='bbox 1525 3612 1590 3642; x_wconf 85' lang='lat' dir='ltr'>dare</span> <span class='ocrx_word' id='word_1_1301' title='bbox 1607 3614 1640 3641; x_wconf 64' lang='grc' dir='ltr'>ὃς</span> <span class='ocrx_word' id='word_1_1302' title='bbox 1659 3609 1819 3640; x_wconf 89' lang='lat' dir='ltr'>concedere</span> <span class='ocrx_word' id='word_1_1303' title='bbox 1835 3608 2026 3645; x_wconf 77' lang='lat' dir='ltr'>dignaremur.</span> 
     </span>
    </p>

    <p class='ocr_par' dir='ltr' id='par_1_75' title="bbox 1245 3647 2361 3876">
     <span class='ocr_line' id='line_1_186' title="bbox 1282 3647 2306 3692; baseline -0.006 -8"><span class='ocrx_word' id='word_1_1304' title='bbox 1282 3654 1395 3692; x_wconf 86' lang='lat' dir='ltr'>Itaque,</span> <span class='ocrx_word' id='word_1_1305' title='bbox 1412 3650 1584 3682; x_wconf 85' lang='lat' dir='ltr'>attendentes</span> <span class='ocrx_word' id='word_1_1306' title='bbox 1605 3648 1850 3686; x_wconf 84' lang='lat' dir='ltr'>Supplicationem</span> <span class='ocrx_word' id='word_1_1307' title='bbox 1874 3647 2034 3684; x_wconf 88' lang='lat' dir='ltr'>hujusmodi</span> <span class='ocrx_word' id='word_1_1308' title='bbox 2056 3647 2160 3685; x_wconf 85' lang='lat' dir='ltr'>justam</span> <span class='ocrx_word' id='word_1_1309' title='bbox 2184 3647 2246 3678; x_wconf 89' lang='lat' dir='ltr'>fore</span> <span class='ocrx_word' id='word_1_1310' title='bbox 2270 3648 2306 3679; x_wconf 89' lang='lat'>&amp;</span> 
     </span>
     <span class='ocr_line' id='line_1_187' title="bbox 1245 3682 2306 3753; baseline -0.007 -31"><span class='ocrx_word' id='word_1_1311' title='bbox 1245 3692 1403 3722; x_wconf 89' lang='lat' dir='ltr'>consonam</span> <span class='ocrx_word' id='word_1_1312' title='bbox 1420 3689 1543 3724; x_wconf 84' lang='lat' dir='ltr'>rationi,</span> <span class='ocrx_word' id='word_1_1313' title='bbox 1563 3685 1664 3728; x_wconf 74' lang='lat' dir='ltr'>vcstrae</span> <span class='ocrx_word' id='word_1_1314' title='bbox 1681 3682 1983 3753; x_wconf 54' lang='lat' dir='ltr'>Reffiiliclernentiae,</span> <span class='ocrx_word' id='word_1_1315' title='bbox 2003 3686 2105 3724; x_wconf 90' lang='lat' dir='ltr'>quibus</span> <span class='ocrx_word' id='word_1_1316' title='bbox 2126 3686 2202 3723; x_wconf 89' lang='lat' dir='ltr'>supra</span> <span class='ocrx_word' id='word_1_1317' title='bbox 2229 3683 2306 3717; x_wconf 87' lang='lat' dir='ltr'>Vice</span> 
     </span>
     <span class='ocr_line' id='line_1_188' title="bbox 1246 3722 2306 3766; baseline -0.008 -5"><span class='ocrx_word' id='word_1_1318' title='bbox 1246 3731 1278 3761; x_wconf 76' lang='grc' dir='ltr'>ὅ(</span> <span class='ocrx_word' id='word_1_1319' title='bbox 1293 3729 1444 3765; x_wconf 81' lang='lat' dir='ltr'>Nomine,</span> <span class='ocrx_word' id='word_1_1320' title='bbox 1460 3731 1706 3766; x_wconf 26' lang='lat' dir='ltr'>praementionnatas</span> <span class='ocrx_word' id='word_1_1321' title='bbox 1764 3732 1861 3753; x_wconf 88' lang='lat' dir='ltr'>mones</span> <span class='ocrx_word' id='word_1_1322' title='bbox 1887 3725 1921 3754; x_wconf 88' lang='lat'>&amp;</span> <span class='ocrx_word' id='word_1_1323' title='bbox 1940 3722 2218 3763; x_wconf 72' lang='lat' dir='ltr'>Reconciliationes,</span> <span class='ocrx_word' id='word_1_1324' title='bbox 2235 3736 2306 3758; x_wconf 86' lang='lat' dir='ltr'>cum</span> 
     </span>
     <span class='ocr_line' id='line_1_189' title="bbox 1246 3759 2361 3803; baseline -0.007 -5"><span class='ocrx_word' id='word_1_1325' title='bbox 1246 3768 1369 3798; x_wconf 85' lang='lat' dir='ltr'>Honore</span> <span class='ocrx_word' id='word_1_1326' title='bbox 1390 3773 1475 3802; x_wconf 88' lang='lat' dir='ltr'>atque</span> <span class='ocrx_word' id='word_1_1327' title='bbox 1500 3759 1671 3794; x_wconf 62' lang='lat' dir='ltr'>Reverentia</span> <span class='ocrx_word' id='word_1_1328' title='bbox 1698 3760 1797 3791; x_wconf 88' lang='lat' dir='ltr'>debitis</span> <span class='ocrx_word' id='word_1_1329' title='bbox 1811 3784 1822 3799; x_wconf 85' lang='lat'>,</span> <span class='ocrx_word' id='word_1_1330' title='bbox 1841 3761 2008 3794; x_wconf 85' lang='lat' dir='ltr'>Intimamus</span> <span class='ocrx_word' id='word_1_1331' title='bbox 2026 3786 2035 3801; x_wconf 89' lang='lat'>,</span> <span class='ocrx_word' id='word_1_1332' title='bbox 2052 3763 2225 3794; x_wconf 79' lang='lat' dir='ltr'>Inlinuamus</span> <span class='ocrx_word' id='word_1_1333' title='bbox 2242 3787 2252 3803; x_wconf 81' lang='lat'>‚</span> <span class='ocrx_word' id='word_1_1334' title='bbox 2270 3766 2304 3797; x_wconf 72' lang='lat' dir='ltr'>&amp;e</span> <span class='ocrx_word' id='word_1_1335' title='bbox 2358 3790 2361 3791; x_wconf 14' lang='lat' dir='ltr'>a</span> 
     </span>
     <span class='ocr_line' id='line_1_190' title="bbox 1247 3797 2305 3843; baseline -0.005 -7"><span class='ocrx_word' id='word_1_1336' title='bbox 1247 3806 1460 3841; x_wconf 71' lang='lat' dir='ltr'>Norfficmnus,</span> <span class='ocrx_word' id='word_1_1337' title='bbox 1479 3812 1511 3832; x_wconf 84' lang='lat' dir='ltr'>ac</span> <span class='ocrx_word' id='word_1_1338' title='bbox 1526 3801 1560 3832; x_wconf 84' lang='lat' dir='ltr'>ad</span> <span class='ocrx_word' id='word_1_1339' title='bbox 1580 3798 1685 3843; x_wconf 31' lang='lat' dir='ltr'>‘vestrae</span> <span class='ocrx_word' id='word_1_1340' title='bbox 1705 3797 1970 3832; x_wconf 81' lang='lat' dir='ltr'>Praecellentislimae</span> <span class='ocrx_word' id='word_1_1341' title='bbox 1987 3801 2142 3839; x_wconf 82' lang='lat' dir='ltr'>Majestatis</span> <span class='ocrx_word' id='word_1_1342' title='bbox 2156 3801 2305 3835; x_wconf 85' lang='lat' dir='ltr'>Notitiam</span> 
     </span>
     <span class='ocr_line' id='line_1_191' title="bbox 1247 3839 1793 3876; baseline -0.015 0"><span class='ocrx_word' id='word_1_1343' title='bbox 1247 3845 1413 3875; x_wconf 89' lang='lat' dir='ltr'>deducimus</span> <span class='ocrx_word' id='word_1_1344' title='bbox 1424 3842 1469 3872; x_wconf 90' lang='lat' dir='ltr'>seu</span> <span class='ocrx_word' id='word_1_1345' title='bbox 1484 3839 1586 3870; x_wconf 82' lang='lat' dir='ltr'>deduci</span> <span class='ocrx_word' id='word_1_1346' title='bbox 1601 3846 1793 3876; x_wconf 84' lang='lat' dir='ltr'>peroptamus.</span> 
     </span>
    </p>
   </div>
   <div class='ocr_carea' id='block_1_36' title="bbox 2323 3033 2428 3111">
    <p class='ocr_par' dir='ltr' id='par_1_76' title="bbox 2323 3033 2428 3111">
     <span class='ocr_line' id='line_1_192' title="bbox 2323 3033 2428 3067; baseline 0.038 -5"><span class='ocrx_word' id='word_1_1347' title='bbox 2323 3033 2338 3048; x_wconf 82' lang='lat'><strong>‘</strong></span> <span class='ocrx_word' id='word_1_1348' title='bbox 2359 3033 2428 3067; x_wconf 71' lang='lat' dir='ltr'><strong>XII.</strong></span> 
     </span>
     <span class='ocr_line' id='line_1_193' title="bbox 2329 3083 2372 3111; baseline -0.023 0"><span class='ocrx_word' id='word_1_1349' title='bbox 2329 3083 2372 3111; x_wconf 81' lang='lat'>37-</span> 
     </span>
    </p>
   </div>
   <div class='ocr_carea' id='block_1_37' title="bbox 1247 3922 2311 4007">
    <p class='ocr_par' dir='ltr' id='par_1_77' title="bbox 1247 3922 2311 4007">
     <span class='ocr_line' id='line_1_194' title="bbox 1285 3922 2311 3966; baseline 0 -8"><span class='ocrx_word' id='word_1_1350' title='bbox 1285 3929 1319 3960; x_wconf 88' lang='lat' dir='ltr'>In</span> <span class='ocrx_word' id='word_1_1351' title='bbox 1334 3936 1456 3966; x_wconf 85' lang='lat' dir='ltr'>quorum</span> <span class='ocrx_word' id='word_1_1352' title='bbox 1468 3922 1684 3955; x_wconf 86' lang='lat' dir='ltr'>Testimonium</span> <span class='ocrx_word' id='word_1_1353' title='bbox 1699 3922 1846 3961; x_wconf 83' lang='lat' dir='ltr'>praesentes</span> <span class='ocrx_word' id='word_1_1354' title='bbox 1861 3923 1978 3955; x_wconf 82' lang='lat' dir='ltr'>Litteras</span> <span class='ocrx_word' id='word_1_1355' title='bbox 1992 3923 2068 3963; x_wconf 80' lang='lat' dir='ltr'>fieri,</span> <span class='ocrx_word' id='word_1_1356' title='bbox 2085 3922 2242 3965; x_wconf 87' lang='lat' dir='ltr'>nostroque</span> <span class='ocrx_word' id='word_1_1357' title='bbox 2264 3925 2311 3958; x_wconf 82' lang='lat' dir='ltr'>Si·</span> 
     </span>
     <span class='ocr_line' id='line_1_195' title="bbox 1247 3959 1966 4007; baseline -0.01 -8"><span class='ocrx_word' id='word_1_1358' title='bbox 1247 3968 1315 4007; x_wconf 87' lang='lat' dir='ltr'>gillo</span> <span class='ocrx_word' id='word_1_1359' title='bbox 1332 3967 1435 3998; x_wconf 82' lang='lat' dir='ltr'>eisdem</span> <span class='ocrx_word' id='word_1_1360' title='bbox 1452 3959 1638 4001; x_wconf 80' lang='lat' dir='ltr'>subimpreffo</span> <span class='ocrx_word' id='word_1_1361' title='bbox 1653 3963 1826 3992; x_wconf 88' lang='lat' dir='ltr'>communiri</span> <span class='ocrx_word' id='word_1_1362' title='bbox 1839 3963 1966 3992; x_wconf 85' lang='lat' dir='ltr'>fecimus.</span> 
     </span>
    </p>
   </div>
   <div class='ocr_carea' id='block_1_38' title="bbox 1250 4046 2311 4123">
    <p class='ocr_par' dir='ltr' id='par_1_78' title="bbox 1250 4046 2311 4123">
     <span class='ocr_line' id='line_1_196' title="bbox 1288 4046 2311 4094; baseline 0.003 -13"><span class='ocrx_word' id='word_1_1363' title='bbox 1288 4053 1375 4084; x_wconf 82' lang='lat' dir='ltr'>Datas</span> <span class='ocrx_word' id='word_1_1364' title='bbox 1397 4051 1571 4094; x_wconf 64' lang='lat' dir='ltr'>³¹¹.C¹&#39;‘4’¹&#39;“3¹²</span> <span class='ocrx_word' id='word_1_1365' title='bbox 1601 4046 1745 4088; x_wconf 80' lang='lat' dir='ltr'>Lubicensi</span> <span class='ocrx_word' id='word_1_1366' title='bbox 1757 4072 1766 4085; x_wconf 89' lang='lat'><strong>‚</strong></span> <span class='ocrx_word' id='word_1_1367' title='bbox 1787 4047 1873 4078; x_wconf 84' lang='lat' dir='ltr'>Anno</span> <span class='ocrx_word' id='word_1_1368' title='bbox 1896 4046 2043 4092; x_wconf 85' lang='lat' dir='ltr'>Domini,</span> <span class='ocrx_word' id='word_1_1369' title='bbox 2070 4050 2132 4083; x_wconf 85' lang='lat' dir='ltr'>&amp;c.</span> <span class='ocrx_word' id='word_1_1370' title='bbox 2152 4050 2311 4091; x_wconf 81' lang='lat' dir='ltr'>LXXVI,</span> 
     </span>
     <span class='ocr_line' id='line_1_197' title="bbox 1250 4085 1961 4123; baseline -0.013 1"><span class='ocrx_word' id='word_1_1371' title='bbox 1250 4092 1309 4123; x_wconf 89' lang='lat' dir='ltr'>Die</span> <span class='ocrx_word' id='word_1_1372' title='bbox 1327 4091 1396 4123; x_wconf 78' lang='lat' dir='ltr'>vero</span> <span class='ocrx_word' id='word_1_1373' title='bbox 1412 4090 1547 4122; x_wconf 76' lang='lat' dir='ltr'>Vlcehma</span> <span class='ocrx_word' id='word_1_1374' title='bbox 1558 4086 1632 4118; x_wconf 70' lang='lat' dir='ltr'>sexti</span> <span class='ocrx_word' id='word_1_1375' title='bbox 1647 4085 1754 4117; x_wconf 79' lang='lat' dir='ltr'>Mensis</span> <span class='ocrx_word' id='word_1_1376' title='bbox 1770 4085 1961 4118; x_wconf 79' lang='lat' dir='ltr'>Novembris.</span> 
     </span>
    </p>
   </div>
   <div class='ocr_carea' id='block_1_39' title="bbox 1723 4122 2313 4160">
    <p class='ocr_par' dir='ltr' id='par_1_79' title="bbox 1723 4122 2313 4160">
     <span class='ocr_line' id='line_1_198' title="bbox 1723 4122 2313 4160; baseline 0.008 -5"><span class='ocrx_word' id='word_1_1377' title='bbox 1723 4122 1754 4155; x_wconf 88' lang='lat' dir='ltr'>K</span> <span class='ocrx_word' id='word_1_1378' title='bbox 2259 4132 2313 4160; x_wconf 64' lang='lat' dir='ltr'>Pro</span> 
     </span>
    </p>
   </div>
  </div>
 </body>
</html>
