2555 4266
690 188 840 234 ἘΤ
897 191 1155 234 ACTA
1241 184 1726 241 PU'BLICA.

22 275 101 309 Anu.
115 274 157 308 D.
177 276 357 313 canonicus,
375 276 410 307 &
431 276 593 306 'Guillermur
614 277 646 307 de
661 277 767 319 cerisizy
781 279 926 318 Supremae
941 279 1122 311 Parliamenti
1139 278 1237 310 Curiae

45 325 131 353 1471.

22 360 78 383 Hm
94 359 121 384 6.

0 2371 18 2392 ὓ
35 2372 91 2405 XI.

0 2411 65 2449 693.

170 316 287 348 Parifius
301 315 471 353 Graffirius‚

211 356 322 386 Omnes
341 354 465 392 ejusdem
481 353 707 385 Christianiffimi
722 355 908 394 Supremique
922 356 1048 387 Domini
1066 355 1154 386 nostri
1170 358 1231 384 Lu-

173 394 261 423 dovici
276 396 354 429 Regis
364 395 527 422 Francorum
541 392 698 424 Conliliarii
713 396 747 426 &
764 396 993 431 Ambaxiatores,
1008 395 1044 423 ab
1058 395 1174 431 ipsoque
1188 403 1233 423 er*-

172 440 207 470 ga
219 430 430 461 Sereniffimum
441 454 450 469 ,
467 431 748 471 Excellentiffimurn,
764 433 1052 468 Potentiffimumque
1066 432 1232 469 Principem

172 472 320 501 Henricum
343 470 454 508 Angliae
473 473 568 507 Regem
587 471 664 509 hujus
682 471 820 500 Nominis
833 470 951 500 Sextum
965 469 1037 499 miffi
1051 478 1135 506 atque
1145 468 1230 499 desti⁴

169 509 244 545 nati,
262 509 460 546 Potestateque
471 508 621 540 sufficienti
635 508 755 546 suffulti,

209 546 377 615 guiversis,
395 547 540 585 praesentes
560 548 667 578 Literas
689 546 852 584 inspecturis
872 546 906 576 &
930 545 1076 584 audituris,
1102 545 1229 577 Salutem

168 595 197 616 in
246 596 355 616 omino.

209 623 307 663 Cum,
323 625 375 656 hac
399 625 460 655 Die
483 625 568 655 Datae
596 622 798 659 Praesenflum,
816 630 926 652 certum
943 622 1083 653 Securum
1097 623 1208 654 Statum
1220 647 1230 662 ,

168 663 312 703 Treugas‚
332 662 543 694 Abstinentiam
559 661 693 698 Guerrae,
711 661 743 691 Sc
761 660 986 691 Marcantiarum
1001 662 1189 692 Intercursum
1200 685 1209 700 ,

207 701 276 732 Una
305 712 374 733 cum
404 699 652 731 Reverendiffimo
671 700 699 728 in
721 698 840 728 Christo
862 699 943 729 Patre
961 699 1228 738 Colendiffimoque

166 740 301 771 Domino
319 742 429 777 Georgia
443 737 588 778 Neufville
600 736 763 777 Eboracenfi
773 737 974 777 Archiepifiopo
991 739 1101 778 Angliae
1118 739 1226 769 Prima-

167 788 195 808 te
220 787 304 817 atque
327 777 519 814 Cancellario,
546 775 733 805 Illustriffimo
759 784 841 813 atque
867 775 1066 808 Potentiffimo
1093 778 1226 817 Principe

167 820 278 855 Georgia
292 820 365 846 Duce
385 815 529 845 Clarentr'ae
544 817 659 843 Domino
674 813 885 852 Riehemondiae,
903 814 1081 846 Reverendis
1095 818 1122 846 in
1139 816 1225 847 Chri-

166 855 212 886 sto
238 856 363 886 Patribus
386 855 418 885 &
441 853 591 890 Dominis,
607 851 739 889 Johanne
762 852 939 893 Coventrenfi
966 851 1004 888 (ᾧ,
1027 853 1226 895 Lichqfhldenfi

163 894 296 925 Custode
310 892 414 922 Privati
430 891 533 928 S'oilli,
552 892 585 920 ὃς
599 891 714 920 Roherto
731 891 905 930 Menevenfi,
924 891 1085 931 Episcopis,
1106 894 1223 933 Praepo-

165 934 287 963 tentibus
307 932 341 962 &
367 902 530 959 Clarisiimis
552 929 707 966 Dominis,
725 930 839 959 Ricardo
860 929 1006 969 Neufville
1027 935 1133 962 Warov
1149 936 1171 962 ci
1183 931 1221 967 όν

163 970 321 1001 saresberiae
348 967 470 998 Comite
499 967 613 1006 Magno
634 968 743 1007 Angliae
767 967 932 999 Camerario
956 979 988 999 ac
1007 970 1090 1000 Villae
1136 971 1222 1002 alesiae

160 1008 358 1040 Marchiarum
373 1006 481 1037 ibidem
494 1006 651 1045 Capitaneo
659 1029 668 1045 ,
680 1009 796 1036 Henrico
806 1007 967 1044 Bourgcht'er
979 1012 1080 1038 Comite
1094 1009 1221 1048 Effixiae,

158 1047 291 1087 Johanne
311 1045 522 1083 Langestrother
544 1044 637 1074 Milite
662 1047 755 1075 Priore
773 1047 870 1074 Sandli
882 1046 1023 1084 Johannis
1041 1048 1220 1086 Jherusc'zlem

158 1089 188 1116 in
209 1084 319 1122 Anglii
341 1085 373 1114 &
391 1085 505 1121 Angliae
522 1083 727 1120 Theffiurario,
747 1082 959 1115 Venerabilibus
973 1085 1152 1123 Egregiisque
1167 1087 1218 1117 Vi-

157 1126 211 1161 ris,
233 1122 391 1160 Magistris,
409 1122 539 1160 Johonne
553 1121 654 1161 Ruffi’ll
666 1123 694 1151 in
710 1121 843 1152 Decretis
858 1123 990 1153 Doctore
1007 1124 1219 1157 Archidiacono

156 1163 322 1195 Berkshiriae
339 1163 367 1191 in
381 1160 506 1192 Ecclefia
519 1161 620 1191 Sarum
637 1160 791 1202 Canonico
802 1160 940 1198 ejusdem,
959 1163 993 1193 &
1008 1161 1218 1203 HenricoSharp

157 1204 187 1232 in
213 1202 338 1240 Legibus
359 1200 446 1229 etiam
464 1199 597 1230 Doctore
612 1199 802 1229 Eccleuarum
816 1199 979 1230 Londoniae
997 1202 1030 1233 δε
1043 1201 1141 1232 Sarum
1159 1202 1218 1234 Ca-

157 1241 267 1271 nonico
281 1239 503 1269 Prothonotario
519 1238 628 1276 Regio,

198 1278 343 1309 Omnibus
368 1276 537 1307 Consiliariis
557 1276 638 1314 ipsius
652 1275 823 1306 Sereniffimi
839 1278 915 1314 Regis
931 1277 1063 1315 Angliae,
1081 1280 1114 1311 &
1132 1281 1168 1310 ab
1182 1290 1217 1311 eo

159 1316 330 1349 Commiffis
343 1315 493 1356 specialiter
510 1316 543 1346 &
559 1315 723 1353 Deputatis,
742 1315 827 1345 etiam
841 1314 984 1347 potestate
998 1316 1148 1350 sufficienti
1162 1319 1217 1350 suf-

159 1357 236 1387 fultis

193 1395 217 1426 F
218 1379 411 1425 irinaverimus
419 1416 429 1432 ,
446 1392 744 1431 Compac'raverimus,
751 1391 980 1432 promiserimus,
988 1393 1217 1427 Concordaveri-

155 1443 236 1471 mus,
254 1435 288 1465 &
303 1432 548 1469 Concluserimus,

193 1472 268 1502 Inter
297 1479 492 1502 memoratum
522 1470 693 1508 Supremum
715 1469 883 1500 Dominum
904 1469 1035 1501 nostrum
1055 1470 1220 1503 Francorum

157 1513 253 1549 Regem
276 1511 310 1541 &
330 1509 452 1540 eundern
472 1507 685 1539 Seremffimum
708 1511 803 1546 Regem
819 1507 932 1545 Angliae
945 1520 1000 1546 pro
1016 1510 1069 1547 Se,
1087 1513 1140 1541 suis
1156 1512 1218 1542 Re-

156 1551 219 1588 gnis
244 1549 370 1578 Franciae
391 1548 425 1578 &
441 1546 555 1584 Angliae
567 1546 746 1586 supradietis,
765 1546 860 1577 Patrtis
875 1548 908 1577 &
926 1547 1090 1586 Dominiis,
1111 1549 1214 1590 Bonis,

156 1585 398 1625 Consanguineis,
417 1585 542 1623 verisque
563 1584 689 1615 fidelibus
709 1595 741 1615 ac
757 1584 953 1616 obedientibus
967 1586 1092 1617 Subditis
1106 1587 1218 1620 Princi-

155 1626 199 1664 pis
218 1624 372 1662 utriusque,
391 1625 419 1653 in
435 1624 468 1654 ὃς
481 1623 531 1653 sub
548 1624 632 1653 certis
648 1623 794 1654 Terminis
805 1646 814 1661 ,
833 1622 952 1662 Modis,
970 1624 1097 1664 Formis,
1117 1628 1149 1658 &
1164 1629 1219 1659 Ar-

157 1664 250 1694 ticulis
271 1662 395 1693 seriosius
417 1671 499 1698 atque
522 1662 631 1699 plenius
654 1663 796 1693 contentis
808 1661 970 1699 specificans
985 1665 1018 1695 ὃς
1033 1664 1174 1697 declaratis
1189 1668 1218 1698 in

156 1702 274 1733 Litteris
295 1701 410 1739 desuper
433 1699 600 1739 Confezftis,
618 1701 652 1732 δε
670 1702 781 1739 utrique
800 1699 875 1730 Parti
895 1701 998 1732 traditis
1018 1712 1051 1733 ac
1068 1705 1218 1744 expeditis,

155 1742 186 1771 in
201 1740 270 1771 Fine
281 1749 399 1779 quarum
415 1738 650 1776 transcribuntur,
668 1739 703 1770 de
720 1740 811 1770 verbo
824 1738 858 1768 ad
872 1740 1010 1778 verbum,
1029 1741 1144 1773 Litterae
1160 1743 1219 1775 Po-

155 1779 308 1817 testatum,
327 1778 425 1808 Nobis
447 1777 681 1808 Ambaxatoribus
704 1779 738 1809 ὃς
760 1778 821 1817 ipfis
841 1774 1008 1809 Commiffis
1023 1790 1072 1818 per
1088 1784 1218 1823 utrosque

158 1817 308 1848 Dominos
322 1816 418 1857 Reges
432 1815 586 1854 respective
600 1817 817 1855 concessarum,

194 1855 248 1893 Et,
273 1857 401 1894 quamvis
423 1855 453 1884 in
477 1854 590 1885 Litteris
613 1855 774 1893 hujusmodi
797 1856 870 1887 nulla
892 1856 1022 1896 specifica
1041 1857 1218 1892 Nominatio

154 1893 341 1925 Personarum
360 1916 369 1932 ,
398 1893 556 1932 aliquorum
580 1893 748 1932 Principum
771 1903 818 1925 aut
846 1895 1059 1928 Dominorum.
1079 1899 1218 1939 utriusque

153 1932 242 1964 Partis
263 1932 546 2000 Conffinfflineorum
569 1933 602 1964 &
619 1932 824 1963 Obedientium
840 1934 1030 1966 Subditorum
1044 1946 1218 1969 memorato-

153 1981 221 2002 rum
235 1971 372 2002 Duorum
418 1971 584 2002 ominorum
601 1970 734 2010 Regum,
753 1972 896 2003 dumtaxat
912 1973 962 2003 sub
977 1975 1070 2006 verbis
1081 1978 1218 2014 generali-

153 2009 209 2041 bus
230 2010 302 2041 Fasta
321 2010 366 2041 seu
379 2009 474 2040 habita
489 2010 627 2047 extiterit,
644 2010 846 2041 nichilominus
860 2012 933 2042 inter
948 2011 1017 2042 Nos
1031 2013 1214 2047 Ambaxiato-

151 2058 197 2079 res
218 2049 252 2079 &
273 2048 490 2080 Commiflarios
505 2048 625 2086 superius
638 2050 818 2087 nominatos,
836 2050 971 2081 hincinde
986 2050 1215 2092 Deputatos,fuit

152 2087 343 2118 Prolocutum
365 2095 449 2126 atque
462 2086 640 2118 Conclusam
650 2110 660 2124 ,
676 2088 756 2126 qued
769 2087 875 2118 nostrae
890 2090 924 2120 &
938 2090 1061 2129 ipsorum
1075 2090 1214 2125 Intentio-

151 2127 197 2157 m's
212 2125 319 2165 semper
336 2126 403 2164 fuit,
423 2129 456 2159 &
470 2125 527 2165 est,
545 2125 626 2164 quod
640 2125 803 2164 Praepotens
816 2128 849 2158 &
862 2126 1063 2160 Illustrisfimus
1077 2130 1214 2170 Princeps

152 2164 301 2195 Dominus
319 2164 437 2194 Karolus
462 2167 531 2195 Dux
553 2167 729 2204 Aequitaniae
739 2188 749 2204 ,
767 2165 863 2196 Frater
882 2164 1044 2198 Germanus
1062 2169 1145 2207 ipfius
1157 2171 1213 2202 Su-

148 2204 243 2273 ἕξει-οἰ
266 2203 392 2234 Domini
413 2203 503 2234 nostri
527 2206 690 2233 Francorum
709 2206 787 2240 Regis
803 2227 813 2243 ,
840 2205 868 2234 in
888 2203 970 2235 diCtis
990 2205 1099 2238 Securo
1116 2208 1212 2248 Statu,

183 2242 295 2281 rengis,
324 2242 510 2273 Abstinentiis
536 2241 713 2273 Guerrarum
745 2244 779 2274 &
805 2242 1026 2275 Mercantiarum
1052 2245 1211 2280 Intercursu

148 2281 405 2318 comprehendatur
418 2304 428 2318 ,
469 2288 535 2310 rout
552 2280 587 2311 de
610 2280 706 2319 facto,
730 2288 862 2320 tanquam
882 2281 975 2313 Frater
997 2284 1031 2315 ὅτ.
1054 2287 1210 2322 proximior

146 2317 380 2358 consanguineus
394 2319 449 2350 fide
460 2321 479 2349 is
498 2320 532 2351 &
544 2319 680 2350 obediens
693 2319 827 2350 Subditus
840 2320 921 2359 ipsluS
936 2321 1067 2360 Supremi
1082 2323 1207 2356 Domini

145 2357 235 2389 nostri
254 2361 417 2388 Francorum
432 2361 528 2396 Regis,
546 2358 816 2397 comprehenditur,
831 2358 980 2399 videlicet,
998 2360 1043 2391 sua
1057 2362 1074 2378 ²*
1086 2362 1209 2396 Persona

144 2406 215 2428 cum
235 2395 284 2426 suo
310 2397 427 2428 Ducatu
444 2397 642 2435 Aequitaniae,
660 2396 824 2434 caeterisque
848 2396 949 2428 Patriis
961 2421 971 2436 ‚
987 2398 1113 2440 Placeis,
1131 2401 1209 2433 Ter—

144 2437 197 2473 ris,
218 2435 252 2467 &
272 2435 420 2466 Dominiis
441 2445 489 2474 per
511 2434 601 2472 ipsum
617 2435 782 2465 Dominum
797 2437 976 2474 Aequitaniae
992 2440 1110 2478 Ducem,
1128 2441 1157 2470 in
1172 2443 1206 2471 &

143 2473 195 2505 sub
218 2473 390 2505 Obedientia
412 2482 494 2514 atque
516 2473 700 2510 SubjectIOne
724 2474 804 2511 ipsius
825 2473 956 2512 Supremi
976 2473 1100 2506 Domini
1117 2479 1206 2510 nostri

142 2515 308 2543 Francorum
329 2515 421 2550 Regis,
440 2521 518 2544 nunc
533 2513 566 2544 δε
579 2512 615 2542 de
629 2512 757 2551 praesenti
769 2512 873 2542 Tentis
886 2514 919 2544 &
936 2513 1076 2553 Poffeffi=‚
1093 2517 1126 2547 ὃς
1141 2527 1208 2555 quas

142 2551 192 2582 seu
213 2561 297 2589 quae,
314 2550 458 2582 distarum
479 2551 659 2588 Treugarum
672 2551 813 2589 pendente
829 2560 912 2588 atque
929 2551 1046 2583 durante
1062 2562 1208 2594 tempore,

141 2590 174 2659 ifn
190 2590 402 2629 quibuscunque
414 2589 538 2629 Regnis,
557 2590 675 2628 Patriis,
691 2598 738 2620 aut
753 2589 903 2620 Dominiis
916 2591 1059 2622 obtinebit
1071 2592 1162 2624 forsan
1177 2597 1208 2625 in

158 2636 279 2659 uturum.

182 2665 238 2703 Et,
257 2667 382 2708 insuper,
398 2669 473 2699 inter
493 2667 561 2698 Nos
581 2667 786 2698 Ambaxatores
806 2667 839 2697 &
860 2667 953 2698 dic'tos
969 2667 1207 2711 Commiffirios,

143 2703 213 2736 hinc
231 2705 307 2744 inde,
323 2714 354 2736 ut
368 2707 526 2746 praefertur,
535 2705 885 2744 Deputatos,Pr0miffum
895 2705 1097 2744 ,Declaratum
1107 2710 1207 2745 ,Con-

142 2742 312 2782 cordatum,
329 2746 362 2775 δε
389 2743 567 2776 Conclusum
581 2745 671 2775 extitit
684 2745 764 2781 quod
773 2766 783 2782 ,
799 2744 818 2774 fi
834 2745 925 2775 eidem
939 2745 1080 2785 Supremo
1094 2748 1205 2780 Domi-

140 2791 181 2812 no
194 2781 291 2812 nostro
307 2782 384 2821 Regi
398 2783 573 2814 Francorum
589 2783 722 2821 placuerit
734 2783 910 2814 antedicrum
924 2783 1088 2815 Dominum
1101 2790 1204 2818 Ducem

138 2823 306 2860 Aquitania:
321 2821 444 2851 Fratrem
459 2822 541 2852 suum
555 2823 584 2851 in
601 2821 711 2852 Litteris
725 2821 916 2860 originalibus
933 2822 1138 2862 Principalibus
1152 2826 1203 2857 Se-

138 2859 202 2889 curi
218 2858 332 2898 Status,
348 2859 543 2899 Treugarum,
562 2859 804 2890 Abstinentiarum
823 2860 966 2900 Guerrae,
984 2863 1018 2893 &
1036 2863 1201 2895 Mercandi-

140 2897 240 2928 flamm
250 2897 422 2929 Intercurssis
434 2897 598 2937 hujusmodi
610 2898 672 2928 fore
686 2899 903 2936 exprimendum
918 2909 951 2930 ac
965 2902 1088 2940 expresse
1103 2906 1201 2934 nomi-

136 2935 283 2974 nandum,
301 2937 330 2966 in
343 2936 393 2966 illo
408 2936 481 2967 Casu
497 2936 566 2966 Nos
580 2935 795 2966 Ambaxiatores
809 2936 933 2974 ejusdem
947 2937 1076 2977 Supremi
1093 2940 1203 2972 Domi-

137 2975 169 3004 ni
191 2973 279 3004 nostri
299 2977 462 3005 Francorum
482 2978 559 3012 Regis
579 2974 613 3005 &
634 2973 827 3004 Commissarii
849 2979 997 3007 memorati
1015 2978 1202 3011 Promilimus

139 3016 175 3046 &
190 3014 459 3052 Concordavimus,
477 3013 727 3052 Promittimusque
741 3014 774 3044 &
788 3011 1027 3052 Concordamus,
1045 3017 1125 3054 quod
1139 3018 1200 3049 aliae

141 3053 259 3084 Litterae
282 3053 440 3092 Originales
460 3053 640 3091 Treugarum
655 3074 666 3089 ,
690 3050 788 3097 Securi
810 3051 905 3082 Status
918 3075 928 3090 ,
953 3054 1198 3087 Abstinentiarum

141 3091 278 3129 Guerrae,
293 3093 326 3122 &
349 3091 600 3122 Mercandifiarum
622 3089 798 3121 Intercursus
816 3100 892 3128 pares
904 3099 989 3129 atque
1004 3093 1104 3124 similes
1120 3097 1198 3132 prio-

138 3139 202 3161 rum
227 3130 416 3168 Litterarum,
435 3139 551 3160 necnon
570 3128 621 3159 sub
642 3129 746 3159 eisdem
767 3129 885 3166 propriis
909 3128 1021 3167 Verbis,
1031 3131 1138 3163 Forma
1163 3135 1198 3165 ὃς

136 3167 314 3207 Substantia,
333 3169 422 3200 nichil
446 3168 521 3199 aliud
542 3167 675 3198 addendo
693 3176 740 3197 aut
758 3167 966 3207 subtrahendo,
987 3170 1090 3200 iterum
1113 3172 1146 3202 &
1161 3173 1198 3203 de

137 3216 217 3237 novo
238 3208 273 3237 ab
295 3216 408 3246 utraque
430 3207 513 3237 Parte
534 3205 723 3237 conficientur
736 3214 820 3244 atque
831 3206 1031 3246 expedientur,
1050 3209 1080 3239 in
1095 3211 1198 3248 quibus

135 3244 295 3281 saepedictus
309 3249 439 3276 Dominus
454 3248 523 3275 Dux
537 3247 714 3284 Aequitaniae
731 3243 951 3283 Continebitur,
970 3246 1199 3288 Nominabitur,

137 3281 354 3322 Declarabitur,
372 3284 405 3315 &
418 3284 616 3321 Exprimetur3
633 3282 690 3320 Et,
709 3282 810 3313 Literis
827 3283 987 3321 hujusmodi
1004 3285 1063 3323 sic,
1078 3295 1108 3316 ut
1123 3298 1197 3326 prae-

136 3321 240 3359 fertur,
258 3323 359 3353 iterato
383 3322 531 3360 expeditis,
550 3321 729 3351 Conclusum
749 3321 783 3351 &
806 3320 1029 3353 Concordatum
1048 3323 1105 3361 est,
1126 3328 1198 3357 inter

138 3358 211 3390 Nos
230 3361 263 3391 &
279 3359 373 3399 Ipsos,
390 3361 533 3398 praetaetas
549 3359 666 3390 Litteras
679 3358 837 3396 originales
854 3359 952 3390 Securi
969 3360 1081 3400 Status,
1099 3364 1196 3395 Treu-

137 3405 254 3436 garum,
273 3398 515 3430 Abstinentiamm
541 3397 679 3434 Guerrae,
699 3399 731 3429 &
748 3397 921 3429 intercursus
936 3398 1191 3434 Mercandisiarum

134 3436 173 3466 ab
196 3435 253 3479 una
272 3435 355 3467 Parte
374 3437 452 3467 alteri
468 3437 545 3468 Parti
557 3436 620 3467 fore
632 3436 805 3466 destinandas
820 3445 902 3475 atque
915 3437 1074 3476 tradendas,
1093 3451 1195 3478 quam-

135 3475 264 3511 primum
280 3483 334 3503 una
354 3475 420 3505 Pars
435 3477 470 3506 ab
484 3476 569 3506 altera
583 3475 612 3505 id
626 3475 785 3513 poposcerit
795 3498 804 3512 ,
822 3476 948 3513 petierit,
965 3486 1050 3515 atque
1065 3481 1195 3519 requilie-

134 3513 190 3550 rit,
210 3512 243 3542 &
265 3511 322 3542 hoc
339 3512 394 3543 fine
413 3514 526 3552 fraude,
551 3513 620 3544 dolo
645 3514 739 3552 malo,
763 3514 808 3545 seu
833 3514 1004 3554 deceptione
1024 3517 1195 3555 quibuscum

153 3560 197 3581 ue.

130 3560 151 3590 q
169 3588 203 3619 In
224 3588 304 3626 cujus
325 3588 365 3631 rei
386 3587 603 3621 Testimonium
625 3589 677 3620 hiis
698 3590 878 3627 praesentibus
900 3591 1016 3630 Literis,
1035 3593 1125 3633 Signis
1141 3605 1195 3626 no-

133 3626 195 3659 stris
222 3625 402 3695 Mainualibus
423 3627 530 3664 signatis
544 3652 554 3666 ,
577 3627 669 3667 Sigilla
691 3630 851 3660 Armorum
869 3629 1034 3661 nostrorum
1058 3634 1191 3664 duximus

131 3675 264 3707 apponen
284 3674 308 3694 a.

150 3735 279 3773 ¹Datum
300 3741 328 3771 in
353 3744 478 3771 civitate
493 3739 666 3782 'Londoniae,
693 3741 753 3772 Die
773 3742 888 3773 decima
909 3742 983 3774 sexta
1005 3744 1115 3778 Mensis
1133 3748 1188 3778 Fe-

127 3781 246 3820 bruarii,
264 3780 352 3813 Anno
377 3779 501 3811 Domim
520 3776 691 3818 Millesimo,
711 3780 1016 3820 Quadringentefimo,
1034 3784 1185 3826 Septuage-

131 3820 212 3850 simo.

843 3859 878 3888 G.
894 3858 927 3889 de
947 3859 1062 3900 Cerisay.

2263 214 2342 263 189

2354 293 2432 330 Ann.
2443 294 2486 333 DA

2373 346 2459 376 1471.

2353 380 2417 404 Hm.
2438 379 2466 406 6.

1342 369 1435 412 Super
1459 368 1652 404 Conduflione
1676 375 1788 419 Reginae
1811 377 1848 412 (ῥ’
1878 378 2020 423 Principis
2047 385 2078 414 in
2099 386 2259 431 Angliam.

1267 454 1328 554 fi
1333 452 1905 539 {5722iy1555AFJJCJr5222<3³÷5²3s
1912 460 2322 541 ‘’ffsszfdfaindaissga:
2349 480 2425 511 Arm·
2438 482 2477 513 D·

1278 534 1336 556 ains
1349 529 1385 558 of
1392 538 1461 558 oure
1477 528 1663 568 Eschequier,
1681 542 1800 570 grenng.
2342 528 2461 594 ‘432in

1267 565 1494 631 TForasmuche
1510 578 1537 597 as
1551 579 1597 599 we
1610 569 1692 600 sende
1706 581 1732 600 at
1747 572 1798 601 this
1808 582 1900 612 ryme,
1919 585 2041 613 amongs
2057 580 2136 611 οῖ’-πε
2164 595 2232 616 ove
2245 588 2319 618 rioht
2348 600 2372 603 ⁷*
2399 598 2415 622 ό

1270 643 1275 647 η
1301 604 1376 645 rusty
1401 605 1455 635 and
1480 605 1672 637 Welbeloved
1694 608 1739 637 the
1761 612 1857 639 Priour
1877 611 1998 649 ofSar‘nt
2013 615 2106 653 Johns
2122 605 2316 662 ome-ufizssm
2343 603 2377 638 ‘¹³
2394 618 2433 660 R‘s

1265 652 1294 668 ιη
1309 643 1458 682 England,
1476 644 1521 674 for
1542 646 1588 675 the
1607 646 1741 686 fetchyng
1761 647 1796 677 of
1807 658 1875 678 oure
1890 653 1979 688 righte
1995 654 2060 683 dere
2076 657 2130 685 and
2149 661 2236 691 anoste
2251 666 2322 694 enti-
2348 642 2381 665 θ
2415 645 2459 660 m-

1266 680 1322 720 rely
1339 676 1462 713 B'eloved
1479 684 1561 722 Wzff
1564 683 1610 712 the
1623 685 1733 723 Quem,
1747 688 1799 716 and
1816 687 1852 716 of
1864 689 1910 719 the
1918 691 2013 720 Prmce
2025 703 2087 721 oure
2102 697 2153 723 Son
2347 672 2466 713 dopttosris

1307 720 1365 750 We
1381 720 1422 749 W
1424 721 1452 750 ol
1465 722 1521 763 and
1535 722 1646 762 Charge
1660 733 1732 763 you,
1754 725 1811 755 that
1829 735 1899 769 unto
1913 727 1960 757 the
1973 728 2026 758 said
2043 733 2137 759 Priour
2153 717 2185 772 {se
2202 735 2317 768 Deliver
2347 714 2475 774 giaf&

1263 759 1300 788 of
1307 769 1377 790 oure
1393 759 1535 802 Tretoure
1550 764 1603 790 CC.
1618 764 1755 799 Marc‚to
1770 763 1844 807 have·
1858 768 1890 794 or
1904 775 1974 795 oure
1987 767 2071 798 Yefte
2088 770 2126 808 by
2140 781 2198 811 way
2213 775 2248 804 of
2260 776 2318 807 Re·
2347 786 2404 812 Cler
2418 785 2475 813 PelL

1261 797 1371 835 warde,
1390 798 1435 828 for
1449 798 1490 827 his
1503 798 1589 828 Costs
1603 801 1658 830 and
1672 800 1820 839 Expences
1838 812 1866 832 in
1881 802 1938 833 that
1953 804 2078 836 behalve.
2410 808 2415 814 '

1299 874 1401 905 Yeven
1416 874 1504 919 uhndre
1518 886 1570 907 our
1586 876 1670 907 Prive
1684 877 1755 915 Seall
1771 885 1803 907 at
1817 875 1925 923 Wstm.
1942 880 1989 911 the
2005 883 2049 912 xvi
2068 882 2133 924 Day
2146 885 2183 915 of
2196 887 2316 920 Februa-

1262 913 2136 991 {3252ssassllxg'sessisf‘iffiihioffffngi-”tssgrffisssuice?'’³⁶³‘ae²
2154 926 2207 955 ³⁰0¹
2223 927 2259 956 ‘³‘
2270 929 2317 959 ὡς

1783 1032 2193 1072 J.BR13wes*r13R.

1320 1159 1379 1188 Pro
1398 1158 1484 1191 Doce
1503 1159 1655 1192 Clarenciae
1673 1162 1900 1193 Locumtenente
1918 1160 2068 1197 Hiberniae
2090 1163 2250 1208 constituto.

1258 1239 1391 1310 REXS
1399 1243 1553 1292 omnibus,
1572 1245 1605 1279 ad
1623 1255 1708 1284 quos,
1727 1246 1787 1277 &c.
1804 1245 1939 1278 Salutem.
2340 1247 2417 1279 Ann-
2433 1249 2475 1280 D.

1394 1290 1472 1311 Clatls
1488 1283 1567 1320 quod
1584 1284 1667 1322 Nos,
2369 1297 2454 1326 1471.

1294 1315 1504 1364 Dequdelitate
1517 1321 1550 1351 δε
1567 1321 1832 1359 Circumspeffione
1845 1323 1976 1354 cariffimi
1993 1324 2205 1359 Consanouinei
2220 1329 2310 1361 nostri
2337 1330 2390 1354 ‘³⁷¹-
2412 1337 2460 1362 49·

1255 1355 1362 1392 Georgn
1374 1359 1457 1386 Ducis
1469 1358 1613 1389 clarenciae
1629 1361 1735 1397 plenius
1752 1361 1943 1400 confidentes,
2109 1355 2127 1367 ο
2338 1369 2371 1391 H·
2393 1367 2419 1392 6-

1294 1395 1459 1424 ordinamus
1485 1396 1522 1431 &
1548 1398 1733 1437 Constituioms
1759 1400 1849 1437 ipsum
1877 1401 1991 1432 Locum
2013 1403 2143 1435 nostrum
2169 1414 2316 1438 tenentem
2343 1402 2376 1435 θ
2390 1407 2454 1431 Rea-

1254 1430 1355 1462 Terrae
1370 1433 1472 1465 nostr-:e
1486 1435 1652 1475 Hiberniae,
2344 1443 2462 1477 deptioois

1292 1470 1466 1516 Habendum
1488 1474 1521 1503 ὃς
1544 1474 1759 1513 Occupandum
1774 1475 1917 1507 Officium
1934 1479 2103 1515 praedifflim
2120 1492 2133 1512 a
2149 1483 2234 1514 Festo
2247 1485 2315 1515 San·
2344 1489 2390 1511 εἴτ’(
2403 1484 2467 1507 AJ-

1257 1507 1298 1538 c‘h
1323 1509 1472 1555 Michaelis
1492 1513 1595 1543 ultimo
1613 1515 1755 1552 praeterito
1771 1515 1855 1552 usqne
1868 1517 1899 1545 ad
1919 1517 2017 1547 Finem
2036 1518 2144 1559 Viginti
2160 1523 2314 1553 Annorum
2340 1521 2456 1552 P-'²·49·

1256 1556 1360 1579 extunc
1377 1553 1508 1587 proximo
1524 1551 1698 1588 sequentium
1716 1553 1747 1582 δε
1762 1553 1880 1590 plenarie
1897 1556 2150 1596 complendorum,
2341 1560 2375 1582 H.
2396 1560 2423 1582 ⁶-

1258 1624 1263 1628 ·
1294 1585 1470 1619 Habendum
1493 1590 1526 1620 &
1549 1589 1768 1629 percipiendum
1791 1591 1932 1621 Officium
1957 1594 2021 1623 illud
2035 1596 2112 1632 juxta
2128 1598 2250 1629 formam
2265 1611 2316 1631 cu⁴
2341 1604 2377 1621 ‘⁷'-
2394 1603 2419 1630 3·

1252 1623 1359 1661 jusdam
1379 1626 1619 1667 INDENTURAE,
1636 1629 1702 1660 inde
1717 1630 1786 1660 inser
1800 1631 1859 1659 Nos
1875 1630 2064 1670 &praefatum
2083 1635 2311 1675 consanguineum

1255 1663 1371 1704 nostrum
1385 1666 1502 1704 fiendae,

1291 1701 1398 1735 Dan'tes
1419 1707 1453 1736 &
1476 1705 1674 1738 Concedentes
1688 1706 1771 1736 eidem
1783 1707 1983 1747 Consbnguineo
1998 1710 2084 1749 nostro
2100 1712 2213 1748 plenam
2225 1738 2233 1751 ‚
2249 1715 2312 1745 Te,

1254 1749 1325 1785 nore
1344 1742 1546 1784 Praesentium,
1563 1744 1735 1777 Potestatem
1757 1746 1837 1783 quod
1863 1747 1935 1785 ipse,
1974 1751 2081 1779 uotiens
2104 1752 2137 1781 ὃς
2157 1752 2175 1769 *
2200 1753 2314 1789 quando

1254 1779 1304 1810 fibi
1325 1781 1472 1821 placuerit,
1489 1784 1539 1814 sub
1552 1783 1578 1813 se
1594 1783 1696 1822 facere,
1710 1785 1836 1815 ordinare
1851 1785 1883 1815 &
1901 1793 1967 1816 coni
1985 1789 2072 1817 ituere
2084 1789 2167 1825 poliit
2188 1790 2316 1829 Deputa—

1254 1825 1318 1848 tum
1339 1819 1418 1851 suurn
1439 1822 1560 1852 Terram
1576 1823 1604 1852 in
1625 1822 1756 1853 Absentia
1769 1823 1813 1852 sua
1829 1822 2060 1856 Custodiendum
2076 1828 2109 1857 &
2123 1827 2316 1861 Gubernatio—

1253 1866 1323 1901 nem
1348 1859 1417 1890 inde
1437 1861 1616 1899 habendum,
1639 1862 1755 1892 durante
1778 1861 1923 1892 Termino
1948 1864 2104 1901 praedic‘tO,
2130 1866 2179 1896 sub
2202 1867 2317 1900 Maono

1253 1894 1354 1938 .S¹g¹¹l⁰
1370 1898 1469 1928 nostro
1489 1899 1618 1938 Angliae,
1634 1900 1689 1930 sive
1710 1899 1758 1929 sub
1783 1899 1894 1939 Magno
1913 1900 2010 1941 Sigillo
2023 1902 2120 1933 nostro
2135 1915 2193 1942 quo
2207 1892 2314 1938 utimur

1252 1942 1283 1963 in
1297 1934 1387 1967 Terra
1402 1938 1551 1975 praedic'ia,
1569 1938 1661 1969 facere
1673 1938 1772 1978 poffit,

1275 1972 1400 2017 'Dant-es
1419 1977 1453 2007 ὃς
1473 1975 1673 2008 Concedentes
1693 1978 1775 2006 etiam
1795 1975 1915 2016 praefata
1936 1978 2134 2018 consanguineo
2156 1979 2260 2021 nostro,
2277 1993 2313 2015 ac

1251 2010 1332 2043 dicto
1354 2013 1503 2053 Deputato
1526 2015 1576 2046 suo
1598 2020 1650 2054 p'ro
1672 2024 1800 2053 tempore
1823 2016 1951 2047 existenti
1974 2019 2002 2047 in
2026 2019 2159 2049 Absentia
2173 2022 2236 2060 sua,
2254 2022 2314 2060 ple-

1252 2059 1335 2090 nam,
1361 2053 1477 2085 Tenore
1501 2054 1706 2092 Praesentium,
1735 2054 1857 2085 similiter
1879 2054 2053 2086 Potestatem
2075 2057 2108 2087 ad
2131 2057 2236 2089 Pacem
2260 2069 2314 2090 no-

1251 2088 1337 2133 stram
1359 2100 1391 2123 ac
1414 2092 1441 2122 L
1477 2103 1504 2122 es
1521 2093 1554 2124 &
1569 2092 1794 2123 Consuetudines
1809 2093 1912 2124 Terrae
1927 2094 2032 2125 nostrae
2046 2096 2191 2134 praedietae
2207 2096 2314 2130 Custo-

1250 2126 1387 2161 diendum
1404 2131 1437 2162 ὃ(
1484 2131 1601 2162 ustodiri
1615 2132 1795 2170 faciendum,

1286 2166 1328 2211 Et
1350 2169 1385 2200 ad
1405 2179 1506 2201 ornnes
1523 2171 1557 2201 &
1582 2170 1706 2208 singulos
1729 2170 1833 2209 Ligeos
1851 2169 1978 2210 nostros,
1998 2174 2056 2204 tam
2076 2173 2212 2214 Anglicos
2224 2177 2312 2214 quam

1249 2204 1442 2247 Hibernicos,
1459 2209 1546 2240 dici-ae
1564 2208 1666 2239 Terrae
1688 2208 1813 2247 nostrae,
1832 2218 1932 2241 contra
1952 2210 2021 2241 Nos
2041 2222 2073 2242 ac
2089 2211 2246 2252 Pacem‚·L
2282 2225 2313 2246 es

1248 2244 1284 2288 ὃς
1303 2244 1527 2278 Consuetudines
1541 2248 1703 2287 praedicras,
1721 2248 1963 2287 qualitercumque
1982 2249 2183 2288 Delinquentes
2197 2253 2230 2282 &
2281 2264 2311 2285 e-

1247 2292 1372 2324 mentes,
1383 2286 1461 2322 juxca
1482 2296 1584 2317 eorum
1607 2286 1769 2324 Demerita,
1786 2286 1940 2317 secundnm
1965 2287 2056 2327 Leges
2069 2290 2103 2319 &
2119 2289 2311 2322 Consuetudi-

1247 2331 1296 2352 nes
1335 2324 1477 2363 medietas,
1495 2326 1547 2356 viis
1567 2325 1600 2356 δε
1622 2325 1731 2362 modis,
1749 2325 1849 2362 quibus
1867 2326 1965 2355 melius
1985 2328 2043 2357 tam
2065 2337 2117 2364 pro
2138 2328 2309 2362 Honore&

1246 2360 1306 2392 Pro
1327 2371 1384 2393 cuo
1404 2363 1525 2401 nostris,
1541 2364 1629 2404 quam
1649 2373 1700 2403 pro
1720 2365 1796 2393 bona
1812 2363 2028 2396 Gubernatione
2042 2365 2127 2396 dietae
2142 2367 2241 2398 Terrae
2253 2378 2310 2399 no-

1245 2398 1311 2430 strae
1329 2410 1362 2431 ac
1385 2401 1542 2441 Ligeorum
1566 2402 1598 2433 &
1621 2401 1807 2432 Subditorum
1830 2401 1995 2433 nostrorum
2022 2403 2128 2434 ibidem
2150 2406 2311 2446 videbitur,

2341 1743 2356 1758 ⁴*
2367 1743 2418 1771 XL

2338 1782 2402 1816 694.

1240 2438 1320 2476 juxta
1340 2439 1549 2471 Discretionem
1569 2440 1638 2471 diffl
1660 2439 1870 2478 consanguinei
1894 2440 2005 2479 nostri,
2032 2441 2089 2473 sive
2111 2443 2246 2482 Deputati
2268 2445 2309 2476 sui

1244 2477 1373 2515 praediCti
1394 2480 1423 2509 in
1443 2479 1565 2510 absentia
1589 2479 1653 2517 sua,
1670 2478 1877 2518 Castigandum
1896 2479 1930 2510 &
1943 2478 2142 2520 Puniendum,
2162 2493 2194 2514 ac
2210 2483 2310 2514 Puniri

1244 2515 1278 2545 &
1293 2514 1432 2556 Castigari
1448 2518 1628 2556 faciendum,

1280 2553 1411 2585 Necnon
1433 2556 1466 2586 ad
1487 2557 1682 2594 recipiendum
1703 2556 1737 2586 δε
1756 2555 1963 2587 admittendum
1987 2557 2022 2588 ad
2036 2558 2137 2588 Finem
2152 2559 2185 2588 &
2200 2559 2308 2592 Pacem

1244 2592 1370 2623 nostram
1390 2596 1450 2625 tarn
1464 2595 1600 2633 Anglicos
1618 2596 1702 2633 quam
1718 2593 1911 2632 HiberniCOS,
1931 2596 1979 2633 qui
1996 2595 2120 2635 Legibus
2137 2599 2170 2629 ὃς
2198 2598 2307 2630 Custu-

1245 2632 1301 2661 mis
1315 2632 1413 2663 nostris
1427 2634 1565 2671 praediffls
1582 2633 1717 2664 Rebelles
1730 2633 1763 2664 &
1781 2632 1923 2663 Contrarii
1938 2633 2073 2672 existunt,

1281 2670 1320 2701 Et
1334 2671 1368 2701 ad
1385 2672 1575 2709 Faciendum,
1596 2671 1752 2709 Dandum,
1773 2673 1806 2703 &
1823 2672 2056 2702 Concedendum
2072 2673 2182 2713 plenam
2197 2674 2305 2707 Pardo-

1244 2710 1390 2751 nationem
1406 2711 1472 2747 sibi,
1491 2712 1523 2742 δε
1538 2721 1639 2742 eorum
1655 2710 1786 2749 cuilibet,
1800 2719 1834 2741 ac
1854 2710 1899 2741 alii
1914 2710 2042 2741 Personae
2055 2713 2306 2753 cuicumque,hu-=

1239 2747 1367 2784 jusmodi
1389 2749 1629 2780 Pardonationem
1650 2750 1775 2787 petenti,
1793 2749 1829 2779 de
1854 2749 1936 2780 Sedia
1956 2748 2038 2780 Pacis
2053 2750 2173 2789 nostrae,
2192 2763 2256 2790 quae
2270 2753 2306 2784 ad

1242 2785 1311 2816 Nos
1334 2789 1468 2825 pertinet,
1487 2789 1543 2818 tam
1565 2788 1726 2826 generaliter
1741 2788 1826 2825 quam
1841 2787 2006 2825 specialiter,
2024 2788 2060 2818 de
2075 2789 2305 2830 proditionibus,

1242 2823 1434 2864 Homicidiis,
1462 2826 1610 2864 Roberiis,
1635 2826 1772 2862 Feloniis,
1798 2825 1942 2864 Murdris,
1966 2825 2103 2864 Raptibus
2130 2827 2303 2868 Mulierum,

1241 2862 1423 2902 Latrociniis,
1447 2865 1517 2896 falsis
1543 2865 1775 2902 Alligationibus,
1805 2864 2194 2904 Adhaefionibus‚1nim1cis‚
2217 2867 2302 2899 Utla-

1239 2903 1342 2970 ffriis,
1367 2903 1661 2943 Transgreffionibus,
1684 2902 1908 2940 Contemptibus
1922 2926 1932 2941 ,
1956 2903 2171 2942 Foris-facturis,
2190 2906 2222 2935 &
2245 2907 2302 2936 aliis

1273 2942 1457 2973 ebellionibus
1476 2943 1508 2972 &
1533 2941 1659 2971 Murdris
1685 2940 1926 2979 quibuscumque,
1946 2941 1973 2969 in
1997 2941 2072 2972 dicta
2091 2943 2184 2973 Terra
2204 2943 2299 2975 nostra

1240 2988 1289 3017 per
1301 2981 1401 3019 aliquas
1417 2980 1579 3018 hujusmodi
1595 2979 1727 3011 Personas
1742 2987 1803 3010 ante
1819 2979 1882 3009 hzec
1899 2988 2025 3015 tempora
2040 2980 2120 3010 sac'tis
2137 2981 2192 3011 sive
2206 2984 2299 3020 impo-

1239 3017 1346 3049 sterum
1362 3020 1496 3050 faciendis
1506 3041 1514 3056 ,
1533 3021 1565 3049 &
1580 3018 1691 3048 firmam
1705 3018 1810 3048 Pacem
1827 3017 1951 3047 nostram
1966 3018 2004 3047 eis
2019 3019 2053 3048 δε
2065 3029 2165 3049 eorum
2182 3021 2298 3052 cuilibet

1237 3056 1322 3095 inde,
1341 3067 1391 3095 per
1414 3058 1521 3088 Literas
1535 3057 1643 3086 nostras
1661 3056 1801 3092 Patentes,
1821 3055 1870 3085 sub
1889 3055 1999 3094 Magno
2021 3057 2047 3086 Si
2070 3058 2116 3088 illo
2129 3058 2225 3088 nostro
2241 3068 2299 3096 quo

1234 3095 1344 3163 gtirgur
1362 3097 1392 3126 in
1415 3096 1505 3126 Terra
1524 3095 1676 3134 praedic‘ta,
1694 3095 1722 3124 in
1747 3094 1838 3124 forma
1860 3094 1952 3125 debita
1973 3094 2038 3125 Dan
2063 3106 2111 3126 um
2135 3096 2297 3127 &Conce-

1254 3143 1289 3163 en
1311 3143 1359 3164 um

1270 3170 1308 3202 Et
1328 3157 1412 3203 etiaim
1427 3171 1461 3202 ad
1476 3171 1558 3202 Fines
1573 3171 1606 3202 &
1624 3170 1851 3210 Redemptiones
1864 3170 1900 3201 de
1916 3172 2077 3209 hujusmodi
2099 3171 2243 3211 Personis,
2261 3173 2295 3203 &

1235 3219 1330 3240 earum
1351 3212 1492 3251 qualibet,
1510 3220 1543 3240 ac
1562 3210 1597 3240 de
1617 3209 1673 3240 aliis
1690 3210 1819 3240 Personis
1833 3210 2074 3248 quibuscumque,
2095 3212 2141 3247 qui
2162 3210 2243 3241 Fines
2257 3214 2292 3242 &

1235 3247 1463 3286 Redemptiones
1478 3249 1569 3279 facere
1584 3248 1726 3279 voluerint
1736 3271 1745 3286 ,
1765 3248 1978 3286 Recipiendum
1997 3250 2029 3280 ὃ(
2043 3249 2254 3285 Acceptandum
2266 3272 2276 3287 ,

1271 3286 1309 3318 Et
1327 3287 1362 3317 ad
1386 3287 1504 3325 singulas
1527 3286 1675 3325 Personas,
1690 3288 1769 3326 juxta
1790 3288 1879 3325 Leges
1901 3288 1934 3318 ὃς
1949 3285 2174 3316 Consuetudines
2190 3288 2294 3327 praedi-

1235 3324 1292 3355 <stas
1301 3348 1310 3364 ,
1325 3324 1465 3365 Justiciari
1478 3326 1644 3357 faciendum
1652 3348 1661 3363 ,

1269 3364 1307 3394 Et
1330 3366 1412 3395 etiam
1433 3365 1576 3395 universos
1597 3365 1630 3395 &
1648 3364 1785 3404 singulos,
1803 3366 1862 3394 tam
1884 3362 2020 3401 Anglicos
2037 3362 2185 3401 Rebelles,
2205 3365 2293 3402 quam

1234 3401 1409 3434 Hibernicos
1431 3403 1583 3440 Inimicos,
1601 3402 1686 3433 distae
1706 3403 1810 3433 Terra:
1829 3401 1950 3438 nostrae,
1968 3400 2086 3430 eandem
2107 3402 2227 3432 Terram
2240 3414 2296 3433 no-

1234 3441 1319 3472 stram
1342 3441 1434 3472 Causa
1454 3440 1662 3479 Depraedandi,
1684 3440 1859 3476 Guerrandi,
1876 3439 1922 3469 seu
1944 3439 2107 3479 alio-modo
2122 3439 2296 3473 Destruendi

1234 3479 1291 3510 five
1306 3480 1479 3511 Devastandi
1495 3479 1685 3520 imposterum
1699 3478 1920 3518 invadentes,&
1935 3479 1961 3506 ie
1971 3477 2050 3514 juxta
2067 3478 2156 3517 Leges
2171 3480 2296 3510 &Con-

1234 3518 1391 3550 suetudines
1407 3520 1554 3557 praedffitas
1565 3518 1704 3557 Justiciari
1719 3517 1862 3551 nolentes,
1880 3518 1897 3544 ί]
1914 3515 2025 3558 necesse
2039 3516 2135 3554 fuerit,
2154 3527 2223 3547 cum
2234 3519 2293 3549 Po-

1234 3557 1331 3588 testate
1345 3557 1436 3596 Regia
1449 3568 1482 3587 ac
1496 3558 1554 3587 aliis
1567 3558 1618 3586 viis
1631 3558 1665 3586 &
1682 3555 1772 3586 modis
1785 3555 1884 3596 quibus
1900 3553 1999 3583 melius
2014 3553 2074 3584 sciri
2089 3557 2210 3592 poterit,
2214 3558 2292 3594 juxta

1233 3606 1335 3627 eorum
1363 3597 1526 3634 Demerita,
1552 3594 1769 3629 Guerrandum,
1794 3592 2017 3630 Castigandum,
2037 3594 2070 3622 &
2094 3593 2294 3631 Puniendnm,

1234 3644 1266 3665 ut
1288 3635 1458 3674 praeditfium
1479 3634 1537 3671 est,
1553 3635 1586 3664 &
1606 3634 1691 3662 etiam
1705 3640 1774 3661 cum
1789 3631 1827 3660 eis
1841 3628 2070 3668 pacificandum,
2088 3642 2120 3662 ac
2134 3633 2206 3670 ipsos
2225 3632 2296 3663 Paci

1232 3674 1338 3704 nostrae
1354 3672 1590 3702 Reformandum.

1271 3709 1439 3749 Conceffimus
1465 3711 1547 3738 etiam
1569 3708 1602 3738 ὅτ
1622 3707 1733 3743 plenam
1756 3706 1875 3736 Tcnore
1893 3705 2075 3737 Praesentium
2100 3711 2294 3738 Committimux

1233 3751 1406 3782 Potestatem
1421 3748 1538 3787 praefato
1552 3745 1749 3784 Confiznguineo
1764 3745 1850 3780 nostro
1860 3768 1869 3782 ,
1884 3756 1916 3775 ac
1934 3745 2080 3783 Deputato
2093 3748 2139 3775 luo
2153 3748 2292 3785 praedicto

1232 3791 1262 3819 in
1285 3788 1408 3820 absentia
1429 3787 1490 3823 sua,
1510 3784 1588 3823 quod
1608 3784 1661 3821 ipse
1681 3783 1777 3812 omnia
1793 3782 1896 3813 Terras
1910 3784 1941 3814 ἃ
1956 3785 2150 3819 Tenenrenta,
2168 3794 2233 3814 cum
2250 3785 2291 3815 E-

1235 3828 1419 3858 molumentis
1433 3826 1465 3856 &
1488 3822 1751 3853 Commodiratibus
1775 3823 2001 3860 quibuscumque
2015 3845 2025 3859 ‚
2044 3832 2091 3859 per
2107 3822 2291 3862 Hibernicos,

1234 3866 1385 3903 Inimicos,
1404 3865 1459 3894 five
1483 3872 1531 3899 per
1551 3860 1687 3898 Anglicos
1709 3859 1858 3898 Rebelles,
1877 3870 1924 3899 per
1938 3861 2080 3890 Guerram
2095 3861 2126 3889 &
2143 3860 2291 3892 Rebellio-

1233 3914 1319 3942 nem,
1334 3905 1364 3933 in
1388 3902 1514 3932 Defestu
1532 3898 1728 3935 Defensionis,
1746 3908 1863 3937 quoquo
1887 3899 1976 3928 modo
1995 3907 2073 3934 capta
2096 3899 2149 3927 iive
2171 3900 2292 3939 adepta,

1233 3953 1267 3973 ac
1285 3944 1370 3974 etiam
1389 3946 1575 3979 quaecumque
1597 3937 1646 3966 alia
1660 3936 1762 3967 Terras
1775 3938 1808 3968 ὃ(
1822 3938 1999 3967 Tenementa
2015 3938 2050 3965 de
2065 3937 2166 3973 quibus
2183 3937 2291 3969 Hiber-

1233 3983 1291 4011 nici
1311 3980 1424 4010 Inimici
1444 3977 1529 4007 nostri
1550 3975 1691 4013 antquitus
1706 3976 1818 4006 fuerunt
1832 3977 1887 4005 rive
1900 3974 1932 4004 ad
1950 3975 2066 4010 praesens
2082 3974 2203 4006 existunt
2218 3976 2291 4007 Posa

1232 4019 1368 4050 seffionati
1380 4041 1389 4055 ,
1407 4018 1440 4048 &
1461 4014 1581 4045 similiter
1600 4014 1634 4044 ad
1656 4015 1754 4044 omnia
1769 4015 1819 4044 alia
1831 4013 1933 4042 Terras
1947 4013 1980 4041 &
1993 4013 2190 4052 Tenementa,
2210 4015 2290 4046 Red-

1232 4058 1323 4095 ditus,
1342 4056 1473 4091 Servitia,
1497 4052 1591 4083 Feoda
1613 4052 1764 4091 Militum,
1789 4052 1822 4081 &
1844 4050 2057 4080 Advocationes
2083 4051 2293 4095 Ecclesiarum,

1233 4106 1304 4127 cum
1319 4092 1492 4127 omnimodis
1506 4091 1563 4124 aliis
1581 4090 1735 4159 Beneficii}
1742 4088 1957 4125 Ecclefiasti‘cis,
1975 4098 2008 4120 ac
2022 4090 2079 4120 aliis
2091 4092 2294 4160 pertinentipus

1754 4138 1769 4158 a
1791 4137 1804 4166 3
2224 4139 2237 4160 r
2260 4139 2295 4166 οἵ
