2555 4266
703 189 816 232 ET
901 156 1175 233 ACT'A

3 279 78 311 Arm.
95 274 136 307 D.
153 275 284 315 De'oitis‚
309 274 556 315 obligationibus,
580 274 831 316 promistionibus,
851 277 1056 317 Captionibus,
1073 278 1119 308 seu
1142 275 1216 306 Em-

30 315 118 353 1461.
154 316 338 356 prilionibus‚
354 316 389 346 &
404 314 602 352 Attemptatis,
620 324 684 346 ante
704 315 812 348 Datam
834 317 1020 348 Praesentium
1038 317 1217 349 Literarum‚

3 361 68 386 Hm.
91 356 117 383 61
156 354 379 392 quomodolibet
394 363 444 392 per
458 353 548 390 ipsos,
567 353 612 383 vel
626 354 761 392 alterum,
778 355 834 387 five
852 365 956 386 eorum
977 352 1217 397 aliquemhfaffis

155 394 190 424 ὃ(
205 391 375 430 commiffis,
394 400 441 423 aut
457 400 556 423 contra
570 394 974 432 eos,quacunque0ccafione
990 392 1136 424 veiCausa
1144 400 1218 429 prae-

156 431 237 500 tcnlgltS
246 454 316 499 ideo
331 469 415 499 vobis
431 468 604 501 Mandamus
618 470 699 510 quod
716 471 786 508 ipsos
799 468 997 506 Theobaldum,
1010 467 1073 498 &c.

194 507 315 553 Proviso
330 508 437 546 semper
448 508 546 547 qued,
565 508 624 545 &a
641 515 722 548 prout
739 512 766 538 iu
783 507 933 547 hujusmodi
950 507 982 536 de
1003 505 1144 536 conductu
1165 507 1221 535 Li-

152 551 281 616 ter'iis'este
294 583 378 625 Rege
391 586 465 624 apud
478 584 748 625 W’stmonasterium,
766 583 906 616 vicefimo
922 583 998 614 sexto
1010 582 1057 613 die
1066 581 1202 621 Januarii.

651 663 705 690 Per
721 660 803 699 ipsum
822 662 918 698 Regem
936 663 992 690 Ore
1007 667 1095 690 tenus.

319 791 370 823 De
396 786 612 821 Pardonatione
630 798 688 833 pro
710 787 849 833 Epist-opo
874 789 1055 832 Menevensi.

0 875 86 908 2Ann.
101 874 145 908 D.
164 873 307 929 REX,
324 872 462 904 omnibus
477 870 589 904 Ballivis
601 872 635 903 &
650 871 793 904 Fidelibus
809 873 878 912 suis,
897 873 933 905 ad
955 882 1042 914 quos,
1061 874 1121 905 &c.
1141 873 1222 905 Salu-

29 915 119 954 1461.
239 922 306 943 tem.

0 958 56 983 idn.
77 964 121 990 39·
197 947 298 981 Sciatis
312 948 411 987 quod,
425 949 461 979 de
469 949 569 981 Gratia
583 949 679 981 nostra
692 950 823 990 speciali,
839 951 872 982 &
884 960 918 981 ex
928 961 1011 982 mero
1018 961 1102 983 motu
1110 951 1223 988 nostre,

0 997 42 1024 ili.
60 993 88 1019 6.
159 987 378 1020 Ρανάοηανίηιιις
385 1012 394 1027 ,
402 988 556 1029 Βενηξβνηιις
564 1013 573 1027 ,
581 989 613 1019 &
622 989 822 1019 Relaxavimus
828 989 958 1029 Johanni
966 1000 1055 1028 nuper
1064 989 1226 1031 Illenevenfi

7 1035 66 1061 rat.
89 1038 133 1069 39.
155 1026 294 1067 Epfiopv,
311 1028 376 1058 alias
389 1028 468 1058 dieto
481 1027 612 1066 Johanni
626 1028 658 1057 de
671 1027 700 1057 la
719 1030 807 1058 Beare
823 1038 913 1067 nuper
933 1029 1095 1070 Menevenfi
1114 1031 1224 1070 Episto-

4 1073 41 1097 Η.
58 1071 85 1099 6.
150 1071 185 1102 pv
198 1087 208 1103 ‚
234 1070 278 1098 ieu
296 1076 485 1107 quocumque
507 1066 564 1096 alio
590 1067 728 1098 Nomine
743 1067 903 1106 censeatur,
919 1069 1100 1099 omnimodas
1119 1069 1224 1100 Trans-

0 1116 43 1137 tm.
60 1109 89 1137 6.
153 1105 321 1145 greffiones,
350 1104 496 1144 Offensas,
523 1104 739 1144 Mesprisiones,
763 1106 974 1146 Contemptus,
998 1107 1032 1138 &
1061 1106 1224 1147 Impetitio—

151 1151 200 1173 nes

168 1223 174 1229 ·
190 1168 244 1216 P’er
261 1184 344 1225 ipficm
359 1182 532 1222 Episcopum,
550 1191 615 1214 ante
628 1183 794 1215 vicesimum
809 1182 917 1215 sextum
933 1183 1024 1214 Diem
1035 1183 1163 1223 Januarii
1182 1184 1226 1216 ul-

152 1226 229 1254 timo
242 1224 417 1263 praeteritum
426 1246 436 1261 ,

191 1261 303 1293 Contra
329 1263 454 1293 formam
480 1264 541 1292 'tam
567 1269 818 1300 quorumcumque
840 1260 1033 1301 Statutorum,
1054 1261 1225 1293 Ordinatio-

151 1311 242 1339 num,
261 1304 295 1333 &
310 1301 528 1337 Provisionum,
546 1308 611 1330 ante
624 1298 735 1329 dietum
750 1299 925 1330 Vicesimum
941 1301 1050 1332 sextum
1072 1300 1163 1332 Diem
1173 1301 1226 1340 Ja-

152 1342 243 1371 nuarii
258 1341 403 1371 saelorum
418 1339 474 1370 five
489 1339 633 1368 editorum
641 1359 660 1380 ².
669 1337 705 1367 de
718 1337 773 1369 Per
794 1338 988 1378 uisitionibus,
1007 1340 1225 1378 Acceptationi-

155 1380 226 1416 buS,
247 1379 451 1416 Leetionibus,
469 1376 730 1414 publicationibus,
793 1377 1031 1417 orificationibus,
1053 1379 1087 1410 &
1110 1378 1226 1410 Execu-

152 1419 279 1449 tionibus
292 1416 519 1456 quibuscumque
533 1424 778 1455 quarumcumque
801 1415 960 1446 Literarum
978 1417 1012 1448 ὃ(
1025 1417 1166 1447 Bullarum
1181 1418 1224 1448 A-

154 1457 380 1495 postohcarurn,
395 1463 460 1485 ante
474 1453 587 1484 dietum
599 1454 768 1484 vicesimum
788 1453 896 1485 sextum
920 1454 1008 1485 Diem
1030 1455 1171 1495 Januarii,
1189 1458 1224 1488 &

153 1498 287 1529 omniurn
303 1497 319 1513 ¹*
335 1495 458 1526 aliorum
474 1493 667 1530 Statutorum,
687 1492 914 1523 Ordinationum
950 1495 984 1526 &
1003 1494 1204 1526 Provisionum
1215 1519 1225 1534 ,

154 1543 291 1576 praetextu
302 1542 427 1572 quorum
441 1532 530 1570 aliqua
547 1531 631 1562 Secta
650 1531 742 1561 versus
756 1531 880 1562 eundern
901 1516 1079 1572 E'piscopum
1099 1544 1149 1572 per
1162 1534 1226 1565 Bil-

153 1575 211 1605 lam
220 1574 265 1605 vel
281 1582 331 1611 per
345 1574 438 1601 Breve
454 1570 488 1600 de
502 1572 670 1599 Praemunire
677 1567 787 1608 facias,
798 1569 843 1600 seu
853 1570 908 1600 ali'o
923 1572 1014 1601 modo
1027 1582 1224 1614 quocumque,

154 1624 208 1652 pro
221 1613 311 1650 aliqua
326 1610 448 1641 Materia
460 1616 526 1639 ante
540 1607 710 1639 vicesimum
725 1607 835 1638 sextum
858 1607 951 1640 Diem
963 1610 1089 1649 Januarii
1101 1611 1160 1642 fieri
1174 1623 1223 1645 va-

153 1654 225 1690 leat,
243 1651 331 1689 quam
345 1656 596 1687 quorumcumque
609 1646 730 1677 aliorum
744 1647 922 1678 Statutorum
932 1671 942 1687 ,

194 1691 294 1721 Faetas
306 1688 362 1718 sive
376 1694 559 1726 perpetratas,
571 1685 611 1728 .&
622 1695 714 1717 omne
728 1685 774 1724 id,
792 1686 871 1724 quod
890 1686 927 1718 ad
949 1685 1019 1719 Nos
1036 1688 1127 1720 versus
1140 1690 1226 1731 ipfiem

154 1728 328 1769 Epistopum,
346 1727 454 1757 ratione
467 1723 689 1760 Praemifforum
709 1724 755 1755 seu
769 1734 870 1755 eorum
886 1726 1019 1767 alicujus,
1039 1730 1158 1766 pertinet
1180 1731 1226 1762 seu

153 1770 294 1807 pertinere
309 1766 428 1804 poterit·²
441 1763 581 1802 aliquibus
596 1762 729 1802 Statutis,
748 1762 1005 1806 ordinationibus,
1029 1768 1063 1797 &
1080 1765 1227 1799 Provisio-

153 1807 239 1838 nibus
260 1807 336 1844 (ante
350 1804 415 1835 haec
436 1810 567 1842 tempora
584 1802 615 1832 in
636 1802 813 1833 contrarium
834 1803 913 1834 editis
936 1804 992 1837 five
1016 1806 1147 1844 provisis)
1166 1817 1228 1839 non

153 1845 343 1877 obstantibus.

193 1884 229 1916 In
243 1885 341 1923 cujus,
359 1881 422 1914 &c-

207 1922 298 1955 Teste
314 1921 400 1962 Rege
414 1918 488 1958 apud
501 1917 762 1959 westmonasterium
775 1919 876 1959 quinto
890 1919 936 1952 die
951 1920 1109 1954 Februarii.

8 1505 23 1521 *
41 1503 96 1532 XI.

4 1553 73 1582 47⁰2

850 1999 904 2027 Per
918 1997 1001 2038 ipfimt
1019 2000 1126 2037 Regemj

246 2133 305 2164 Pro
330 2128 459 2164 Whero
482 2127 621 2174 Epifiopo
645 2127 837 2171 Norwicetfi
855 2126 891 2160 de
913 2125 1138 2172 Absentatione.

7 2223 85 2255 'Am-5,
100 2223 142 2255 D,
161 2215 282 2275 REX
301 2215 468 2252 Omnibus,
487 2213 522 2244 ad
539 2223 624 2252 quos,
645 2213 699 2257 &e
724 2213 862 2252 Salutem,

27 2263 114 2302 145„
255 2254 387 2294 Exposuit
402 2253 519 2292 turbis,
539 2252 712 2283 Venerabilis
724 2251 984 2296 Pater,·Wlterus
1001 2253 1143 2294 Epifiopur
1150 2256 1230 2285 Nor-

8 2306 61 2332 An,
78 2312 124 2339 39,
159 2293 295 2335 wicenfis,
314 2292 500 2324 Consiliarius
522 2291 635 2329 noster,
655 2291 809 2334 quomodo
832 2292 905 2335 ipse,
930 2302 945 2322 a
967 2292 1079 2323 diutino
1101 2302 1232 2332 tempore

4 2348 47 2374 H·
62 2343 92 2368 6.
155 2333 217 2372 jam
232 2332 388 2370 traiisacssto,
404 2333 464 2361 tam
479 2331 509 2360 in
522 2330 651 2360 Partibus
670 2329 764 2369 Regni
778 2330 868 2360 nostri
883 2331 1010 2361 Franciae
1019 2354 1029 2369 ,
1048 2333 1134 2370 quarn
1148 2334 1232 2372 alibi,

7 2379 74 2409 uid,
86 2389 124 2410 m,
159 2371 196 2403 ad
211 2373 255 2402 sua
272 2372 366 2411 gravia
383 2369 509 2407 Custus,
525 2368 680 2411 Expensa3‚
697 2369 730 2399 &
745 2368 864 2408 Onera,
879 2379 928 2409 per
952 2369 1043 2407 ipsum
1065 2371 1232 2410 multiplici-

7 2417 37 2447 8.
159 2419 202 2444 ter
217 2411 306 2449 faeta,
322 2409 423 2440 nostris
437 2408 556 2440 vacabat
570 2406 739 2445 Obiequiis,

8 2450 13 2453 ’
33 2451 35 2453 ’
200 2450 338 2488 Qiorum
354 2447 505 2479 occasione
521 2454 654 2485 magnam
670 2446 726 2477 suae
742 2445 819 2476 Vitae
835 2445 1005 2477 portionem
1019 2457 1080 2477 non
1095 2447 1230 2488 Divinis,

157 2496 190 2520 ut
206 2487 346 2519 debuisset
357 2487 390 2518 ὃ(
406 2487 512 2523 valuit,
529 2487 599 2524 quin
613 2485 706 2524 potitis
722 2484 817 2515 Seculi
834 2484 935 2515 Rebus
948 2486 1106 2524 impendit,

196 2526 334 2565 Cumque
349 2524 588 2564 inpraesentiarum
602 2524 680 2554 idern
697 2523 870 2555 Venerabilis
886 2523 965 2555 Pater
984 2524 1103 2555 Senium
1125 2526 1232 2564 ingres-

157 2565 218 2604 sus,
236 2564 404 2603 Curamque
421 2564 589 2594 Animarum
605 2563 820 2601 praegrandem,
838 2562 946 2594 Divina
963 2564 1144 2601 permittente
1159 2565 1230 2596 Cle-

159 2604 282 2642 mentia,
300 2604 438 2635 assecutus
456 2602 505 2640 sit,
523 2602 667 2640 ipsamque
680 2601 784 2632 Oculis
803 2602 1026 2633 conniventibus
1041 2603 1074 2633 &
1092 2603 1145 2634 sub
1163 2604 1230 2635 Dis-

158 2643 343 2674 simulationis
369 2641 503 2672 Clamide
524 2640 723 2680 Necgieetam
743 2641 887 2679 praeterire
907 2649 1044 2680 nequeat,
1071 2641 1175 2680 absque
1193 2653 1230 2675 eo

158 2681 239 2720 qnod
255 2681 372 2712 Animae
386 2681 442 2711 suae
456 2679 556 2711 Salutis
570 2688 657 2718 grave
677 2678 843 2710 Periculum
863 2679 896 2711 δε
911 2679 1061 2710 Offensam
1079 2683 1232 2718 praetnaxi-

159 2729 240 2750 mam
256 2729 319 2759 erga
332 2719 431 2750 Deum
446 2720 584 2757 incurrat,

199 2758 227 2789 A
265 2769 300 2789 ua
312 2759 396 2788 etiam
432 2756 574 2788 transaetis
585 2757 648 2795 jam
663 2755 756 2787 Annis
777 2755 852 2795 quali
873 2756 986 2796 singulis
1000 2767 1035 2788 ex
1056 2766 1115 2795 quo
1128 2757 1229 2790 Pasto-

159 2797 224 2828 ralis
242 2768 344 2828 Officii
364 2781 481 2833 suscepit
496 2794 638 2835 Insignia,
656 2795 719 2826 tum
734 2804 765 2826 ut
787 2797 817 2825 in
837 2795 939 2839 nostris
960 2796 1101 2828 interesset
1116 2796 1227 2829 Conci-

159 2836 218 2873 liis,
237 2837 301 2867 tum
318 2835 352 2866 ad
364 2834 550 2866 Parliamenta
566 2833 679 2871 nostra,
695 2835 760 2864 tum
771 2833 806 2863 ad
820 2834 883 2864 alias
896 2834 1095 2865 Dominorum
1110 2836 1144 2867 &
1156 2836 1229 2868 Pro-

159 2884 262 2905 cerum
277 2873 403 2913 ejusdem
424 2872 519 2911 Regni
539 2871 776 2903 Convocationes
794 2873 959 2911 accederet,
973 2882 1125 2913 evocatuS,
1139 2874 1229 2907 Curae

159 2914 215 2944 suae
227 2913 373 2952 praediCtae
386 2922 420 2942 ac
436 2910 543 2942 caeteris
561 2911 610 2941 sibi
631 2919 665 2940 ex
689 2910 728 2940 sui
749 2910 853 2941 Officii
871 2911 968 2942 debito
996 2914 1229 2946 incumbentibus

159 2952 298 2983 rarissime
319 2960 419 2982 vacare
441 2950 554 2988 potuit,
570 2948 644 2980 adeo
665 2948 746 2988 quod
770 2950 851 2981 Rem
872 2950 993 2988 aliquam
1014 2952 1172 2989 perfectam
1191 2955 1225 2985 &

159 2991 353 3030 completam,
374 2990 403 3020 in
415 2989 470 3019 suis
481 2999 515 3020 ac
533 2987 667 3019 Ecclesiae
679 2987 714 3018 &
728 2987 817 3018 Curae
837 2990 950 3026 agendis
963 2990 1064 3028 rebus,
1084 2990 1228 3030 hucusque

161 3030 283 3060 minime
301 3029 389 3061 valuit
409 3036 577 3066 excercere,
595 3036 649 3057 nec
671 3027 756 3070 etiam
781 3026 883 3065 absque
904 3026 1041 3075 Corporis
1062 3027 1102 3059 sui
1126 3031 1228 3062 totiens

158 3067 345 3100 Advenientis
359 3068 393 3098 ὅτ,
408 3067 568 3099 Redeuntis
581 3064 792 3096 confractione
805 3065 1006 3105 praemolesta;

195 3106 285 3148 Super
304 3107 408 3147 quibus
430 3106 532 3137 Nobis
552 3103 686 3136 instanter
708 3114 741 3135 ac
762 3104 865 3136 humili
886 3105 1042 3137 devotione
1058 3107 1227 3145 supplicavit

180 3147 307 3185 uatinus,
324 3146 378 3177 hiis
391 3145 426 3176 &
440 3145 498 3175 aliis
513 3143 670 3176 Personam
692 3143 773 3174 suam
794 3145 991 3183 tangentibus,
1010 3145 1058 3183 pia
1082 3145 1226 3184 Compas-

168 3194 235 3216 ione
256 3185 390 3223 pensatis,
416 3183 469 3213 fibi
489 3183 525 3214 de
546 3191 691 3222 oportuno
712 3181 908 3215 Relevarninis
929 3183 1052 3216 subfidio
1075 3186 1226 3223 providere

155 3223 352 3291 grffiofiffime
365 3223 567 3263 dignaremur,

232 3271 265 3292 os

194 3286 322 3331 Nedi‘im
335 3299 484 3331 Praemissa
493 3323 503 3338 ,
517 3298 556 3330 set
569 3298 707 3339 sperantes
721 3299 838 3331 indubie
853 3301 931 3339 quod
946 3301 1028 3341 ipsius
1042 3311 1106 3341 erga
1122 3302 1223 3335 Deum

158 3338 192 3370 &
207 3338 382 3370 Salvatorern
393 3338 527 3370 nostrum
539 3338 646 3369 sincera
657 3338 803 3377 Devotio,
811 3338 861 3370 suis
872 3350 926 3379 pro
938 3340 1032 3371 nostra
1041 3340 1222 3373 nostrorum-

157 3386 215 3415 que
229 3377 321 3408 Salute
334 3377 512 3415 Regnorum
528 3376 666 3408 Precibus
682 3377 732 3407 sub
744 3380 847 3408 mentis
859 3380 952 3417 quiete
967 3378 1078 3418 effusis,
1097 3391 1156 3411 non
1166 3383 1224 3412 rni—

157 3425 211 3445 nus
230 3415 359 3453 prodesse
377 3417 500 3455 valebit,
526 3417 615 3453 quam
637 3415 720 3455 ipsius
743 3426 845 3448 vexato
872 3416 1005 3456 Corpore
1022 3420 1099 3449 circa
1114 3419 1221 3451 nostrae

155 3453 360 3485 sollicitudinis
372 3454 556 3493 Temporalis
568 3453 714 3492 obsequia
728 3456 802 3486 curn
818 3457 928 3487 caeteris
945 3457 1100 3496 insudaret,

176 3491 386 3560 ‘Yolentesque
396 3501 542 3532 propterea
554 3493 638 3524 eidem
652 3493 806 3525 Venerabili
821 3497 905 3525 Patri
914 3494 1046 3527 Gratiam
1061 3496 1153 3529 facere
1160 3497 1223 3538 spe-

155 3540 199 3562 cia
209 3540 258 3561 em

193 3553 352 3614 Personam
389 3569 511 3614 usdem,
527 3570 645 3602 durante
666 3571 734 3603 Vita
748 3572 812 3610 sua,
830 3583 847 3603 a
862 3572 1002 3605 Personaii
1021 3573 1220 3613 Comparitio-

155 3617 194 3638 ne
209 3618 239 3638 in
254 3608 349 3646 aliquo
395 3608 565 3638 onciliorum
581 3609 626 3639 seu
643 3609 900 3642 Parliamentorum
910 3634 920 3650 ,
938 3622 987 3650 per
1000 3612 1069 3644 Nos
1083 3614 1128 3644 vel
1143 3613 1218 3644 Hae-

155 3646 236 3691 redes
250 3646 369 3690 'nostros
388 3645 425 3675 de
440 3654 546 3677 caetero
565 3647 774 3687 tenendorum,
798 3649 930 3682 duximus
951 3650 1144 3684 Eximendam
1154 3675 1165 3692 ‚
1183 3653 1218 3685 ὃς

155 3684 323 3717 Eximimus
335 3693 385 3722 per
399 3683 569 3723 Praesentes,

1259 181 1743 235 PUBLicA.
2242 204 2323 259 ,03

1292 270 1435 303 Nolentes
1455 273 1535 312 quod
1558 274 1636 305 idem
1658 276 1833 321 Venerabilis
1851 278 1933 311 Pater
1965 284 2051 315 etiam
2073 286 2091 317 fi
2114 295 2161 326 per
2183 287 2253 319 Nos
2271 290 2316 320 vel
2335 288 2454 319 Ann.D

1254 308 1393 339 Haeredes
1405 311 1515 356 nostros
1528 313 1563 357 de
1576 323 1683 358 caetero
1695 316 1730 346 ad
1745 316 1906 355 hujusmodi
1927 303 2058 353 Concilia
2075 328 2118 355 vel
2141 326 2315 358 Parliamen-
2352 328 2406 365 146
2416 337 2439 357 1.

1255 355 1282 378 ta
1304 356 1422 378 vocatus
1438 359 1578 390 extiterit,
1593 361 1700 384 ratione
1720 364 1781 384 non
1803 354 2026 393 Comparitionis
2044 361 2192 395 personalis
2213 366 2244 394 in
2263 367 2314 396 ali-
2329 370 2393 394 Hesi.
2411 370 2441 393 6.

1255 396 1316 430 quo
1339 388 1530 427 eorumdem,
1559 400 1690 433 vexetur,
1709 393 1896 432 inquietetur,
1913 395 2095 438 molestetur,
2116 403 2160 433 vel
2184 412 2314 434 oravetur

1257 434 1287 467 in
1302 424 1424 468 Persona
1441 428 1661 463 quomodolibet
1673 439 1719 460 aut
1735 433 1765 460 in
1785 430 1900 469 Rebusz,
1920 432 1959 463 set
1982 437 2079 474 quod,
2098 439 2170 470 Man
2192 451 2239 472 ato
2261 444 2315 473 hu-

1253 462 1377 509 jusmodi
1394 473 1454 507 non
1469 464 1617 504 obstante,
1636 467 1716 504 hujus
1729 468 1928 507 Exemptionis
1949 476 2129 512 praetogativa
2146 480 2260 517 gaudeat
2283 482 2316 511 ἀ

1257 501 1380 539 plenaria
1395 501 1554 533 Libertate:

1296 539 1382 570 Dum
1397 549 1495 571 tamen
1512 542 1582 571 idem
1602 542 1763 582 Epifiopus,
1781 546 1853 576 cum
1870 546 1961 584 ipsum
1981 549 2016 578 ab
2038 548 2196 587 hujusmodi
2216 556 2320 587 Parlia-

1260 587 1362 622 mento
1378 579 1478 611 nostro
1489 580 1533 610 vel
1545 579 1707 612 Haeredum
1718 583 1882 614 nostrorum
1895 586 2072 623 personaliter
2087 590 2176 620 abeiie
2191 596 2317 625 contioe-

1259 626 1310 655 rit,
1330 627 1379 656 per
1397 618 1618 650 Procuratorem
1631 620 1715 650 suum
1731 620 1886 660 idoneum,
1904 623 1949 653 seu
1964 624 2161 657 Procuratores
2177 630 2237 660 suos
2257 620 2319 663 id’o-

1260 666 1348 694 neos,
1372 655 1562 689 sufficientem
1585 658 1763 689 Potestatem
1786 661 1819 690 &
1839 660 2046 693 Auc‘toritatem
2066 666 2101 693 ab
2120 666 2173 705 ipft
2195 668 2315 708 Ep1sc'0p0

1260 694 1434 734 habentem,
1452 696 1499 726 seu
1512 696 1667 735 habentes,
1684 697 1720 727 ad
1739 697 1989 730 Consentiendum
2010 701 2078 739 hiis,
2096 713 2159 740 (με
2182 706 2209 734 in
2228 707 2316 744 hujus-

1261 733 1343 763 modi
1357 733 1564 774 Parii-amento,
1582 735 1694 766 Divina
1712 736 1824 767 favente
1839 736 2022 778 Clementia,
2038 743 2190 780 contigerit
2211 746 2321 776 ordini—

1260 773 1303 810 ri,
1320 781 1485 812 compareat
1499 782 1531 804 ut
1546 774 1587 804 est
1602 774 1731 813 justum,

1300 810 1437 842 Volentes
1449 811 1559 852 insuper
1571 814 1654 843 eidem
1669 813 1796 853 Epistopo
1815 813 1949 846 Gratiam
1971 815 2118 848 ostendere
2137 819 2300 856 ampliorem
2312 846 2323 860 ,

1260 847 1407 893 Volumus
1423 851 1458 881 &
1480 850 1680 882 Concedirnus
1696 853 1809 891 eidem,
1828 863 1883 891 pro
1906 855 2004 885 Nobis
2025 858 2058 886 &
2081 856 2251 887 Hieiedibus
2268 870 2321 889 no-

1259 887 1320 931 stris
1333 897 1468 926 quantum
1483 890 1513 920 in
1529 890 1628 921 Nobis
1643 890 1701 928 est,
1718 891 1818 930 quod,
1837 892 1857 921 si
1872 892 2038 931 aliquotiens
2052 896 2083 924 in
2104 895 2233 926 futurum
2251 907 2322 927 con-

1260 934 1348 970 tingat
1360 937 1447 966 eum,
1465 937 1520 966 pro
1532 928 1584 960 suis
1597 929 1711 960 fortaffe
1725 939 1773 961 aut
1793 930 1928 961 Ecclefiae
1952 931 2008 962 suae
2025 934 2204 971 expediendis
2220 935 2325 965 Nevo-

1260 972 1324 1004 tiis,
1342 975 1390 996 aut
1409 966 1462 997 alia
1474 967 1519 998 vel
1533 967 1592 998 aliis
1611 967 1727 1006 Causis,
1742 969 1777 999 ad
1795 969 1910 1007 aliquod
1925 969 2132 1002 Conciliorum
2155 972 2200 1002 seu
2223 962 2326 1004 Par'l’ia-

1262 1012 1429 1036 mentorum
1445 1005 1606 1043 huiusmodi
1622 1008 1698 1038 ultro
1711 1007 1865 1045 accedere,
1882 1018 1931 1048 pei·
1944 1008 2002 1039 hoc
2018 1019 2115 1040 tamen
2135 1010 2201 1042 huic
2218 1011 2327 1042 Gratize

1261 1041 1384 1082 nostrae,
1402 1054 1458 1074 nec
1477 1054 1530 1084 pro
1551 1053 1640 1084 tune,
1663 1055 1716 1077 nec
1739 1056 1794 1084 pro
1813 1047 1871 1077 aliis
1889 1048 2083 1086 temporibus,
2108 1050 2328 1088 quomodolibet

1260 1080 1427 1121 derogetur,
1443 1085 1529 1122 quin,
1547 1083 1704 1115 secundum
1721 1094 1844 1115 omnem
1859 1085 1920 1116 vim
1940 1087 1974 1116 δε
1988 1085 2130 1118 effestum
2145 1088 2286 1126 praesentis
2303 1091 2322 1108 ’³⁸
2347 1092 2362 1108 ‘⁶
2383 1093 2437 1121 XI.

1260 1119 1460 1164 Conceffionis
1475 1121 1596 1160 nostrae,
1609 1132 1626 1153 a
1641 1123 1869 1161 quibuscumque
1881 1123 2019 1154 Conciliis
2040 1126 2140 1156 nostris
2159 1136 2205 1158 aut
2226 1127 2329 1158 Parlia-
2347 1140 2412 1166 471·

1262 1167 1364 1188 mentis
1379 1159 1480 1190 nostris
1515 1162 1559 1191 vel
1576 1161 1736 1193 Haeredum
1750 1161 1916 1193 nostrorum
1932 1163 1967 1193 de
1981 1163 2083 1201 quibus
2099 1165 2329 1204 praefertur,abs-

1260 1206 1316 1240 que
1331 1195 1449 1229 Offensa
1461 1183 1567 1230 Nostri
1581 1201 1626 1230 vel
1640 1199 1799 1231 Haeredum
1814 1200 1994 1240 nostrorum,
2012 1202 2067 1240 Se,
2085 1204 2198 1241 quando
2211 1205 2323 1243 placue-

1260 1242 1313 1274 rit,
1333 1235 1421 1267 valeat
1435 1236 1470 1267 ad
1484 1239 1599 1278 propria
1608 1239 1765 1278 divertere,
1782 1240 1816 1271 δί
1829 1250 1845 1271 a
1865 1241 2092 1279 quibuscumque
2113 1242 2171 1272 aliis
2187 1242 2224 1273 Se
2240 1243 2326 1275 libere

1260 1275 1413 1305 absentare.

1299 1312 1335 1345 Iri
1354 1313 1448 1352 cujus,
1467 1314 1527 1346 &c.

1317 1350 1407 1384 Teste
1420 1352 1504 1392 Rege
1517 1353 1592 1392 apud
1615 1354 1884 1395 Wstnzonasterr'um.

1472 1433 1526 1461 Per
1543 1431 1626 1470 ipfthn
1643 1434 1740 1469 Regem
1757 1431 1796 1468 &
1815 1432 1847 1463 de
1866 1436 1947 1464 Data
1959 1434 2112 1474 praedieza,
2131 1435 2311 1466 Aufforitate

1532 1470 1726 1501 Parliamenti.

1262 1611 1390 1645 Ricardi
1408 1614 1501 1645 Ducis
1522 1610 1679 1656 Eborum,
1705 1615 1737 1646 in
1762 1611 1908 1657 Confliffu
1929 1612 2012 1659 apud
2027 1614 2207 1657 Wikqfield,
2232 1619 2330 1658 occiz,

1312 1661 1410 1695 Filius
1434 1665 1654 1708 Primogenims
1679 1661 1856 1695 Edwardus
1870 1688 1880 1704 ,
1905 1673 1981 1694 nunc
1997 1665 2078 1696 Dux
2103 1661 2258 1706 Eborum,
2277 1663 2335 1696 hci-

1309 1707 1356 1743 bet
1375 1708 1607 1753 Commiffionem
1630 1708 1675 1743 ad
1701 1708 1925 1744 Debellandum
1954 1712 2060 1758 Ligeos
2084 1713 2185 1759 Regis.

1269 1803 1413 1872 REbX,
1431 1802 1643 1873 Pragciariffimo
1659 1803 1886 1844 consanguineo
1898 1803 2016 1843 nostro,
2034 1804 2180 1835 Edwardo
2202 1809 2274 1836 Duri
2294 1807 2337 1836 E-
2353 1819 2428 1851 Ann·
2444 1819 2485 1850 D⁸

1369 1853 1444 1872 orum
1498 1853 1513 1873 a
1523 1852 1613 1874 utem.

1304 1880 1403 1912 Sciatis
1415 1866 1496 1919 qu'od
1507 1882 1623 1920 quidam
1640 1881 1826 1913 Subditorum
1842 1881 2005 1913 nostrorum
2016 1905 2027 1921 ,
2044 1882 2093 1921 qui
2111 1883 2172 1913 veri
2188 1882 2268 1923 Ligei
2282 1894 2336 1914 no-
2351 1859 2467 1932 “1246qu

1268 1918 1316 1949 stri
1331 1920 1388 1950 effe
1406 1920 1528 1952 debeant
1547 1922 1580 1952 &
1601 1929 1748 1959 tenentur,
1768 1921 1923 1951 Diabolica
1947 1921 2057 1952 Fraude
2072 1921 2196 1959 sedueti,
2213 1923 2242 1951 in
2264 1922 2335 1953 Nu-
2351 1941 2386 1964 H.
2397 1918 2436 1964 '6³

1268 1968 1352 1990 mero
1369 1969 1429 1989 non
1442 1959 1580 1997 modico,
1598 1959 1689 1989 modo
1700 1958 1850 1989 Guerrino
1868 1960 2003 1997 Arraiati,
2022 1960 2051 1990 in
2067 1959 2177 1991 diversis
2202 1960 2335 1991 Comita-
2352 1979 2402 2003 Pa,
2422 1958 2469 2011 ⁴39·

1266 1998 1342 2029 tibus
1354 1997 1450 2037 Regni
1465 1997 1554 2028 nostri
1568 1998 1679 2037 Angliae
1695 1997 1722 2029 se
1740 1997 1852 2038 propi-ia
1865 1998 2044 2029 Temeritate
2061 1999 2094 2029 ὃς
2115 1998 2241 2030 Audacia
2263 2010 2336 2030 con·
2353 2019 2379 2041 H
2404 1997 2420 2039 ξς

1266 2045 1417 2105 {regarent
1439 2037 1472 2067 &
1491 2036 1701 2075 coadunarunt,
1718 2037 1752 2068 &
1776 2036 1815 2067 fic
1828 2037 1856 2067 se
1878 2046 1976 2068 tenent
1990 2035 2189 2076 Congregatos
2207 2038 2242 2069 δε
2256 2038 2337 2069 Coa·
2357 2037 2387 2082 m'
2414 2035 2472 2080 (Α,

1290 2084 1407 2113 unat0s‚
1425 2076 1459 2107 &
1478 2075 1514 2106 de
1527 2084 1658 2114 tempore
1681 2077 1711 2106 in
1732 2083 1845 2114 tempus
1866 2075 1934 2107 alios
1951 2075 2145 2115 quoscumque
2170 2075 2205 2105 ad
2227 2076 2339 2108 Statum
2386 2074 2392 2081 ’

1269 2113 1400 2144 nostrum
1415 2114 1449 2145 &
1473 2113 1571 2154 Regni
1592 2113 1682 2145 nostri
1701 2114 1856 2159 politicum
1880 2113 2026 2154 Regimen
2046 2113 2270 2146 subvertendum
2291 2115 2342 2147 fibi

1273 2153 1500 2223 coggnrdgaffia‘i}
1508 2153 1881 2237 ssfflsfiffiffiamatgnffmtffi
1901 2190 1993 2235 nostri
2005 2191 2140 2237 praedieti
2166 2191 2336 2238 Destrue'tio

1268 2230 1303 2261 ὃς
1318 2230 1470 2262 Subverfio
1483 2231 1519 2262 de
1533 2231 1678 2262 verisimili
1691 2231 1755 2262 sunt
1766 2240 1806 2262 co
1838 2239 1965 2270 ecututi,
1983 2236 2034 2261 mu
2047 2239 2130 2262 citius
2142 2230 2179 2261 de
2194 2229 2342 2263 Remedio

1270 2269 1375 2338 inIGac
1388 2277 1466 2308 parte
1483 2270 1666 2309 provideatur
1683 2278 1851 2309 oportum,

1344 2318 1377 2338 os

1304 2331 1418 2378 Eorur’n
1433 2347 1621 2385 Temeritati,
1640 2346 1874 2385 Praesumptioni,
1892 2345 1925 2377 δε
1947 2345 2084 2377 Audaciae
2104 2346 2223 2378 obviare
2242 2347 2343 2379 volen-

1268 2392 1310 2416 tes
1316 2407 1327 2422 ,
1341 2396 1374 2417 ac
1399 2385 1435 2416 de
1462 2386 1648 2425 Nobilitate,
1666 2385 1852 2424 strenuitate,
1867 2385 1900 2416 &
1920 2385 2041 2423 provida
2067 2384 2339 2424 circumspectione

1270 2424 1367 2455 vestris
1381 2424 1491 2463 plenius
1504 2424 1697 2463 confidentes,

1305 2462 1517 2502 Affignavimus
1524 2463 1605 2501 Vos,
1619 2473 1652 2494 ac
1659 2463 1752 2494 Vobis
1766 2462 1896 2502 plenam,
1906 2461 2026 2494 Tenore
2036 2463 2234 2503 Praesentium,
2243 2463 2340 2495 Corn-

1268 2502 1414 2532 mittimus
1427 2501 1605 2533 Potestatem
1621 2500 1655 2532 ad
1669 2500 1882 2532 Advocandum
1899 2502 1980 2532 vobis
1995 2511 2096 2532 omnes
2110 2502 2144 2533 &
2161 2502 2281 2542 singulos
2290 2502 2342 2533 Li-

1268 2548 1337 2578 geos
1352 2541 1385 2571 &
1401 2540 1536 2572 Subditos
1549 2539 1664 2571 nostros
1675 2539 1759 2572 Villae
1773 2539 1942 2579 Bristolliae,
1958 2549 1992 2571 ac
2004 2539 2212 2572 Comitatuum
2227 2541 2339 2572 nostro-

1267 2589 1332 2610 rum
1349 2578 1530 2619 Srafforfflae,
1550 2579 1688 2619 Salopiae,
1705 2578 1907 2617 Herefordiae,
1925 2578 2136 2618 Gloucestriae,
2154 2579 2338 2619 Wygorniae,

1266 2617 1463 2656 Somersetiae,
1481 2618 1515 2649 &
1533 2617 1693 2656 Dorsedae,
1708 2619 1742 2650 ὃς
1755 2627 1859 2649 eorum
1883 2617 2029 2655 cuiussibet
2045 2617 2262 2657 (cujuscumque
2276 2618 2340 2649 Sta-

1268 2656 1332 2694 tfis,
1351 2656 1485 2695 Gradus,
1502 2657 1548 2688 seu
1564 2656 1752 2687 Conditionis
1765 2656 1880 2694 fuerint)
1901 2656 1937 2687 de
1952 2657 2054 2695 quibus
2074 2658 2157 2687 vobis
2173 2658 2276 2688 melitis
2292 2666 2341 2688 ex-

1266 2695 1363 2736 pedire
1383 2695 1546 2734 videbitur,
1563 2695 1598 2726 ad
1614 2694 1855 2734 proficiscendum
1871 2695 2024 2727 vobiscum
2043 2694 2174 2726 adversus
2188 2697 2221 2727 ὃς
2241 2705 2342 2728 contra

1266 2736 1399 2772 praefatos
1411 2733 1635 2772 Praesumptores
1646 2742 1730 2772 atque
1746 2733 1883 2765 Rebelles
1896 2732 2025 2773 nostros,
2042 2744 2077 2765 ac
2092 2734 2126 2765 ad
2147 2733 2341 2766 Affistentiam

1265 2774 1299 2804 &
1315 2773 1462 2804 Auxilium
1476 2772 1557 2804 suum
1569 2773 1651 2804 vobis
1666 2772 1807 2803 Dandum
1824 2772 1857 2803 &
1871 2770 2124 2812 impendendum,
2139 2783 2172 2803 ac
2187 2773 2223 2803 ad
2236 2783 2340 2804 eorum

1265 2811 1541 2850 Praesumpdonem,
1560 2812 1788 2850 Temeritatem,
1806 2811 1841 2842 δε
1855 2811 2015 2842 Audaciam
2024 2810 2345 2851 Reprimendum,Co-

1264 2851 1458 2889 hercendum,
1483 2851 1517 2882 &
1537 2849 1744 2889 Castigandum
1761 2873 1771 2888 ‚
1796 2849 1921 2888 ipsosque
1944 2849 2033 2889 Subju
2055 2850 2179 2888 andum,
2206 2850 2341 2881 Arestan-

1263 2889 1356 2928 dum,
1379 2889 1584 2928 Capiendum,
1608 2891 1642 2920 &
1659 2888 1888 2927 Justiciandum,
1905 2889 1955 2927 &,
1975 2888 1995 2918 si
2051 2889 2116 2919 obis
2134 2887 2338 2920 Resistendum

1262 2929 1410 2966 duxerint,
1429 2928 1558 2959 adversus
1570 2928 1683 2959 eosdem
1694 2927 1934 2965 praesumptores,
1953 2926 2041 2958 siRec
2055 2928 2177 2966 exegerit
2185 2950 2194 2965 ,
2205 2934 2338 2967 tanquam

1262 2967 1371 3038 Idlostes
1384 2968 1419 2999 &
1437 2966 1571 2998 Rebelles
1587 2966 1715 3005 nostros,
1733 2964 1949 3006 procedendum
1959 2987 1969 3003 ‚
1986 2966 2021 2997 &
2035 2966 2150 2997 eosdem
2163 2965 2337 3006 Expugnan-

1287 3015 1336 3038 um

1300 3028 1388 3076 Et'ad
1403 3045 1501 3075 omnia
1514 3043 1565 3074 alia
1579 3052 1644 3084 quae
1667 3043 1751 3075 vobis
1763 3044 1839 3074 circa
1860 3040 2005 3073 Praemissa
2024 3041 2070 3074 {eu
2090 3043 2205 3081 aliquod
2221 3052 2337 3073 eorum-

1261 3083 1329 3115 dem
1345 3083 1517 3115 videbuntur
1536 3082 1685 3113 necessaria
1699 3083 1744 3112 seu
1767 3090 1928 3120 oportuna,
1946 3080 1983 3111 de
2003 3090 2133 3121 tempore
2152 3083 2181 3111 in
2204 3088 2333 3121 tempus,

1262 3122 1455 3160 Faciendum,
1474 3120 1691 3151 Excercendum
1702 3143 1712 3159 ,
1726 3120 1760 3152 &
1777 3120 2005 3160 Exequendum;
2238 3156 2244 3162 .

1300 3161 1337 3193 Et
1353 3160 1420 3191 idco
1437 3161 1522 3191 vobis
1538 3159 1714 3191 Mandamus
1731 3158 1812 3198 quod
1825 3161 1901 3189 circa
1917 3157 2062 3189 Praemissa
2077 3157 2220 3196 diligenter
2237 3165 2330 3187 inten-

1260 3200 1330 3232 datis
1339 3223 1348 3238 ‚
1366 3200 1400 3230 &
1415 3208 1447 3229 ea
1459 3198 1563 3229 faciatis
1576 3199 1611 3230 &
1625 3198 1804 3237 exequamini
1818 3198 1847 3228 in
1865 3196 1960 3228 forma
1973 3195 2122 3235 praedicta,
2209 3233 2214 3238 ⁷
2251 3234 2255 3238 ι

1299 3239 1411 3270 Damus
1427 3245 1523 3268 autem
1544 3237 1677 3268 universis
1698 3238 1732 3269 &
1757 3235 1871 3274 singulis
1888 3235 2132 3276 vicecomitibus,
2151 3232 2332 3276 Majoribus,

1261 3278 1389 3316 Ballivis,
1408 3275 1651 3314 Constabulariis,
1668 3285 1703 3307 ac
1723 3275 1781 3306 aliis
1803 3274 1977 3312 Officiariis,
1994 3271 2147 3316 MinnistriS,
2166 3270 2330 3314 EidehbuS,

1261 3318 1371 3357 Ligeis‚
1387 3316 1421 3347 &
1441 3315 1568 3346 Subditis
1589 3315 1691 3346 nostris
1712 3314 1956 3353 quibuscumque,
1973 3313 2032 3342 tarn
2057 3309 2132 3352 infra·
2150 3308 2327 3349 Libertates‚

1258 3358 1344 3397 qu‘am
1357 3363 1451 3392 extra,
1465 3354 1584 3385 Tenore
1599 3354 1804 3391 Praesentium,
1822 3352 1938 3382 firmiter
1952 3353 1980 3380 in
2004 3348 2146 3379 Mandatis
2162 3348 2244 3386 quod
2263 3347 2325 3378 Vo-

1259 3397 1302 3428 bis
1339 3396 1370 3425 in
1385 3393 1561 3424 Executione
1585 3391 1816 3430 Pmemffsorum,
1838 3390 2014 3421 Intendentes
2031 3387 2104 3429 sint,
2123 3385 2330 3429 Consulentes,

1258 3419 1439 3470 Assistentes,
1459 3431 1650 3469 Auxiliantes,
1668 3431 1702 3461 ὃς
1717 3429 1891 3460 Obedientes
1906 3429 1934 3458 in
1954 3425 2092 3456 omnibus
2108 3423 2272 3467 diligenter,
2291 3436 2323 3456 a·

1258 3474 1380 3515 liquibus
1402 3471 1545 3502 Mandatis
1560 3493 1569 3508 ,
1587 3469 1867 3506 Commiffionibus,
1888 3466 1931 3496 seu
1950 3462 2240 3503 Proclamationibus,
2258 3474 2323 3503 per-

1258 3514 1340 3545 antea
1355 3511 1453 3554 sagitiS,
1470 3519 1531 3540 non
1548 3508 1735 3541 obstantibus.

1296 3549 1586 3625 I‘xllecstJJeuR’egssecffipud
1603 3582 1878 3625 Wstmonasterium,
1895 3578 2068 3611 duodecimo
2081 3577 2127 3609 die
2139 3577 2290 3610 Februarii.

1962 3657 2015 3686 Per
2035 3653 2187 3688 concilium.

2275 4113 2329 4139 Re‘
