2555 4266
650 183 765 225 ET
848 182 1120 225 ACTA

0 282 35 304 in.
50 271 91 303 D.
107 271 277 305 Praesentent
291 277 365 303 certa
379 268 508 312 Capitula
526 278 576 308 per
591 269 658 302 Nos
672 280 724 308 pro
739 269 879 308 praedid'tis
893 269 1044 307 conceffii,
1058 268 1158 299 nostro

0 312 71 351 482.
107 311 206 350 sigillo
240 314 273 343 &
283 319 331 348 per
340 313 492 346 Domenjon
499 309 633 339 Goncalez
648 309 683 339 de
701 309 792 339 Andia
809 309 937 339 nostrum
951 308 1082 338 Scribam
1097 306 1167 336 fidea
1197 314 1245 344 per
1259 302 1316 334 hoc
1336 306 1492 345 confestim

0 353 31 378 [υ.
46 360 76 386 4.

0 425 65 453 ΧΠ.

0 472 32 491 ἰ.

16 3541 86 3574 xn.

0 3588 16 3615 5
18 3589 45 3618 3·

109 350 186 388 lem,
196 334 355 381 dustodem
371 346 462 378 nostri
476 348 562 387 sigilli·
583 349 727 390 roborata,
745 356 808 377 ante
821 347 933 377 dietum
951 349 1096 375 Dominum
1112 349 1167 389 Re-

106 399 168 444 ³²⁷?
177 385 526 461 finiiiiigcvssissffigueff
538 385 778 455 ῧῗῖἰεὲῗὶῖἑωέἵ
785 383 1163 454 ὗῖῗιέἷιωιὲἰξ“ἒῶἓὲξῆ

112 463 215 503 posfint
229 463 371 497 Obligare
385 463 417 493 &
434 462 574 500 Obligent
589 467 622 493 ad
639 462 856 492 Observantiam
877 461 1020 491 diiiorum
1060 459 1164 502 japiru-

109 504 225 539 lorum,
244 502 276 532 &
291 501 341 532 sub
358 501 451 532 Poena
463 503 492 532 in
507 504 544 532 eis
560 510 708 537 contenta,
727 501 771 529 vel
787 500 835 542 alia
851 499 950 536 majori
963 498 1008 527 vel
1025 506 1147 534 minori,

150 541 187 572 Et
205 539 241 570 ad
258 539 317 570 hoc
335 540 414 578 quod
431 564 441 578 ,
459 540 478 570 fi
492 540 613 571 viderint
629 539 692 569 fore
705 546 898 574 conveniens,
917 535 1020 573 poffint
1034 535 1166 573 Addere,

113 581 148 612 &
172 579 305 609 Minuere
319 601 328 615 ,
356 580 389 608 δε
404 578 558 617 Corigere,
575 579 607 608 &
621 576 777 607 Emendare
792 574 866 605 dieta
880 574 1010 612 Capitula
1020 599 1029 612 ,
1048 574 1093 604 vel
1110 574 1133 604 F
1136 584 1165 604 a·

112 627 179 650 cere
193 618 225 648 &
239 615 411 647 Concedere
422 618 474 647 alia
485 618 520 647 de
535 626 633 652 novo,
650 614 699 644 sub
715 613 813 642 Poenis
823 636 832 650 ,
850 615 884 645 &
900 613 1084 650 Vinculis,&
1099 613 1166 656 Ol>-

112 656 291 695 ligationibus
305 678 316 694 ,
338 656 371 687 &
392 654 647 690 Submisfionibus,
669 652 702 682 δε
720 651 867 682 Fortaliriis
886 661 952 690 quae
965 653 1002 681 eis
1019 652 1092 682 bene
1108 651 1165 681 Visa

115 704 215 731 erunt,
233 695 323 728 taliter
341 694 421 731 quod
443 693 535 724 dietus
549 695 609 721 Rex
625 689 755 727 Angliae‚
775 690 820 721 vel
835 691 872 721 hii
887 692 936 730 qui
956 690 1092 721 Nomine
1106 691 1165 732 ejus

113 732 491 804 ffiac‘sseiffiudiggffoeffiss‘?
501 728 1165 804 gffimeocggfflbu{uhguffldgssoelffisigac

113 794 345 850 Obligationi’bus
366 808 399 838 &
420 805 656 850 Submiffionibus
673 828 683 843 ‚
709 806 743 837 δε
760 789 789 836 in
806 807 904 837 eadem
919 807 1011 837 forma
1026 816 1081 844 qua
1093 806 1164 837 dieii

113 849 205 881 nostri
223 848 422 879 Procuratores
437 843 642 883 concefferint,

152 887 188 918 Et
205 887 238 917 ad
256 883 408 916 Petendam
424 882 582 913 Emendarn
597 884 630 914 ὃ(
645 881 872 913 Satisfacfionem
887 883 924 914 de
939 883 1098 921 Dampnis,
1117 892 1167 922 per

115 925 251 957 Subditos
263 922 334 953 dieti
349 920 436 960 Regis
456 921 566 960 Angliae
589 923 622 952 &
636 931 684 958 per
700 921 855 959 quemlibet
867 932 988 960 eorum,
1008 922 1114 953 Vicinis
1127 923 1169 952 di-

115 966 168 995 ἄιε
181 964 348 998 Provinciae,
365 961 399 991 ὃς
415 960 531 990 cuilibet
545 969 646 990 eorum
655 983 664 998 ,
683 960 762 990 illatis
772 982 781 997 ‚

149 1001 188 1032 Er
215 1000 250 1030 ad
270 998 513 1029 Conveniendurn
534 999 567 1030 ὃς
591 997 840 1036 Componendum
863 999 942 1037 super
959 999 1011 1029 illis
1034 1000 1066 1030 δε·
1088 999 1168 1038 super

106 1040 234 1081 quolibet
246 1045 349 1068 eorum
356 1060 366 1075 ,

151 1077 188 1108 Et
199 1076 235 1108 ad
249 1075 458 1116 Recipiendum
475 1077 509 1107 &
529 1075 771 1113 Recuperandum
792 1086 824 1107 ea
839 1085 903 1115 quae
918 1076 948 1106 in
960 1075 1120 1106 Emendam
1135 1076 1169 1107 δε

113 1115 341 1149 Satisfafflonem
357 1125 456 1145 eorum
473 1114 575 1145 fuerint
588 1115 638 1144 sibi
653 1115 734 1153 data,

150 1154 190 1185 Et
210 1153 246 1184 ad
270 1153 409 1185 Dandum
434 1154 467 1184 &
489 1152 722 1184 Concedendutn
742 1152 876 1190 Apocam
895 1152 931 1183 de
951 1152 1054 1184 Soluto
1068 1152 1103 1183 de
1119 1152 1171 1182 hiis

114 1203 181 1233 quae
204 1194 359 1230 receperint
374 1215 384 1230 ,
407 1193 439 1224 &
462 1201 515 1229 pro
537 1192 671 1222 omnibus
693 1193 744 1221 illis
760 1191 880 1229 Rebus,
898 1202 965 1229 quas
979 1192 1097 1222 viderint
1113 1192 1170 1222 eise

113 1233 318 1264 convenientes
347 1232 381 1263 δε
401 1230 590 1261 concedentes
613 1231 714 1268 Qiieti
737 1231 770 1261 &
794 1230 938 1261 amicabili
959 1231 992 1260 &
1016 1230 1170 1268 pacificatae

115 1270 344 1301 Contradiationi
361 1269 551 1300 Subditorum
574 1268 644 1300 dieti
665 1268 792 1300 Domini
813 1272 892 1306 Regis
902 1268 1016 1306 Angliae
1031 1279 1099 1299 cum
1117 1271 1172 1298 Di-

113 1311 164 1341 ciis
177 1310 208 1339 de
223 1311 368 1339 Provincia
379 1308 513 1347 praedilla
522 1331 531 1346 ‚

154 1348 190 1378 Et
205 1369 214 1386 ,
241 1355 374 1387 quantam
395 1347 568 1384 completam
592 1347 625 1377 &
646 1346 835 1377 sufficientem
857 1345 1030 1377 Potestatem
1046 1355 1098 1383 pro
1113 1345 1172 1376 hoc

115 1384 272 1425 habemus,
290 1385 372 1417 talem
388 1386 421 1416 &
434 1386 494 1416 tarn
510 1386 685 1422 completam
702 1385 814 1416 Damus
830 1386 862 1416 &
881 1383 1076 1415 Concedimus
1089 1384 1171 1414 dictis

116 1425 219 1456 nostris
235 1424 468 1455 Procuratoribus
483 1425 516 1455 &
531 1425 647 1454 cuilibet
663 1433 780 1462 eorum,
797 1423 887 1454 taliter
902 1424 982 1460 quod
992 1446 1001 1460 ,
1020 1423 1088 1453 sicut
1103 1432 1174 1459 prae-

115 1464 229 1494 dietum
252 1463 294 1494 est
306 1486 316 1502 ,
342 1462 374 1493 sit
393 1464 422 1492 in
442 1472 474 1493 ea
491 1462 620 1501 praefatus
639 1462 808 1502 Sebastianus
830 1462 863 1492 de
886 1460 1021 1492 Olacabal
1041 1461 1175 1492 Bachala-

116 1510 174 1533 rius
463 1522 466 1523 ν

155 1525 192 1571 E}
211 1540 246 1571 ad
270 1538 448 1570 Habendum
469 1549 522 1576 pro
546 1539 648 1570 Firmis
699 1538 781 1569 Ratis
798 1561 807 1575 ,
823 1537 938 1576 Gratis,
953 1537 1118 1576 stabilibus,
1137 1539 1172 1569 &

114 1574 246 1610 Valituris
258 1579 374 1615 omnia,
389 1586 454 1614 quae
467 1577 536 1608 dieti
551 1577 639 1608 nostri
654 1562 854 1608 procuratores
874 1579 907 1621 βε
922 1577 1039 1614 quilibet
1054 1587 1154 1608 eorum
1165 1599 1175 1615 ,

113 1618 172 1648 una
193 1616 361 1647 cum-dieto
380 1615 533 1655 Sebastiano
549 1616 581 1645 de
595 1615 732 1646 Olacabal
742 1615 902 1646 Bachalario
919 1617 1052 1653 fecerint,
1073 1616 1173 1646 transta-

112 1656 224 1694 verint,
240 1656 274 1686 &
289 1654 482 1692 firmaverint,
500 1653 670 1693 Obligamus
688 1654 767 1684 Bona
789 1653 875 1684 dietae
894 1656 1046 1684 Provinriae
1063 1653 1096 1685 &
1111 1653 1172 1686 Vil-

112 1693 222 1732 larum‚
237 1694 271 1725 &
290 1692 456 1731 Locorum,
473 1694 507 1723 &
521 1692 721 1724 Habitantium
738 1693 829 1731 illius,
845 1693 878 1724 &
893 1692 1066 1723 Relevamus
1081 1693 1173 1724 diuos

113 1731 230 1763 nostros
244 1732 444 1764 Procuratores
462 1731 498 1761 ab
519 1733 602 1762 omni
624 1731 723 1762 Onere
734 1731 891 1769 satisdandi,
911 1733 960 1770 &5
978 1741 1031 1769 pro
1043 1742 1080 1762 eo
1094 1732 1172 1770 quod

113 1771 179 1802 haec
203 1771 255 1802 sint
271 1779 349 1801 certa
361 1792 371 1808 ,
392 1770 426 1801 &
447 1770 617 1808 indubitata,
635 1771 668 1801 &
682 1769 779 1808 firma,
797 1769 1000 1801 Conceffimus
1012 1771 1084 1801 hanc
1100 1770 1173 1801 Cara

113 1816 172 1840 tam
186 1805 336 1841 Potestatis
347 1818 414 1840 ante
427 1807 536 1839 dictum
552 1809 704 1847 Domenjon
719 1808 857 1839 Goncalez
877 1808 913 1839 de
927 1808 1020 1839 Andia
1041 1808 1173 1840 nostrum

111 1847 248 1880 Scribam
260 1848 392 1885 fidelem,
411 1847 444 1878 ὃ(
460 1847 560 1877 nostro
573 1847 672 1886 Sigillo
687 1848 836 1887 sigillatam

150 1924 236 1955 Fadia
259 1924 312 1956 fuit
328 1925 361 1955 &
381 1923 526 1955 Concefla
539 1946 549 1961 ,
571 1923 600 1954 in
619 1922 698 1954 dicio
716 1922 786 1954 loco
800 1923 836 1955 de
852 1923 991 1962 Usarraga
1002 1947 1012 1962 ,
1029 1923 1173 1956 vicesimi

113 1958 174 1994 Die
202 1963 309 1994 Mensis
332 1962 495 2001 oetobris,
521 1962 611 1992 Anno
635 1971 650 1992 a
674 1961 833 1993 Nativitate
851 1962 976 1994 Domini
992 1963 1082 1994 nostri
1094 1963 1171 2001 Jebu

110 2001 220 2032 Christi
236 1999 407 2040 Millesimo‚
426 2000 736 2040 Qiadringentesim0,
753 2001 943 2040 octogeiirno
957 2003 1069 2041 primo;
1095 2001 1174 2032 Prae-

109 2040 249 2078 sentibus,
269 2040 447 2071 Auctoritate
458 2042 491 2072 &
506 2038 647 2071 Mandato
655 2039 674 2075 J
678 2040 831 2079 undhm&
847 2040 1068 2072 Procuratorum
1079 2040 1166 2072 dietae

111 2077 276 2112 Provinciae
289 2078 462 2117 Guipuscoae
471 2101 482 2118 ,

817 2116 850 2148 D
860 2127 880 2147 o
890 2125 918 2148 M
928 2127 945 2149 E
954 2126 976 2148 N
984 2125 999 2158 J
1008 2128 1027 2149 o
1036 2125 1068 2149 Ν.

145 2192 306 2225 Edwardur
318 2217 328 2232 ,
353 2190 412 2225 Dei
431 2194 518 2233 gratia
532 2216 542 2232 ‚
566 2196 626 2224 Rex
646 2193 758 2232 Angliae
770 2193 808 2229 ὠ·
826 2197 946 2224 Franciae
961 2217 972 2233 ,
989 2195 1023 2226 &
1038 2198 1170 2226 Dominus

111 2232 267 2271 Hiberum,
281 2234 432 2271 omnibus,
449 2233 482 2264 ad
495 2243 568 2271 quos
582 2234 728 2271 praesentes
747 2233 851 2265 Literae
865 2235 1069 2273 pervenerint,
1091 2235 1172 2266 Salu-

112 2280 183 2306 teni.

152 2310 252 2348 Cum,
271 2308 458 2348 superioribus
474 2309 564 2340 Annis
577 2334 587 2347 ‚
607 2310 752 2341 nonnullae
766 2310 868 2349 Ligae,
885 2309 1059 2347 Guerrarum
1074 2310 1173 2343 Absti-

113 2350 219 2380 nentiae
233 2371 244 2387 ,
269 2358 302 2379 ac
325 2356 411 2379 certae
436 2349 595 2379 amicabiles
614 2348 807 2387 Intelligentiae
822 2372 831 2387 ,
858 2351 930 2380 inter
943 2350 1003 2380 Nor
1017 2350 1122 2390 Ligeos
1138 2352 1172 2381 δε

114 2387 250 2417 Subditos
270 2386 382 2417 nostros
400 2396 434 2417 ex
457 2394 511 2417 una
526 2387 608 2418 Parte
618 2410 628 2426 ‚
643 2398 675 2418 ac
689 2387 881 2418 Inhabitantes
893 2387 931 2423 ῤ’
945 2388 1050 2418 Incola:
1065 2388 1175 2419 Nobilis*

111 2424 151 2461 ὀ·
174 2425 274 2455 Fidelis
287 2428 439 2456 Provinciae
453 2426 486 2455 de
499 2426 648 2466 Guipuftoa
669 2436 703 2457 ex
717 2426 816 2464 altera,
834 2427 933 2465 faetae,
949 2436 1054 2465 tentae,
1072 2428 1105 2458 &
1119 2428 1174 2458 ob-

112 2465 228 2495 servatae
241 2464 362 2503 fuerint,
377 2474 445 2504 quas
461 2474 520 2494 non
533 2465 625 2494 solum
647 2464 745 2495 futuris
763 2466 938 2504 temporibus
955 2465 1113 2505 observari,
1133 2466 1172 2498 set

111 2504 196 2533 etiam
210 2502 337 2540 ampliari
353 2504 483 2540 cupimus
498 2504 532 2534 &
545 2503 749 2542 desideramus,

151 2540 202 2572 De
224 2540 415 2572 Fidelitatibus
428 2565 438 2579 ‚
456 2540 770 2580 Circumspeffionibus
781 2563 790 2581 ,
808 2543 841 2574 &
859 2541 1021 2581 Industriis‚
1037 2542 1173 2581 Dilefto—

111 2586 179 2610 rum
195 2580 228 2610 &
241 2579 265 2610 F
266 2580 379 2610 idelium
397 2579 630 2610 Consiliariorum
645 2580 809 2611 nostrorum
826 2603 836 2619 ‚
855 2581 966 2611 Roberti
982 2583 1095 2611 Morton
1110 2581 1176 2613 Ro-

112 2617 240 2648 tulorum
265 2617 450 2649 Cancellariae
472 2618 576 2649 nostrae
595 2618 747 2657 Custodis,
766 2618 905 2658 Johannis
921 2620 990 2649 Coke
1013 2621 1042 2650 in
1062 2620 1173 2651 Officio

113 2655 222 2686 Privati
244 2655 331 2693 Sigilli
354 2656 441 2687 nostri
458 2657 622 2688 Secundarii
638 2682 647 2695 ‚
663 2659 697 2690 &
712 2661 825 2688 Henrici
839 2658 1045 2698 Aynesworth‚
1062 2658 1173 2699 Legum

115 2694 285 2725 DOCmrum
322 2695 479 2733 pleniffime
495 2695 686 2735 confidentes,

152 2732 231 2769 Ipsos
244 2718 357 2764 nostros
372 2744 454 2765 veros
470 2736 502 2766 ὃς
519 2734 692 2767 indubitatos
707 2735 924 2774 Procuratores,
944 2735 1175 2776 Commiffarios‚

114 2771 148 2802 &
171 2771 332 2840 {eputatos
355 2773 483 2810 speciales
502 2773 634 2804 Facimus
650 2797 660 2812 ‚
684 2773 894 2806 Constituimus
907 2797 918 2813 ,
945 2776 978 2806 &
997 2774 1174 2807 Ordinamus

116 2819 167 2848 per
209 2820 246 2840 rae
257 2819 335 2841 entes
345 2833 354 2848 ‚

154 2847 321 2886 Damusque
340 2851 373 2880 δε
387 2846 584 2880 concedimus
605 2851 661 2889 eis,
679 2851 712 2881 &
727 2859 827 2881 eorum
842 2851 984 2890 Duobus,
1004 2851 1176 2884 Potestatem

139 2887 279 2930 enei-alem
294 2888 327 2918 &
345 2887 514 2918 Mandatum
529 2888 661 2927 speciale,
682 2889 816 2920 Nomine
831 2890 930 2920 nostro
946 2892 979 2921 &
992 2900 1046 2928 pro
1066 2891 1175 2930 Nobis,

149 2931 235 2963 ligem,
253 2926 286 2956 ὃ(
303 2926 428 2957 Subditis
443 2926 561 2964 nostris,
576 2937 663 2965 curn,
682 2927 814 2958 Discretis
831 2929 863 2958 &
884 2929 1009 2965 providis
1023 2929 1114 2968 Viris,
1130 2934 1176 2960 Se-

116 2963 238 3003 bastiano
259 2965 293 2994 de
315 2964 464 2994 olacaball
475 2965 639 3004 Bacallario,
656 2965 789 3003 Johanne
802 2965 835 2995 de
851 2968 886 2995 A
879 2977 979 3006 yunes,
996 2968 1029 2999 &
1048 2971 1176 2998 Martino

119 3004 197 3032 Petri
220 3002 253 3033 de
271 3003 455 3071 Perczllegnt’,
475 3003 707 3035 Procuratoribus
724 3028 733 3042 ,
752 3005 918 3043 Depuratis,
937 3005 1124 3045 Oratoribus,
1141 3008 1175 3038 &

117 3040 325 3073 Commiffiiriis
363 3045 491 3072 rovinciae
507 3042 540 3072 de
555 3042 717 3082 Guipuslroa,
735 3053 767 3073 ac
784 3042 934 3080 Villarum,
956 3044 1123 3083 Locorum,
1142 3047 1177 3077 ὃς

120 3077 343 3122 Inbabitantium
366 3082 397 3112 in
420 3081 539 3120 eadem,
564 3082 601 3112 de
617 3084 650 3114 ὃ(
664 3082 744 3119 super
759 3081 900 3120 Treugis‚
915 3082 1092 3114 Guerrarum
1111 3085 1173 3114 Aba

121 3116 276 3157 struendis,
303 3119 382 3159 Ligis
395 3143 406 3158 ,
432 3119 616 3158 Foederibus,
632 3122 665 3152 &
679 3121 737 3150 aliis
753 3121 947 3151 amicabilibus
963 3121 1176 3161 Intelligentiis‚

121 3164 276 3200 mutuaque
297 3157 568 3190 Communicatione
591 3159 624 3190 ὃ(
646 3157 805 3190 Intercursu
828 3159 1088 3200 Mercandffarum,
1105 3162 1177 3192 inter

119 3193 253 3226 Subditos
276 3196 309 3227 δε·
332 3196 443 3228 Incolas
460 3198 600 3236 utriusque
622 3196 711 3228 Partis
729 3198 926 3237 observandis,
945 3209 978 3230 ac
993 3200 1029 3230 de
1045 3201 1078 3231 &
1096 3200 1176 3238 super

120 3231 341 3265 Reformatione
360 3236 602 3275 Attemptatorum
617 3260 626 3274 ,
652 3236 788 3268 hincinde
805 3259 814 3275 ,
841 3246 940 3268 contra
958 3234 1030 3268 Vim
1045 3239 1078 3269 &
1095 3238 1178 3269 Effe-

120 3270 200 3301 ctum
213 3272 460 3311 Intelligentiarum
473 3275 651 3311 huiusmodi,
670 3274 913 3311 Communicandi
925 3299 935 3315 ,
951 3276 1124 3315 Trastandi,
1143 3279 1178 3308 δε

122 3307 321 3355 Conveniencli
338 3336 347 3350 ‚
375 3311 595 3351 Concordandi,
613 3314 645 3344 &
659 3312 863 3345 Concludendi
877 3314 1033 3345 secundum
1050 3314 1178 3354 Modos,

121 3346 310 3416 gonditiones
323 3372 334 3389 ,
358 3352 392 3384 &
415 3351 532 3382 Formas
545 3375 556 3390 ‚
574 3360 657 3390 prout
671 3353 741 3383 inter
754 3363 802 3384 eos
819 3352 920 3384 melius
934 3356 1039 3391 poterit
1053 3363 1180 3385 concor-

144 3395 201 3424 ari,

162 3423 330 3470 Caeteraque
343 3425 490 3468 Faciendi,
508 3428 700 3468 Excercendi,
718 3430 751 3461 &
768 3428 961 3468 Expediendi,
979 3439 1043 3469 quae
1058 3431 1086 3461 in
1103 3430 1180 3462 Prae-

127 3461 213 3507 missis
233 3463 278 3493 seu
298 3475 375 3508 circa
389 3477 420 3498 ea
439 3467 589 3498 neceisaria
604 3468 708 3498 fuerint
724 3469 769 3499 seu
784 3468 1006 3506 quomodolibet
1019 3479 1179 3509 oportuna,

126 3510 209 3532 etiam
226 3501 246 3531 fi
259 3501 321 3546 talia
335 3504 387 3535 sint
404 3516 469 3544 quae
482 3506 653 3538 Mandatum
669 3508 704 3539 de
718 3507 745 3540 se
762 3508 852 3545 magis
867 3509 975 3547 exigant
987 3509 1117 3547 specia1e;

165 3540 184 3558 ²¹⁸
206 3538 407 3586 promittentes
419 3567 429 3581 ,
447 3544 525 3575 bons⁴
539 3545 609 3575 Fide
632 3547 666 3576 ὅτ
680 3547 712 3575 in
726 3545 828 3577 Verbo
843 3546 956 3585 Regio,
974 3547 1042 3578 Nos
1056 3546 1164 3578 Rarum
1173 3571 1182 3586 ‚

127 3576 270 3616 Gratum,
290 3579 323 3609 &
338 3580 466 3611 Firmum
483 3585 620 3620 perpetuo
630 3584 773 3615 habituros
786 3585 920 3622 quicquid
934 3595 984 3622 per
1000 3586 1111 3624 dietos,
1127 3589 1181 3616 Ro-

127 3617 249 3654 bertum,
270 3615 442 3656 Johannem‚
460 3620 493 3651 &
510 3623 674 3661 Henricum,
689 3631 735 3652 aut
749 3622 833 3652 Duos
853 3633 954 3653 eorum
964 3648 974 3662 ‚
991 3625 1161 3655 Tractatum
1171 3647 1181 3663 ,

126 3655 334 3699 Conventum,
355 3655 591 3700 Concordmum,
608 3660 654 3690 seu
676 3660 856 3690 Conclusum
870 3661 955 3693 fuerit
969 3664 997 3692 in
1014 3662 1184 3702 Praemiffis,

125 3694 172 3725 seu
184 3694 278 3731 aliquo
296 3693 523 3734 Praemissoium‚
537 3697 587 3727 sub
601 3697 725 3737 Pignore
740 3699 774 3729 ὅτ,
784 3697 919 3735 {potheca
934 3702 1068 3732 omnium
1082 3701 1181 3733 Bono-

128 3742 194 3762 rum
209 3731 372 3763 nostrorum
388 3733 563 3770 praesentium
576 3736 610 3767 &
624 3736 794 3767 futurorum.

130 3770 200 3840 τεΙῐιι
218 3772 295 3810 cujus
310 3770 366 3802 Rei
379 3771 596 3803 Testimonium
609 3773 657 3804 has
670 3774 778 3805 Literas
797 3773 904 3805 nostras
918 3774 977 3806 fieri
992 3776 1113 3810 fecimus
1129 3778 1183 3810 Pa-

159 3819 177 3839 n
190 3819 227 3840 es.

168 3884 258 3917 Teste
272 3887 379 3926 meipso
395 3886 468 3925 apud
483 3884 754 3926 Wstmonasterium,
771 3889 907 3921 vicefimo
922 3886 1046 3923 secundo
1062 3892 1122 3925 Die
1130 3894 1186 3926 Fe-

133 3921 259 3968 bruarii,
269 3925 358 3957 Anno
373 3925 472 3965 Regni
487 3925 576 3957 nostri
592 3926 728 3959 vicefimo
739 3928 842 3966 primo.

811 4005 866 4036 Per
878 4006 960 4046 ipfiaem
975 4009 1081 4046 Regem

992 4123 995 4125 ι
1036 4082 1086 4117 IV
1097 4083 1132 4117 E.

1203 180 1691 227 Poe-Lice„
2184 207 2261 246 119

1233 266 1268 296 In
1289 275 1413 304 quorum
1433 278 1565 314 omniurn
1583 270 1681 315 Fidem
1704 273 1737 304 δε
1749 272 1964 306 Testimonium
1981 274 2168 311 Praesentibus
2212 282 2254 313 su·
2276 277 2352 310 Ann.
2368 278 2408 311 D.

1511 308 1609 340 Literis
1625 310 1718 349 sigilla
1733 312 1826 343 nostra
1838 315 2026 354 apposuimus.
2183 304 2193 320 ³
2302 318 2388 356 1482.

1236 380 1304 410 Dat.
1323 382 1352 411 in
1368 385 1490 412 civitate
1504 385 1635 424 Laudari,
1655 387 1750 417 Nono
1765 386 1824 418 Die
1838 387 1946 420 Mensis
1962 391 2078 432 Martii,
2092 390 2178 424 Anno
2186 390 2253 425 Do*
2273 358 2339 386 Edv.
2357 367 2387 393 4-

1198 420 1269 487 ffiini
1283 420 1437 462 secundum
1452 421 1576 465 Cursum
1591 425 1623 454 &
1641 423 1901 461 Computationem
1917 428 2049 462 Ecclesiae
2065 433 2250 472 Anglicanae,

1239 457 1377 496 illelmo,
1396 458 1700 501 Qadringentesim,
1719 463 1911 501 octogesimo
1924 469 2027 507 primo.

1200 536 1236 570 H
1252 548 1284 569 AE
1298 547 1319 570 c
1338 538 1381 594 *C
1395 546 1414 569 L
1430 548 1449 569 Α
1463 548 1504 570 us
1515 548 1537 570 u
1554 547 1573 570 1.
1586 549 1606 570 Α
1634 539 1758 585 sequens
1785 540 1868 574 debet
1884 548 1952 588 poni
1974 548 2005 577 in
2018 545 2094 579 lineri
2109 547 2254 592 tricesimd

1243 589 1349 632 prima
1368 584 1542 619 immediate
1565 597 1634 620 ante
1651 585 1706 620 haec
1731 587 1824 621 verba
1841 612 1852 632 ,
1877 591 1910 623 D
1922 603 1942 624 o
1955 605 1980 626 ivi
1994 607 2012 629 r
2030 606 2054 627 N
2069 606 2089 628 υ
2103 608 2115 629 s
2143 598 2166 629 F
2182 609 2200 631 ε
2212 609 2255 633 R-

1252 645 1459 668 NANDU&

1237 721 1378 750 Noverint
1399 724 1499 750 univer
1509 732 1518 748 1
1534 745 1544 758 ,
1570 719 1642 752 hanc
1657 719 1778 752 Cartam
1794 721 1939 754 Potestatis
1953 725 2053 763 visuri,
2073 728 2153 764 quod
2171 729 2239 761 Nos
2254 736 2255 739 ’

1199 755 1399 789 Procuratores
1420 760 1452 789 &
1495 760 1688 791 'ubernatores
1708 759 1911 791 scutiferorum
1932 765 1964 793 ὃς
1984 764 2137 795 Nobilium
2152 756 2258 799 Nobili}

1199 794 1238 831 ό·
1258 797 1358 828 Fidelis
1379 799 1530 828 Provinciae
1551 798 1702 838 Guipufioae
1715 823 1725 837 ‚
1754 801 1802 837 qui
1823 800 2024 838 sumusJunili
2041 805 2070 833 in
2083 803 2206 843 Junrsta,
2226 809 2256 837 in

1200 835 1268 866 loco
1289 836 1324 867 de
1343 837 1496 874 Ussarraga
1510 859 1519 874 ‚
1546 836 1744 868 Coiicedimus
1765 839 1798 869 ὃς
1815 838 1995 870 Confitemur
2011 843 2111 880 quod,
2128 852 2164 873 eo
2179 846 2258 881 quod

1200 877 1260 904 Rex
1284 874 1322 909 όν
1337 877 1441 913 Regina
1464 876 1658 915 Hispaniarum
1680 877 1770 907 nostri
1795 877 1926 914 Supremi
1951 878 2161 912 Concesserunt
2177 883 2260 913 nobis

1203 913 1362 944 Licentiam
1381 916 1415 946 δε
1438 914 1657 946 Promiffionem
1677 916 1710 945 ad
1733 915 1952 954 Capitulandum
1965 919 1999 949 &
2013 916 2260 951 contractandum

1202 952 1236 982 &
1265 951 1439 984 Habendum
1462 954 1663 992 Intelligentias
1689 954 1795 985 nostras
1821 965 1890 986 cum
1908 955 2088 987 Serenisiimo
2106 956 2261 997 Domino,

1205 993 1320 1034 Domino
1330 995 1398 1030 Rege
1417 993 1546 1031 Angliae,
1562 1001 1646 1030 prout
1660 1003 1708 1031 per
1722 993 1838 1024 Cartatn
1855 994 1939 1025 distae
1958 995 2095 1026 Licentiae
2113 997 2166 1026 suis
2190 996 2260 1027 No-

1207 1030 1330 1060 minibus
1344 1040 1412 1061 cum
1431 1030 1561 1062 Consilio
1577 1031 1692 1061 suorum
1706 1030 1940 1063 Coniiliariorum
1952 1033 2132 1065 Nominibus
2147 1034 2199 1066 suis
2214 1045 2262 1066 ro-

1207 1067 1334 1098 boratam
1349 1069 1382 1099 &
1403 1069 1500 1109 Sigillo
1514 1070 1562 1099 suo
1578 1070 1719 1109 sigillatam
1735 1080 1858 1109 apparet.

1246 1104 1336 1144 Cujus
1348 1107 1451 1139 Tenor
1466 1109 1507 1139 est
1521 1109 1550 1138 in
1562 1109 1655 1139 forma
1670 1109 1802 1147 sequenti.

1245 1181 1291 1213 SE
1302 1192 1320 1213 B
1330 1192 1349 1213 A
1361 1193 1373 1214 s
1383 1191 1405 1213 'r
1414 1193 1453 1214 1A
1463 1187 1515 1215 Nu
1524 1194 1537 1215 s
1560 1185 1741 1217 Bachalarius.

1686 1262 1725 1293 1ss
1734 1271 1752 1293 Α
1763 1270 1786 1294 R
1795 1271 1817 1293 'r
1828 1270 1845 1294 Υ
1855 1268 1879 1294 N
1889 1271 1912 1295 u
1924 1272 1936 1294 ς
1966 1266 2153 1302 Arcaztegny.

1406 1393 1510 1425 Literae
1530 1395 1747 1439 Aequie'tantiae
1759 1404 1813 1440 pro
1833 1396 1942 1428 Annua
1964 1395 2068 1440 Cenfh.

1213 1483 1269 1538 R
1280 1479 1305 1510 E
1316 1478 1347 1510 X
1374 1481 1526 1519 universis,
1540 1481 1686 1519 praesentes
1700 1481 1806 1512 Literas
1816 1482 1978 1521 inspesturis
2010 1484 2145 1516 Salutemi
2206 1518 2211 1523 ,
2287 1483 2363 1515 Ann.
2375 1480 2419 1516 D.

1272 1560 1276 1564 Ι
1309 1522 1413 1557 Sciatis„
1427 1521 1488 1549 Nos
1509 1519 1634 1564 Recepzffl·
1657 1518 1695 1554 ὠ·
1723 1521 1872 1560 Habuiffe,
1898 1521 1957 1552 Die
1973 1507 2174 1554 &onfeffionis
2188 1517 2267 1555 Prae-
2310 1524 2411 1562 1482.ι

1210 1557 1327 1589 sentium
1337 1581 1346 1596 ‚
1364 1557 1401 1588 ab
1417 1556 1603 1589 Illustriffimo
1617 1559 1650 1589 δε
1668 1559 1865 1590 Potentissimo
1881 1559 2012 1598 Principe
2025 1563 2165 1593 Ludovico
2176 1565 2266 1592 Fran·
2288 1567 2341 1590 An.
2357 1572 2402 1590 22.

1211 1602 1257 1628 ciae
1277 1596 1500 1635 Consanguineo
1522 1596 1622 1629 nostro
1636 1596 1777 1627 cariss'imo
1791 1621 1800 1636 ,
1820 1609 1870 1636 per
1885 1608 1984 1629 manus
1998 1602 2074 1630 Petri
2086 1600 2111 1630 le
2125 1605 2197 1640 Roy,
2215 1605 2267 1631 Vi·
2289 1607 2317 1629 Ε.
2336 1613 2365 1639 4.

1208 1639 1280 1675 ginti
1293 1634 1331 1671 &¹
1347 1635 1476 1676 Qinque
1491 1635 1575 1666 Milia
1587 1640 1752 1666 Coronarum
1766 1640 1860 1676 Auri,
1878 1638 1907 1667 in
1922 1637 2009 1668 Festo
2022 1638 2118 1669 Sanffi
2135 1640 2266 1670 Michaea
2287 1643 2423 1668 Franc.22:

1211 1677 1244 1706 lis
1260 1675 1365 1706 ultimo
1383 1675 1526 1712 praeterito
1541 1675 1639 1705 Nobis
1652 1675 1723 1706 solvi
1738 1675 1899 1707 debitarum
1911 1698 1921 1713 ‚
1937 1677 1965 1706 in
1981 1676 2096 1707 Partem
2113 1677 2266 1708 Solutionis
2287 1683 2317 1706 E.
2338 1689 2367 1716 4.
2384 1686 2420 1706 m-

1212 1715 1425 1755 ,Quinquaginta
1447 1712 1558 1743 Milium
1579 1717 1742 1744 Coronarum
1761 1716 1856 1750 Auri,
1878 1716 2021 1746 annuatim
2038 1715 2138 1746 Nobis
2154 1716 2267 1747 solven-
2291 1717 2331 1746 18.

1212 1757 1326 1791 darum,
1341 1760 1425 1791 prout
1440 1753 1472 1789 in
1490 1752 1590 1783 Literis
1603 1752 1750 1789 superinde
1765 1753 1905 1783 confeffls
1921 1754 2030 1791 plenius
2046 1756 2224 1793 continetur,

1252 1790 1300 1823 De
1315 1791 1417 1830 quibus
1435 1793 1540 1828 Viginti
1554 1790 1592 1827 ὁ
1609 1790 1738 1831 Qinque
1751 1790 1866 1822 Milibus
1879 1795 2045 1822 Coronarum
2060 1797 2137 1823 Auri
2150 1795 2272 1826 Faternur

1213 1831 1284 1862 Nos
1307 1829 1425 1860 fideliter
1449 1829 1506 1860 effe
1529 1830 1634 1862 solutos
1647 1853 1657 1870 ‚
1682 1833 1716 1862 ὅ(
1731 1831 1857 1862 eundem
1869 1830 2126 1870 Consanguineum
2138 1832 2273 1865 nostrum

1213 1868 1359 1907 superinde
1373 1868 1435 1898 fore
1448 1869 1600 1906 Quietum.
2262 1881 2266 1884 ’

1252 1908 1286 1939 In
1300 1908 1397 1946 cujus,
1416 1907 1476 1938 &a

1249 1983 1339 2017 Teste
1353 1983 1435 2023 Rege
1449 1980 1523 2023 apud
1538 1983 1813 2025 Wstmonasterium‚
1830 1984 1948 2016 decimo
1964 1984 2041 2016 sexto
2054 1985 2100 2016 die
2115 1984 2226 2017 Martii.

1902 2064 1957 2092 Per
1969 2062 2052 2102 ipsimi
2065 2065 2170 2100 Regem.

1464 2188 1667 2235 Restitutiones
1679 2200 1736 2237 pro
1753 2189 1890 2237 Eptftopo
1907 2193 2033 2225 Sarum.

1214 2271 1520 2347 R÷X‚SElscaetori
1540 2276 1590 2308 suo
1608 2276 1637 2306 in
1661 2275 1853 2307 Comitatibus
1867 2274 2096 2314 Suthamptoniae
2116 2277 2151 2308 δε
2169 2277 2275 2329 Wilte}
2292 2269 2426 2342 Αξΰὲῗ-

1251 2325 1502 2385 ΟὐΓΞΞΒὲῐιῑιιῐίῖιῗιζ
1522 2356 1641 2382 Summus
1665 2351 1793 2392 Pontifex
1807 2377 1817 2391 ,
1835 2361 1925 2390 nuper
1939 2362 2057 2385 vacante
2074 2353 2201 2385 Ecclesia
2216 2354 2275 2385 Ca-
2293 2321 2409 2381 Anffss:

1213 2394 1330 2424 thedrali
1347 2393 1447 2424 Sarum
1463 2415 1473 2431 ,
1489 2402 1537 2430 per
1554 2390 1783 2434 Mortem-bonae
1797 2393 1945 2422 memoriae
1967 2393 2078 2423 Ricardi
2094 2392 2183 2424 ultimi
2206 2397 2275 2434 Epi·
2295 2395 2324 2417 E.
2348 2399 2377 2425 4·

1210 2433 1282 2472 [ψ
1386 2468 1767 2500 W
1790 2430 2275 2502 Μῦς

1213 2473 1285 2541 {ltffis
1295 2474 1463 2540 ssissnsecerir
1475 2481 1511 2540 y&
1531 2479 1694 2552 Pastolsem,
1714 2492 1787 2552 sicut'
1798 2518 1846 2552 per
1862 2479 1971 2540 {iteras
1986 2480 2102 2541 Baliaris
2113 2481 2275 2547 lipsiusDo³
2299 2515 2367 2535 14))-
2385 2506 2427 2532 ¹⁶·

1214 2550 1286 2580 mini
1304 2552 1403 2579 Summi
1418 2546 1573 2588 Pontificis‚
1592 2546 1695 2578 Nobis
1712 2548 1779 2577 inde
1794 2547 1926 2586 directas,
1946 2547 2046 2579 Nobis
2061 2548 2188 2587 constat,

1254 2587 1361 2656 {3330
1376 2624 1455 2663 quod
1472 2624 1551 2655 idern
1571 2619 1715 2654 Leonellus'
1730 2621 1866 2655 omnibus
1883 2624 1917 2655 ὃς
1934 2625 2046 2664 singulis
2060 2622 2166 2658 Verbis
2179 2649 2189 2663 ,
2208 2623 2280 2658 No-

1216 2665 1258 2695 bis
1279 2665 1313 2695 &
1337 2663 1468 2695 Coronae
1489 2662 1593 2693 nostrae
1616 2662 1849 2701 praejudicialibus
1866 2685 1875 2700 ‚
1903 2664 1932 2694 in
1952 2664 2034 2695 dictis
2048 2665 2150 2696 Literis
2167 2665 2280 2697 Bullatis

1215 2704 1373 2741 contentis,
1392 2712 1491 2733 coram
1507 2701 1605 2731 Nobis
1620 2702 1712 2744 palam
1734 2702 1766 2732 &
1780 2701 1906 2739 expresse
1920 2701 2133 2744 Renunciavir,
2151 2705 2185 2735 &
2202 2704 2280 2736 Gra-

1214 2743 1260 2773 tiae
1275 2741 1380 2772 nostrae
1396 2741 1539 2772 humiliter
1553 2739 1578 2770 se
1591 2740 1734 2779 submilit,
1752 2739 1880 2772 volentes
1902 2750 1973 2772 cum
1993 2751 2030 2773 eo
2045 2744 2075 2773 in
2087 2744 2140 2775 hac
2155 2753 2234 2782 parte
2248 2754 2279 2775 a-

1213 2787 1281 2820 gere
1295 2781 1436 2819 gratiose,

1256 2859 1272 2875 ¹*
1292 2857 1434 2896 Cepimus
1448 2855 1621 2886 Fidelitatem
1634 2854 1712 2897 ipfius
1727 2854 1850 2887 Leonelli
1858 2879 1868 2895 ‚
1883 2857 1917 2889 &
1931 2854 2117 2896 Temporalia
2128 2857 2196 2889 disti
2208 2857 2279 2897 Epi·
2296 2858 2312 2875 '¹'
2329 2857 2400 2885 XIl'⁴

1214 2895 1345 2941 scopatsis
1360 2896 1463 2926 Sarum
1481 2894 1668 2926 Restituimus
1681 2894 1794 2932 eidem,
2301 2905 2363 2933 ¹54·

1253 2936 1291 2966 ht
1305 2936 1371 2965 ideo
1386 2934 1456 2964 Tibi
1471 2933 1657 2971 Praecipimus
1671 2932 1751 2970 quod
1764 2932 1847 2962 eidem
1864 2933 1990 2964 Leonello
2006 2933 2191 2973 Temporalia
2204 2944 2278 2972 prae-

1215 2974 1290 3005 dieta
1300 2997 1310 3012 ,
1326 2983 1395 3004 cum
1409 2972 1597 3011 pertinentiis,
1606 2972 1635 3001 in
1649 2970 1754 3002 Balliva
1768 2980 1832 3010 tua,
1843 2970 1958 3004 Liberes
1971 2973 2002 3003 in
2015 2972 2109 3005 forma
2121 2973 2275 3013 praediem

1215 3013 1292 3044 salvo
1307 3011 1378 3051 Jure
1389 3010 1543 3050 cujussibet.

1250 3088 1340 3121 Teste
1351 3088 1433 3128 Rege
1447 3086 1520 3125 apud
1536 3081 1811 3127 Wstmonasterium,
1828 3085 1966 3119 vicesimo
1980 3087 2089 3120 oeravo
2100 3088 2147 3119 die
2166 3087 2274 3120 Martii.

1713 3165 1768 3194 Per
1782 3167 1874 3194 Breve
1886 3164 1919 3195 de
1938 3167 2056 3195 Privato
2069 3164 2168 3203 sigillo.

1217 3240 1384 3275 Consimilia
1408 3239 1509 3272 Brevia
1523 3238 1678 3280 diriguntur
1696 3239 1890 3272 Escaetoribus
1907 3242 2062 3279 subscriptis
2076 3264 2085 3278 ,
2103 3242 2132 3271 in
2145 3239 2277 3274 Comita-

1389 3281 1464 3312 tibus
1477 3280 1648 3318 subscriptis,
1664 3279 1715 3311 sub
1728 3280 1827 3311 eadem
1841 3280 1936 3318 Data,
1953 3280 2104 3318 videlicet,

1254 3356 1317 3395 Es}
1335 3359 1412 3395 Regis
1427 3360 1455 3387 in
1470 3361 1540 3387 Com.
1560 3355 1668 3394 Somers.
1687 3355 1725 3392 &
1742 3355 1826 3395 DorsJ

1259 3396 1321 3436 Eft.
1342 3399 1419 3433 Regis
1430 3400 1458 3425 in
1475 3398 1546 3425 Com.
1563 3393 1689 3424 Lincoln.

1254 3434 1318 3474 Efi.
1337 3437 1415 3472 Regis
1429 3438 1457 3464 in
1473 3437 1546 3463 Com.
1563 3437 1654 3463 Oxon.
1671 3431 1709 3467 ὠ
1723 3432 1807 3462 Berk.

1256 3473 1319 3513 Esc.
1335 3476 1411 3511 Regis
1423 3476 1453 3502 in
1469 3475 1540 3502 Com.
1560 3475 1635 3502 Surr.
1655 3470 1693 3506 &⁶
1708 3470 1810 3509 Suffi’x.

1256 3513 1319 3552 Est.
1339 3515 1415 3549 Regis
1434 3514 1463 3541 in
1488 3514 1559 3540 Com.
1578 3509 1669 3540 Glouc.
1688 3521 1719 3538 ac
1744 3506 1876 3538 Marchiis
1898 3502 2007 3537 mlliae
2030 3508 2114 3540 eidem
2130 3510 2277 3540 Comitatui

1219 3552 1260 3582 ad
1264 3551 1414 3580 ‘acentibmn

1251 3562 1366 3620 JDileHo
1390 3591 1470 3625 Regis
1488 3586 1651 3617 Willielrno
1671 3584 1782 3623 Heryot
1805 3584 1910 3621 Majori
1929 3586 2062 3616 Civitatis
2084 3586 2232 3617 Londoniae
2245 3595 2276 3615 ac

1219 3629 1358 3667 Escaetori
1367 3626 1415 3665 fico
1428 3629 1457 3655 in
1473 3625 1565 3654 eadem
1578 3628 1711 3654 Civitate.

1256 3704 1293 3736 Et
1308 3702 1482 3734 Mandatum
1496 3699 1537 3731 est
1555 3699 1714 3737 Militibus,
1731 3698 1793 3729 ὅτε.

1360 3848 1419 3878 Pro
1438 3846 1568 3888 Paupere
1587 3840 1697 3873 Milite
1716 3843 1748 3873 in
1766 3842 1891 3890 Collegio
1908 3841 1945 3876 dc
1969 3842 2016 3877 W
2012 3841 2138 3887 indeftr.

1225 3934 1281 3990 R
1292 3928 1317 3962 E
1327 3928 1359 3961 X
1380 3929 1514 3960 omnibus
1523 3950 1533 3964 s
1548 3924 1582 3956 ad
1597 3935 1686 3964 (1⁰03,
1704 3927 1765 3958 &c.
1785 3927 1919 3959 Salutem.
2295 3894 2432 3974 ΑΡΣὲΖΡ·

1323 3969 1419 3999 Sciatis
1435 3964 1513 4004 quod
1532 3963 1620 4003 Nos,
1637 3965 1675 3995 de
1695 3964 1796 3997 Gratifi
1819 3965 1915 4009 nostrai
1928 3965 2039 4003 speciali
2053 3988 2063 4005 ,
2080 3966 2115 3998 &
2150 3976 2182 3998 ro
2195 3968 2277 4000 certis
2296 3978 2345 4002 An.
2366 3983 2411 4001 22.

1223 4006 1492 4039 considerationibus
1518 4003 1586 4033 Nos
1606 4003 1761 4040 specialiter
1784 4004 1965 4035 moventibus
1977 4026 1987 4041 ,
2006 4003 2110 4036 Conce
2134 4015 2207 4037 imus
2220 4007 2277 4038 Di·
2296 4017 2324 4040 Ε.
2349 4021 2378 4047 4.

1223 4046 1300 4077 le&o
1323 4044 1462 4075 servienti
1481 4041 1582 4072 nostro
1603 4041 1710 4073 Thomae
1736 4041 1834 4072 Holme
1851 4065 1862 4081 ‚
1883 4042 1948 4073 alias
1969 4042 2049 4074 dieto
2062 4043 2217 4075 clarent-ew
2232 4050 2278 4076 uni
2299 4051 2363 4078 [bid.

1223 4084 1369 4124 nostrorum
1389 4085 1489 4122 Regum
1507 4083 1660 4114 Armorum
1672 4104 1684 4121 ,
1702 4081 1783 4120 quod
1806 4081 1861 4121 ipse
1881 4080 1917 4113 de
1938 4089 2064 4121 caetem,
2079 4082 2198 4118 durante
2213 4084 2280 4152 {fita
2299 4098 2335 4118 m.
2357 4093 2403 4120 27,

2229 4133 2282 4159 ua,
