2555 4266
0 738 2 776 J
19 730 90 757 XII.

36 3672 54 3688 ⁸
68 3670 137 3699 x11.

36 3711 105 3745 675.

658 226 770 268 ET
853 188 1123 270 ACTA
1204 226 1686 274 PUBLICA.

0 295 178 379 lun-8aner
200 309 306 341 Literas
326 307 453 339 Parentes
474 306 619 342 dierorum
639 311 756 352 Regum
775 310 878 345 Nobis
897 322 980 358 atque
991 312 1058 351 Ipfis
1068 313 1178 344 divifim

0 359 90 424 2137..
126 386 408 424 Αρρυοᾶυανὶῐῦυε,
427 386 642 427 Convenimus,
660 388 910 420 concordavimus
924 389 1178 426 &Conclusimus,

127 349 215 379 fadias
233 349 379 385 (Qarum
394 347 526 381 Tenores
536 351 570 380 de
585 351 676 381 verbo
689 352 723 381 ad
738 353 859 382 verbum
878 352 993 382 inferitis
1008 352 1175 387 inseruntur)

126 423 362 462 AppunCtuamus
377 446 386 461 2
411 423 609 458 Convenimus
623 449 632 464 ‚
657 427 875 458 Concordamus
901 429 935 459 &
951 426 1178 464 concludimus,

128 463 198 493 Nos
217 471 285 492 curn
309 460 390 505 lpse,
414 466 447 495 &
462 465 514 504 [psi
528 466 710 503 Nobiscum,
729 465 907 495 Nominibus
922 465 1088 501 Principum
1104 474 1178 501 prae-

129 500 273 531 didiorum
284 523 294 543 3
311 510 339 529 in
360 505 495 535 omnibus
512 506 546 536 &
566 514 616 542 per
630 506 743 540 omnia,
763 512 849 541 prout
863 503 894 532 in
911 502 1088 540 sequentibus
1102 502 1180 532 Arti-

130 539 200 570 culis
213 546 375 569 continetur
384 562 394 577 ‚

167 617 214 648 IN
224 627 242 648 P
252 627 275 649 R
286 628 297 648 I
307 627 334 649 M
342 629 354 650 1
364 628 392 656 s,
411 619 483 650 inter
504 619 572 650 Nos
596 619 812 651 Comrnissarios
832 619 983 657 praediOtos
1003 620 1184 650 Nominibus

132 657 237 696 quibus
266 658 344 696 supra
365 658 597 695 Appunetuatum
615 682 625 697 ,
650 657 867 688 Concordatum
887 660 921 690 ὃς
943 658 1120 689 Conclusum
1142 658 1183 688 est

134 697 214 734 quod
224 719 233 733 ,
252 697 323 726 inter
337 696 533 726 Sereniffimos
556 700 636 732 Reges
652 695 765 732 Angliae
776 696 809 726 &
825 700 919 725 Scotiae
932 697 1117 734 supradistos,
1136 707 1185 727 eo-

135 744 199 765 rum
215 735 234 753 ’¹²
248 734 386 765 Haeredes
400 735 433 765 &
447 734 642 771 Successores,
659 733 776 771 Regna,
794 734 896 765 Patrias
913 737 945 766 ὃς
959 735 1097 765 Dominia
1110 735 1186 765 Ter-

135 783 177 803 ras
189 774 223 804 &
238 772 319 804 Loca
340 782 527 810 quaecumque
546 771 729 809 eorumdem,
746 772 877 803 Necnon
894 773 1044 811 Vallallos,
1064 774 1185 812 Ligeos,

134 811 276 841 Homines
299 811 487 847 Subditosque
508 810 570 839 suos
594 810 788 852 quoscumque
800 811 942 849 praesentes
959 813 991 843 ὃς
1005 812 1112 842 futuros
1126 813 1186 842 tam

133 849 345 880 Ecclesiasticos
358 851 445 886 quarn
459 847 618 890 Seculares,
635 848 839 887 cujuscumque
847 849 963 880 Gradfis
972 872 982 887 ,
996 850 1188 879 Praeeniinen-

134 890 204 926 tire,
219 887 313 918 Statiis
328 895 374 916 aut
391 885 572 916 Conditionis
588 887 703 917 existant
715 911 725 924 ,
750 887 782 918 fit
800 887 877 918 Bona
892 910 902 925 ,
926 888 1038 925 Realis,
1056 888 1186 926 Sincera,

137 925 212 957 Vera
227 927 261 958 &
278 925 372 955 Firma
391 925 506 962 Treiiga
527 925 560 955 ὃς
577 924 751 956 Guerrarum
774 925 968 963 Abstinentia,
985 936 1033 964 per
1047 927 1186 964 Terram,

138 964 241 1003 Mare,
259 964 353 1000 Aquas
365 961 460 992 dulces
476 964 509 992 ὃς
524 965 627 1000 ubique
643 963 804 1002 Locorum,
823 968 965 1003 Inceptum
980 965 1015 994 ab
1031 968 1103 994 Ortu
1121 965 1187 994 Solis

139 1003 205 1033 didi
218 1001 307 1031 ultimi
319 1003 383 1030 Diei
400 1002 501 1041 Menfis
515 1002 672 1040 Septembris
688 1005 773 1032 Anno
786 1002 958 1041 Nonagestmo
972 1007 1085 1041 Septimo
1089 1002 1190 1041 fitpra-

140 1041 230 1078 disto,
245 1042 392 1069 Duratura
402 1048 451 1077 per
466 1044 568 1077 Septem
582 1044 681 1070 Annos
690 1041 813 1079 proximi)
836 1040 874 1076 «θ’
888 1040 1040 1071 immediate
1050 1041 1081 1080 s
1101 1049 1191 1071 nentes

139 1091 160 1109 a
176 1081 257 1109 Data
273 1077 447 1116 Praesentium
459 1078 587 1119 inclusive
600 1079 792 1117 numerandos,
810 1078 848 1113 (ἰν
862 1079 941 1147 ssque
953 1081 992 1109 ad
1006 1052 1131 1119 Occasscm
1145 1084 1192 1109 So-

139 1117 174 1147 lis
188 1114 277 1145 ultimi
289 1118 355 1145 Diei
366 1116 432 1145 diali
444 1121 526 1146 Anni
538 1120 646 1155 Septimi
656 1117 779 1155 plenarie
792 1126 860 1155 comp
873 1118 941 1147 endi.

176 1153 284 1192 ITEM,
303 1153 509 1194 Conventum,
528 1157 560 1185 &
578 1155 755 1185 Conclusam
772 1155 814 1185 est
828 1155 1197 1194 quod,durantibusTreu-

142 1193 186 1230 gis
203 1194 235 1223 ἃ
252 1193 424 1223 Guerrarum
441 1195 624 1224 Abstinentiis
640 1194 784 1224 anteditffis
799 1217 808 1232 ,
833 1195 940 1224 Nullus
956 1195 1098 1224 distoiurn
1116 1195 1196 1224 Prin-

144 1233 244 1268 cipum
259 1232 407 1269 movebit,
426 1242 473 1270 per
488 1233 540 1270 Se,
556 1233 743 1263 autSubditos
758 1231 836 1270 suos,
850 1242 894 1262 aut
909 1243 957 1269 per
971 1234 1038 1262 alios
1055 1233 1196 1269 quoscun-

143 1280 200 1307 que
218 1271 326 1301 moveri
342 1273 503 1308 permittet,
521 1272 664 1301 Guerram
678 1281 727 1308 per
739 1271 858 1300 Terram
869 1293 879 1308 ‚
899 1269 981 1300 Mare
999 1281 1090 1309 neque
1106 1272 1197 1309 Aquas

143 1309 240 1339 dulces
264 1309 390 1339 adversus
414 1310 500 1339 alium
520 1310 663 1339 dierorum
688 1308 855 1345 Principum
878 1309 1011 1339 Subditos
1026 1320 1072 1339 aut
1091 1309 1196 1344 Ligeos

145 1346 224 1384 suos,
243 1357 296 1377 nec
309 1347 387 1378 dabit
409 1347 551 1378 Auxilium
568 1371 577 1385 ‚
599 1346 760 1378 Consilium
781 1348 826 1379 vel
848 1348 976 1378 favorem
992 1356 1022 1378 ut
1038 1347 1197 1384 hujusmodi

147 1385 258 1415 Guerra
272 1395 419 1416 moveatur
433 1386 478 1416 vel
493 1388 636 1416 excitetur.

184 1423 291 1461 ITEM,
310 1423 494 1454 Conventum
511 1447 521 1462 ,
546 1426 579 1456 ὃς
595 1423 772 1454 Conclusum
790 1422 831 1454 est
845 1424 924 1462 quod
937 1423 1052 1461 Naves‚
1070 1423 1197 1461 Nautae,

147 1461 324 1494 ,Mercatores
338 1463 371 1493 &
387 1463 430 1492 alii
444 1463 552 1493 Subditi
568 1463 708 1500 utriusque
722 1461 888 1499 Principum
904 1463 1107 1500 praediistorurn
1122 1485 1132 1499 ,
1150 1471 1199 1499 per

146 1501 268 1530 Terram
278 1523 288 1538 ,
308 1500 391 1530 Mare
407 1503 441 1532 ὅ(
460 1502 554 1539 Aquas
567 1501 662 1532 dulces
677 1502 797 1538 Eumes,
815 1500 1038 1538 Conversantes,
1049 1500 1083 1530 N
1087 1502 1198 1537 avigari-

147 1546 207 1576 tes,
225 1539 416 1578 Naufragium
437 1540 554 1576 paliuri,
570 1541 603 1571 &
620 1539 818 1569 Permanentes
828 1561 838 1577 ,
856 1539 1047 1577 Tractentur,
1062 1540 1095 1569 ὅτ
1108 1535 1200 1568 Reci-

145 1578 258 1614 piantur
273 1588 357 1614 prout
374 1578 472 1608 melius
489 1578 617 1608 Tradiari
634 1579 666 1607 &
683 1578 788 1615 Recipi
800 1577 1007 1607 consueverunt
1023 1578 1051 1607 in
1067 1577 1201 1615 Tempo-

147 1617 224 1646 ribu>
242 1616 358 1646 aliarum
376 1616 573 1655 Treugarum,
596 1616 673 1653 prius
693 1617 765 1645 inter
778 1615 890 1653 Angliae
913 1614 951 1650 ἄν
968 1619 1061 1645 Scotiae
1076 1617 1199 1651 Reges&

147 1663 250 1683 eorum
264 1653 369 1692 Regna
386 1655 518 1685 initarum
535 1656 568 1685 ὃς
582 1653 793 1691 conclusarum,
813 1655 846 1684 ὃς
863 1655 1005 1691 praecipue
1018 1654 1098 1692 quod
1112 1653 1203 1683 Reci-

147 1693 257 1729 piantur
271 1694 304 1723 &
321 1693 512 1730 Tracfftentur,
526 1693 603 1730 juitta
616 1694 696 1729 vim,
714 1693 836 1721 formam
851 1693 885 1723 &
898 1693 1035 1723 effectum
1051 1691 1203 1722 Tractatsis

147 1730 328 1769 Treugarum
347 1731 542 1762 conclusarum
564 1731 635 1761 inter
658 1729 873 1761 Illustriffimum
893 1729 1007 1770 Regem
1031 1730 1204 1760 Edwardum

148 1770 293 1806 Quartum
315 1777 397 1807 nuper
411 1768 523 1807 Angliae
535 1771 630 1806 Regem
644 1767 683 1804 ό»
697 1768 834 1806 Jacobum
846 1772 966 1799 Tertiam
979 1773 1073 1799 Scotiae
1090 1771 1202 1807 Regem,

148 1807 186 1841 de
210 1806 285 1838 Data
307 1808 409 1838 Primo
431 1808 489 1838 Die
512 1806 620 1837 Menfis
639 1807 717 1845 Junii
732 1829 743 1845 ,
764 1808 852 1837 Anno
871 1807 998 1838 Domini
1019 1806 1175 1838 Millefimo
1193 1831 1204 1846 ,

150 1844 443 1884 Quadringentesimo
452 1869 461 1884 ‚
479 1845 659 1882 Sexagefimo
673 1854 780 1883 quarto.

188 1884 278 1914 ITEM
287 1907 296 1922 ,
315 1884 507 1916 Conventum
516 1906 526 1921 ‚
549 1885 583 1915 &
598 1883 776 1914 Conclusum
789 1883 831 1914 est
845 1883 924 1921 quod
938 1894 1039 1914 omnes
1053 1884 1088 1915 ὃ(
1102 1884 1205 1922 singuli

151 1921 354 1953 Malefac'}0res
369 1947 379 1961 ‚
401 1922 627 1961 Depraedatores
637 1922 727 1952 modo
743 1923 776 1953 &
797 1922 892 1953 form&
908 1922 1135 1960 subsequentibus
1152 1933 1204 1961 pu-

152 1963 282 1999 niantur;
301 1962 359 1992 viz.
380 1961 502 1992 Notorii
517 1961 550 1991 δε
566 1960 714 1992 Manifesti
731 1960 896 1991 Homicidae
913 1967 962 1999 per
978 1961 1094 1998 spatium
1110 1962 1205 2000 vigin-

151 2000 174 2029 ti
192 1999 331 2038 merum,
348 2001 485 2038 proximo
505 2001 539 2030 &
561 1999 725 2030 immediate
741 1999 914 2037 sequentium
934 1999 1025 2030 Diem
1043 2000 1205 2031 Homicidii

153 2037 295 2068 commiffi
309 2061 319 2076 ,
347 2049 397 2076 per
411 2038 569 2069 Gardianos
595 2037 788 2068 Marchiarum
802 2037 969 2068 Carceribus
991 2039 1205 2078 mancipentur,

151 2076 182 2107 in
198 2077 358 2115 eisdemque
371 2087 419 2115 per
436 2086 529 2107 totum
544 2076 676 2114 Tempus
691 2076 858 2113 praediRum
869 2076 944 2107 salvo
958 2077 991 2107 ὅτ
1001 2076 1096 2107 secure
1109 2077 1207 2107 custo-

151 2114 281 2146 diantur:
300 2116 370 2146 infra
393 2115 471 2153 quod
484 2116 615 2153 Tempus
631 2115 650 2145 fi
674 2114 742 2145 dieii
755 2115 924 2145 Homicidae
943 2115 989 2145 vel
1002 2125 1104 2145 eorum
1122 2115 1206 2146 Ami-

154 2156 201 2192 ci,
219 2163 287 2184 curn
306 2154 355 2184 illo
374 2154 421 2185 vel
443 2155 493 2184 illis
515 2155 562 2192 qui
580 2153 643 2184 sunt
661 2154 721 2184 veri
742 2153 870 2183 Proximi
890 2153 926 2183 de
941 2153 1082 2191 Sanguine
1096 2154 1202 2194 occisi,

152 2193 232 2230 super
250 2191 350 2223 Morte
365 2193 432 2223 dieii
453 2193 540 2223 occifi
559 2202 620 2223 non
638 2191 877 2223 concordaverint
889 2215 899 2229 ,
918 2202 972 2222 nec
986 2192 1097 2222 finalem
1109 2193 1207 2223 Com-

155 2231 327 2270 pofitionem
346 2231 466 2262 fecerint
478 2254 487 2268 ,
505 2240 574 2261 tunc
588 2231 659 2261 dicti
674 2230 844 2261 Homicidae
861 2240 912 2267 pro
926 2230 1085 2266 huiusmodi
1097 2230 1206 2261 Homi-

157 2271 236 2300 cidio
259 2270 362 2300 ultimo
380 2269 519 2307 Supplitio
532 2293 542 2308 ,
564 2269 629 2307 post
649 2269 754 2306 lapsum
777 2269 920 2299 dictorum
939 2270 1038 2308 viginti
1058 2268 1183 2299 Dierum
1196 2294 1206 2307 ,

156 2319 207 2347 per
224 2308 384 2338 Gardianos
395 2307 615 2339 demandentur:
625 2308 644 2337 si
659 2308 745 2338 Fures
754 2307 868 2343 ‚fimoli
881 2306 1018 2337 Latrones
1029 2316 1076 2338 aut
1087 2308 1133 2337 alii
1141 2307 1207 2337 Ma-

156 2347 304 2385 lesa&0rec
319 2371 329 2384 ,
351 2357 420 2377 cum
439 2347 531 2377 Furiis
543 2348 577 2377 &
592 2347 651 2376 aliis
667 2344 815 2377 Maleficiis
828 2345 896 2381 sun,
914 2355 1039 2376 recenter
1053 2345 1207 2386 Capiantur

154 2387 189 2416 &
210 2385 466 2423 Deprehendantur
479 2408 489 2423 ‚
514 2394 584 2416 tunc
604 2385 740 2423 Flagranti
762 2384 900 2414 Facinore
916 2384 952 2414 fic
969 2384 1145 2422 Deprehenfi
1159 2394 1209 2422 per

156 2424 315 2461 Gardianos
327 2423 539 2462 Mirehiarum,
555 2424 605 2454 ubi
618 2422 774 2461 hujusmodi
796 2422 880 2453 Furta
901 2432 934 2452 ac
958 2422 1102 2454 Maleficia
1124 2430 1210 2454 com-

157 2464 238 2494 missa
253 2463 332 2501 sunt,
350 2463 406 2493 fine
420 2463 551 2493 ulteriore
567 2462 640 2501 Juris
659 2460 814 2499 Processu,
833 2460 953 2490 Ultimo
968 2461 1133 2499 Supplicio,
1151 2461 1208 2494 five

157 2501 228 2533 insi-a
242 2500 379 2538 Regnum
395 2502 445 2532 ubi
462 2500 584 2531 Crimen
599 2499 786 2531 commissum
802 2498 857 2536 est,
877 2499 933 2528 sive
947 2499 976 2529 iti
994 2500 1088 2537 aliquo
1105 2499 1211 2539 Regno

156 2541 209 2570 ubi
227 2539 482 2577 Deprehendantur
497 2562 507 2578 ,
531 2539 698 2570 dumtamen
712 2538 758 2568 fiat
772 2537 889 2568 Recens
903 2537 1064 2575 prosecutio
1082 2538 1146 2576 post
1160 2541 1212 2570 hu-

155 2578 279 2618 jusmodi
301 2578 500 2609 Malefa&ores
513 2603 524 2615 ,
546 2578 603 2608 fine
629 2577 772 2607 Dilatione
795 2585 966 2613 quacunque
985 2576 1214 2616 demandentur3

159 2619 194 2648 &
213 2619 307 2648 caeteri
326 2617 472 2648 Homines
486 2638 496 2654 ‚
514 2617 693 2653 praesentium
707 2616 886 2653 Treugarum
905 2614 1077 2653 Violatores,
1093 2618 1213 2652 punien-

159 2664 205 2725 ξυι-
221 2654 342 2693 asperius
355 2655 460 2686 eisdem
475 2655 569 2686 forma
584 2654 617 2685 δε
632 2653 724 2685 modis
741 2654 843 2692 quibus
865 2653 1016 2691 antiquitus
1035 2655 1127 2692 puniri
1141 2665 1214 2686 cori-

172 2703 318 2725 ueverunt.

197 2732 288 2764 ITEM
298 2757 308 2772 ‚
327 2732 534 2771 Conventum,
550 2733 583 2764 &
599 2731 779 2763 Conclusam
793 2730 834 2761 est
848 2731 975 2769 quod,si
988 2730 1084 2769 aliquis
1101 2740 1135 2763 ex
1143 2730 1216 2763 Sub-

160 2770 225 2802 ditis
241 2773 352 2803 alterius
371 2771 538 2809 Principum
560 2771 764 2809 praemistorum
787 2770 922 2808 quicquid
938 2770 1120 2807 Depraedatus
1135 2770 1218 2801 fuerit

162 2810 208 2840 seu
227 2810 444 2848 Attemptaverit
461 2811 532 2840 infra
549 2809 709 2840 Marchiarn
723 2817 770 2839 aut
791 2809 914 2839 Terram
936 2808 1044 2839 alterius
1062 2808 1165 2846 Partis,
1183 2811 1216 2839 &c

161 2847 228 2887 post
243 2848 494 2886 Depraedadonem
511 2849 672 2886 hujusmodi
690 2847 736 2878 seu
752 2847 959 2884 Attemptaturn
975 2847 1003 2878 fu
1025 2847 1109 2878 iendo
1128 2857 1220 2878 rever-

166 2895 239 2916 tatur
250 2888 285 2916 ad
302 2886 462 2916 Marchiam
477 2888 510 2918 &
525 2887 648 2916 Terram
666 2886 736 2915 illius
751 2885 840 2915 Partis
853 2887 931 2924 cujus
945 2886 987 2915 est
1022 2886 1150 2923 abditus,
1170 2886 1219 2917 Li-

167 2925 245 2956 cebit
257 2925 313 2962 illi,
334 2934 435 2955 contra
449 2934 534 2962 quern
553 2924 592 2953 sic
607 2924 834 2961 attemptaverit,
856 2924 886 2953 in
907 2926 1014 2954 recenti
1033 2925 1079 2954 vel
1092 2924 1161 2954 infra
1175 2924 1220 2954 sex

165 2964 239 2994 Dies
252 2963 459 3001 computandos
472 2973 487 2992 a
502 2972 632 2999 tempore
646 2961 755 2991 Defieri
776 2961 814 2991 fic
831 2963 987 2998 attemptati
1001 2962 1047 2993 vel
1061 2962 1202 2993 commissi
1212 2986 1221 3000 ‚

168 3003 336 3033 auctoritate
358 3002 495 3039 praesentis
521 3000 716 3031 Ordinationis
731 3021 741 3036 ,
763 2999 866 3038 absque
884 3000 941 3030 aliis
961 2998 1062 3031 Literis
1074 3000 1120 3030 vel
1135 3001 1222 3031 Salvo

169 3041 346 3077 Conduetu,
364 3041 494 3077 prosequi
507 3039 586 3068 illurn
604 3037 842 3075 Maieihe‘iorem,
852 3039 885 3069 &
899 3038 987 3076 ipsum
1002 3039 1040 3069 sic
1056 3038 1225 3077 prosequen-

169 3081 210 3109 do
222 3081 322 3110 intrare
334 3079 412 3110 salvo
428 3082 461 3109 ὅῐ
478 3077 574 3108 secure
589 3076 733 3106 Marchias
748 3076 782 3106 δε
792 3075 913 3106 Terram
928 3078 957 3107 in
972 3087 1058 3115 quam
1071 3078 1147 3108 idern
1158 3077 1226 3108 Ma-

172 3117 290 3148 lefac‘tor
302 3117 330 3147 se
342 3118 510 3154 contulerim
529 3115 709 3152 dummodo,
727 3115 871 3152 quamcito
888 3115 1045 3152 hujusmodi
1060 3115 1223 3146 Marchiam

172 3156 233 3193 sive
243 3155 367 3186 Terram
380 3156 434 3186 'nac
448 3155 484 3185 de
502 3153 593 3184 Causa
609 3154 753 3184 intraverit
767 3175 777 3191 ‚
793 3153 874 3183 adeat
883 3153 1007 3189 aliquem
1020 3153 1123 3184 Virum
1138 3154 1224 3184 bonae

174 3195 272 3226 Famae
287 3195 320 3226 &
336 3194 490 3232 Opinionis
504 3193 609 3229 illaesae,
628 3192 801 3222 habitantem
824 3191 895 3221 infra
910 3191 1070 3222 Marchiam
1087 3202 1171 3230 quam
1188 3192 1225 3222 fic

175 3235 257 3263 intrat
267 3255 277 3271 ,
295 3233 329 3263 ὅτ
340 3232 415 3262 idern
428 3231 549 3262 declaret
563 3230 683 3261 Causam
701 3227 834 3260 introiisis
847 3229 886 3260 sui
907 3230 987 3267 (viz)
1002 3231 1036 3260 ad
1051 3230 1226 3268 prosequen-

175 3272 248 3302 dum
272 3270 523 3308 Depraedationem
540 3270 634 3307 suam,
655 3267 790 3299 describat
806 3269 839 3298 &
853 3269 992 3306 specificet
1007 3270 1109 3306 quibus
1126 3268 1226 3305 Bonis,

179 3309 294 3341 Catallis
314 3310 360 3339 vel
377 3308 476 3338 Rebus
494 3308 667 3346 depraedatus
686 3307 730 3337 vel
747 3305 876 3344 spoliatus
893 3307 996 3345 fuerit,
1012 3317 1045 3337 ac
1059 3307 1168 3344 insuper
1184 3318 1227 3337 re-

177 3349 271 3386 quiret
295 3347 417 3378 eundem
438 3346 518 3385 quod
532 3369 543 3383 ,
567 3345 705 3384 quamdiu
726 3344 885 3383 hujusmodi
906 3345 1136 3375 Prosecurionern
1150 3345 1228 3375 suam

175 3387 291 3424 fecerit,
308 3386 403 3416 secum
419 3393 463 3416 eat
478 3394 509 3415 ut
523 3385 602 3421 super
617 3384 706 3414 Faffis
719 3383 784 3424 suis,
803 3392 932 3420 ternpore
946 3384 1031 3413 dietae
1051 3383 1230 3414 Prosecuiio-

175 3426 236 3463 nis,
253 3425 353 3463 potiit,
370 3426 441 3455 cum
460 3422 623 3461 Requiiitus
640 3422 725 3453 fuerit
741 3424 821 3461 super
841 3422 899 3452 hoc
914 3445 924 3460 ,
940 3422 1154 3453 Testimonium
1169 3432 1232 3460 per-

173 3464 269 3495 hibere
284 3464 400 3494 veritati.

215 3501 289 3532 ITE
299 3510 327 3532 M
375 3501 564 3532 Conventum
586 3499 620 3530 &
647 3497 829 3530 Conclusum
840 3497 881 3528 est
895 3497 975 3536 quod
990 3522 1000 3536 ‚
1019 3498 1038 3528 fi
1054 3498 1139 3536 aliqui
1155 3498 1231 3528 Tra-

179 3540 284 3571 ditores
295 3563 305 3577 ,
329 3524 460 3570 Rebeilec
472 3561 482 3577 ,
503 3536 690 3575 Homicidae‚
710 3536 812 3574 Fures,
828 3536 939 3567 Famosi
953 3537 1107 3574 Latrones,
1123 3547 1170 3567 aut
1187 3538 1231 3567 alii

181 3578 380 3610 lvlaiefaetores
396 3600 406 3615 ‚
431 3587 484 3615 pro
505 3577 599 3614 aliquo
620 3574 751 3606 Crimine
769 3575 928 3605 commisso
943 3585 989 3606 aut
1002 3574 1230 3612 committendo,

181 3627 235 3656 pro
249 3617 343 3653 aliquo
358 3615 469 3645 Favore
482 3615 528 3645 vel
542 3614 676 3651 Auxilio,
693 3613 727 3644 ad
741 3613 831 3651 aliqua
851 3613 968 3653 Regna,
987 3614 1106 3651 Patrias,
1124 3613 1227 3643 Terras

178 3666 226 3687 aut
245 3654 387 3685 Dominia
403 3654 423 3672 *
441 3654 556 3690 alicujus
576 3652 715 3690 Principis
734 3651 903 3688 Principum
919 3652 1127 3682 Praedietorurn
1150 3651 1231 3688 fuge-

181 3696 237 3725 rint
255 3701 302 3723 aut
321 3691 536 3722 convolaverint
551 3713 562 3729 ,
578 3698 676 3720 neuter
687 3690 855 3720 eorumdem
871 3689 1054 3727 Principum,
1072 3689 1229 3720 Haeredum

179 3742 227 3764 aut
246 3729 446 3764 Succei‘sorum
463 3729 580 3759 suorum
600 3727 760 3765 hujufinodi
771 3727 951 3764 Tradstores,
969 3727 1156 3767 Homicidia,
1174 3727 1231 3757 Fu-

182 3783 241 3809 res,
258 3769 380 3801 famosos
401 3767 537 3798 Latrones
559 3774 606 3797 aut
626 3767 695 3796 alios
717 3764 915 3795 Maiefaetores
939 3766 1024 3796 insua
1040 3764 1158 3804 Regna,
1176 3765 1230 3796 Pa-

183 3812 261 3847 trias,
277 3809 378 3839 Terras
391 3807 425 3836 &
443 3805 583 3836 Dominia
605 3803 798 3841 quovismodo
814 3803 984 3839 Receprabit
995 3813 1048 3834 nec
1064 3805 1100 3833 ab
1113 3804 1169 3834 aliis
1187 3814 1229 3833 re-

183 3848 289 3885 ceptari
305 3846 448 3884 permittet
458 3866 467 3879 ,
484 3843 532 3872 sed
547 3852 595 3872 eos
611 3844 643 3873 &
655 3851 756 3871 eorum
772 3842 925 3878 quemlibet
938 3851 954 3871 a
971 3841 1023 3871 suis
1038 3841 1162 3881 Regnis‚
1179 3842 1230 3871 Pa-

181 3888 258 3923 triiS,
275 3885 371 3916 Terris
389 3884 421 3913 &
442 3881 591 3912 Dominiis
614 3879 752 3916 praedietis
771 3903 782 3916 ,
807 3879 877 3909 infra
895 3879 996 3918 viginti
1010 3879 1081 3909 Dies
1093 3882 1230 3918 proximo

183 3926 219 3956 &
241 3923 403 3953 immediate
423 3921 564 3957 sequentes
580 3917 760 3956 posteaquam
784 3927 830 3954 per
847 3917 952 3947 Literas
968 3917 1105 3955 Principis
1117 3919 1162 3949 vel
1175 3919 1231 3955 ejus

185 3961 323 3993 Custodis
338 3960 529 3990 Marchiarum
546 3966 592 3987 aut
603 3956 684 3994 ipfius
702 3955 935 3985 Locumtenentis
953 3965 1020 3985 eum
1042 3955 1089 3986 vel
1099 3966 1148 3986 eos
1159 3957 1233 3986 Tra-

182 4001 303 4035 ditores,
321 3998 471 4034 Rebeiles,
485 3996 667 4031 Hornicidas²
685 3993 785 4029 Fures,
811 3993 933 4035 famosos
956 3993 1090 4023 Latrones
1106 4003 1152 4024 aut
1166 3994 1233 4024 alios

188 4036 388 4069 Malefa&ores
408 4036 465 4066 elle
479 4034 634 4066 constiterit
647 4056 656 4068 ,
669 4031 776 4060 Tradet
790 4032 823 4061 &
841 4030 1017 4062 Deliberabit
1033 4041 1080 4062 aut
1093 4034 1230 4069 perpetuo

187 4076 305 4108 Banniet
328 4074 361 4103 &
382 4073 510 4110 Expellet
524 4098 533 4111 ,
550 4082 597 4103 au:
612 4070 702 4101 Tradi
717 4071 748 4100 ὃ(
765 4069 925 4099 Deliberari
945 4078 991 4099 aut
1006 4068 1115 4100 Banniri
1127 4072 1161 4101 &
1175 4070 1233 4099 Ex-

189 4114 256 4156 pelli
277 4111 474 4179 efffflussut}
482 4111 627 4144 mandabit
641 4131 651 4148 ‚
673 4110 707 4140 &
727 4116 824 4139 neuter
845 4106 1014 4146 Principum
1031 4107 1234 4147 praedictorum

234 4155 307 4183 Tam.
325 4153 356 4181 V.
403 4173 409 4179 .
468 4171 477 4180 .

2184 253 2256 284 121

1217 309 1376 341 Consilium
1391 336 1401 351 ,
1428 315 1574 348 Auxilium

1212 347 1379 380 Rebellibus
1392 375 1401 388 ,
1420 353 1558 385 Hostibus

1214 386 1344 416 rumdem
1357 410 1367 424 ,
1390 390 1434 419 vel
1452 393 1542 428 ipsoru

1213 423 1291 454 salvis
1315 424 1514 459 Condue'tibus
1530 454 1538 467 ,
1562 442 1610 470 per

1215 462 1252 505 de
1273 471 1414 506 praeterito
1434 468 1572 498 concessis
1585 492 1594 506 ,
1613 473 1714 502 virtute
1727 474 1867 510 praesentis
1879 476 1998 507 Articuli
2010 479 2128 509 minime
2143 491 2261 512 revoca-

1215 508 1267 535 tis,
1283 500 1330 530 sed
1344 511 1371 529 in
1387 502 1437 531 suo
1454 503 1573 535 Robore
1587 508 1620 537 &
1635 509 1740 540 effe-{tu
1753 516 1989 548 permanentibus.

1255 537 1299 581 Ijr
1311 547 1328 568 ε
1341 547 1385 575 Μ,
1405 540 1591 584 Conventum
1605 546 1637 575 &
1651 546 1827 579 Conclusum
1843 551 1883 580 est
1903 554 1980 588 quod
1991 575 2001 590 ‚
2018 553 2182 588 durantibus
2190 567 2263 595 prae-

1217 575 1338 606 sentibus
1349 576 1480 622 ⁴Treugis
1494 601 1512 622 ‚⁴
1529 589 1560 622 ut
1575 584 1749 617 praemissum
1765 587 1805 616 est
1821 612 1830 624 ,
1849 588 1982 620 Castrum
1997 592 2030 621 ὅ(
2046 592 2118 623 Vi'la
2131 595 2247 627 Eerwici

1218 624 1289 658 cii-tn
1300 624 1418 652 antiquis
1437 617 1602 660 Limitibm,
1620 622 1651 649 &
1667 620 1850 655 Inhabitantes
1864 627 1897 656 &
1911 627 2018 659 Iiicolae
2031 634 2196 663 eorumdem
2213 619 2266 665 sui}

1219 654 1321 683 eisdem
1343 654 1468 691 Treugis
1490 657 1523 687 ὃς
1545 655 1723 687 Guerrarum
1746 661 1915 694 Abstinentia
1935 676 1967 696 ac
1987 666 2127 699 Beliorum
2146 672 2267 703 lniiuciis

1220 691 1332 734 stabunt
1351 693 1384 722 ὃς
1405 695 1609 730 permanebunt
1631 703 1695 725 toto
1720 705 1847 734 tempore
1860 704 1961 737 predic

1221 728 1411 760 berenii'simus
1434 735 1493 761 Rex
1513 735 1606 762 Scatiae
1629 743 1678 770 per
1702 733 1727 763 se
1747 745 1793 765 aut
1813 737 1879 767 alios
1902 740 1960 770 Sub

1219 777 1266 798 aut
1281 766 1450 799 Vasallorurii
1466 770 1579 800 suorum
1596 771 1754 810 Guerram,
1780 773 1914 805 Insultum
1937 788 1950 807 a

1657 435 1774 472 rincipes
1798 437 1948 473 praedie‘tos
1962 449 2007 470 aut
2022 450 2120 471 eorum
2139 443 2261 481 aliquem

1964 715 2013 748 to,
2031 707 2066 735 ita
2082 711 2159 746 quod
2176 721 2268 748 neque

1961 743 2086 774 ditorum
2111 748 2269 785 Ligeorum

1228 806 1252 836 L
1296 807 1301 810 Ι
1485 810 1489 814 .
1952 789 1982 821 ut
2003 781 2189 814 Obiidionem
2209 788 2271 824 ipfis

1255 816 1315 836 ocis
1334 816 1382 837 aut
1400 806 1503 838 Incolis
1516 809 1701 845 eorumdem,
1719 821 1811 849 neque
1823 812 2070 848 Excellentffimw:
2083 825 2142 850 Rex
2159 825 2271 861 Angliae

1225 854 1275 882 per
1290 844 1326 874 Se
1337 854 1385 876 aut
1398 846 1460 876 suos
1473 846 1663 878 inhabitantes
1683 848 1787 880 Villam
1802 851 1846 880 seu
1860 850 1992 883 Castrum
2009 856 2126 892 hujus-in<
2139 861 2166 890 ἀι
2176 862 2272 892 Guer-

1224 892 1303 926 ram,
1315 882 1449 928 insultum
1463 894 1510 915 aut
1524 885 1714 916 Obsidionem
1729 888 1808 918 dieto
1821 889 2003 922 Serenissinsso
2011 896 2074 930 Regi
2086 900 2177 927 Scotiae
2191 900 2276 932 tuisve

1224 920 1443 989 ngdl‘s‘tvafflhs
1463 923 1556 954 facere
1576 926 1676 963 quovis
1694 926 1784 956 modo
1805 928 1944 965 pendente
1956 938 2084 970 ternpore
2101 934 2274 968 Guerrarum

1223 969 1280 996 prae
1302 969 1326 989 ic
1340 970 1430 990 arum.

1261 996 1371 1041 hesi,
1392 998 1581 1043 Conventum
1601 1001 1635 1030 &
1657 1000 1836 1033 Conclusum
1854 1005 1895 1034 est
1911 1006 2010 1045 quod,
2029 1007 2046 1037 fi
2062 1009 2159 1047 aliquis
2174 1011 2280 1051 Ligeoa

1225 1044 1289 1065 turn
1305 1046 1385 1079 unius
1404 1037 1449 1068 vel
1469 1039 1577 1069 alterius
1596 1039 1760 1077 Principum
1777 1042 1977 1078 praedietorum
1993 1051 2173 1084 reparaverit,
2192 1051 2280 1081 aenifi-

1227 1083 1348 1111 cavenr,
1363 1074 1405 1105 seu
1416 1098 1425 1113 ,
1444 1085 1473 1107 ut
1487 1077 1636 1116 vulgariter
1651 1079 1752 1108 dicitur
1762 1102 1770 1116 ‚
1788 1082 1948 1118 imposuerit
1961 1085 2071 1114 dictum
2087 1085 2112 1115 le
2119 1087 2261 1125 Fifhearth

1227 1121 1274 1154 aut
1288 1121 1399 1155 rumpat
1415 1114 1460 1157 vel
1476 1114 1614 1154 destruat,
1633 1126 1685 1154 pro
1711 1127 1769 1147 non
1784 1119 1960 1158 Attemptato
1980 1125 2153 1160 reputabitur
2177 1118 2218 1158 ⁹&
2235 1111 2281 1157 ni³

1229 1150 1400 1194 chilominus
1420 1153 1472 1182 alia
1494 1153 1666 1191 Attemptata
1687 1165 1875 1193 quaecumque
1896 1161 2096 1197 reparabun1ur
2149 1150 2186 1194 iic
2201 1166 2282 1203 quod

1231 1189 1382 1225 Reparatio
1402 1190 1446 1220 seu
1470 1190 1637 1222 Destruc'tio
1659 1192 1727 1223 dieti
1750 1193 1774 1222 le
1788 1194 1930 1233 Fgfhgarth
1946 1208 2004 1228 non
2020 1186 2157 1238 impediet
2173 1203 2282 1234 Refor-

1232 1227 1392 1270 mationem
1407 1228 1526 1258 aliorum
1549 1231 1816 1271 Attemptatorum,
1842 1245 1895 1265 nec
1920 1237 2079 1269 introducet
2103 1239 2281 1278 Ruptionem

1233 1267 1410 1302 presentium
1425 1267 1614 1304 Treugarum.

1270 1303 1314 1346 lT
1324 1312 1341 1333 Ε
1352 1312 1379 1333 M
1389 1327 1398 1341 ‚
1416 1304 1606 1350 Conventum
1619 1307 1842 1353 &tConclusum
1860 1311 1901 1341 est
1915 1313 1993 1350 qu'od
2009 1313 2133 1354 Fugitivi
2151 1317 2264 1354 Angliae

1233 1351 1281 1378 qui
1301 1341 1474 1373 devenerunt
1499 1344 1578 1383 Ligei
1599 1347 1663 1382 Regi
1684 1350 1776 1376 Scotiae
1795 1371 1804 1386 ,
1823 1349 1926 1380 debent
1941 1352 2016 1389 ligari
2031 1362 2064 1383 ex
2081 1354 2163 1385 Parte
2178 1341 2284 1387 Sc0103

1233 1389 1297 1409 rurn
1319 1380 1353 1410 ad
1370 1382 1576 1412 observandum
1598 1384 1739 1415 Articulos
1752 1388 1925 1422 praesentium
1939 1389 2131 1430 Treugarum,
2152 1396 2185 1425 ὃ(
2203 1396 2285 1433 quod

1235 1419 1408 1456 Attemptata
1431 1429 1552 1463 perneos
1576 1422 1653 1465 super
1677 1423 1809 1455 Subdi:0s
1831 1429 1908 1463 Regis
1923 1429 2035 1465 Angliae
2055 1430 2160 1462 debent
2179 1433 2283 1464 eodem

1235 1456 1327 1499 modo
1355 1458 1498 1501 reformari
1521 1469 1579 1502 quo
1598 1463 1828 1492 retorrnabuntur
1852 1466 2026 1503 Attemptata
2048 1478 2095 1506 per
2121 1472 2284 1503 orioinarios

1235 1494 1368 1539 Subditos
1393 1495 1481 1541 Regis
1501 1496 1627 1543 Scoriae3
1652 1500 1726 1529 idem
1750 1510 1797 1536 per
1815 1504 1913 1532 omnia
1927 1505 2136 1537 observandum
2152 1495 2186 1538 e’i'r
2200 1509 2284 1541 Parte

1235 1536 1311 1569 Regis
1325 1533 1452 1571 Angliae,
1472 1534 1491 1563 si
1506 1545 1554 1571 qui
1573 1536 1652 1566 Scoti
1667 1547 1730 1568 ante
1746 1539 1808 1569 haec
1822 1540 1973 1579 Tempora
1984 1544 2068 1581 Ligei
2083 1549 2158 1583 Regis
2171 1548 2285 1586 Angliae

1234 1572 1398 1603 devenerint
1432 1572 1610 1604 uovismodo.

1264 1614 1382 1653 irem,
1405 1651 1410 1655 η
1429 1620 1587 1655 onveritum
1602 1613 1634 1644 &
1650 1611 1828 1645 Conclusum
1845 1616 1885 1646 est
1903 1619 1996 1657 quod,
2016 1621 2035 1650 fi
2047 1621 2142 1659 aliquis
2153 1623 2287 1656 Subditus

1237 1647 1348 1691 alicujus
1364 1649 1502 1693 Principis
1517 1649 1685 1688 Principum
1706 1653 1908 1690 praedic‘torum
1925 1679 1935 1694 ‚
1958 1659 2007 1695 qui
2028 1660 2117 1697 passus
2133 1662 2212 1692 fuerit
2228 1663 2288 1694 Ra-

1240 1696 1336 1730 pinam
1352 1687 1397 1733 vel
1412 1687 1542 1725 spolium
1556 1699 1570 1718 a
1586 1690 1709 1721 Subdito
1722 1691 1831 1722 alterius
1852 1697 2035 1733 eorumdem,
2052 1699 2162 1735 propria
2180 1702 2289 1731 Anero-

1240 1734 1318 1755 ritate
1333 1724 1380 1756 sua
1396 1735 1509 1765 propter
1526 1727 1583 1758 hoc
1596 1728 1801 1768 Spoliationem
1814 1730 1898 1762 Prisas
1914 1734 1958 1763 vel
1975 1734 2176 1767 Distric‘tiones
2193 1738 2291 1770 Perio-

1241 1773 1340 1808 narum
1354 1766 1401 1795 vel
1418 1763 1564 1796 Bonorum
1580 1767 1694 1805 fecerit,
1711 1777 1746 1797 eo
1760 1767 1822 1806 [pso
1838 1770 1917 1800 cadat
1934 1781 1948 1800 a
1963 1771 2052 1803 Caufii
2069 1774 2113 1804 sua
2123 1798 2133 1813 ,
2150 1777 2183 1806 &
2198 1778 2291 1808 nichi-

1240 1801 1364 1832 lominus
1377 1803 1533 1834 secundum
1547 1804 1657 1836 Delicti
1666 1807 1834 1845 exigentiam
1850 1811 1987 1846 puniatur.

1279 1840 1388 1880 ITEM,
1404 1840 1591 1873 Conventum
1613 1845 1647 1875 &
1665 1843 1842 1875 Conclusam
1858 1848 1898 1876 est
1916 1849 2012 1888 quod,
2031 1860 2202 1891 quamquam
2221 1863 2292 1886 prae-

1241 1878 1329 1910 sentes
1344 1879 1519 1910 Guerrarum
1535 1881 1720 1912 Abstinentiae
1733 1893 1824 1921 captae
1836 1886 1869 1916 &
1883 1887 1960 1916 initae
1978 1888 2027 1918 iint
2043 1891 2134 1921 modis
2146 1892 2180 1922 &
2194 1887 2290 1924 fo'rma

1243 1926 1273 1947 ut
1286 1922 1378 1956 supra,
1394 1928 1519 1949 attamen
1536 1929 1597 1950 non
1616 1921 1745 1951 dicentur
1760 1932 1812 1952 nec
1827 1927 2027 1960 reputabuntur
2042 1931 2164 1959 omnino
2177 1939 2291 1968 genera·

1243 1956 1299 1993 les,
1319 1966 1372 1987 nec
1386 1956 1422 1988 Se
1437 1958 1588 1988 estendent
1608 1961 1642 1988 ad
1657 1959 1828 1990 Dominium
1841 1962 1876 1991 de
1896 1963 1990 1993 Lorne
2003 1968 2030 1995 in
2048 1965 2150 2006 Regno
2166 1970 2271 2000 Scotiae

1242 2004 1297 2038 nec
1314 1995 1349 2025 ad
1363 1994 1483 2038 Insulam
1504 1996 1539 2026 de
1561 1997 1679 2035 Lundey
1693 1999 1723 2027 in
1748 1997 1854 2038 Regno
1869 2001 1996 2040 Angiiae,
2013 2003 2056 2033 sed
2073 2005 2244 2037 Dominiuni
2256 1991 2291 2038 δὲ

1241 2032 1326 2077 insula
1345 2033 1479 2071 praedieta
1496 2035 1682 2074 intelligentur
1696 2035 1775 2066 nullo
1788 2038 1878 2068 modo
1893 2040 1923 2068 'in
1940 2041 1990 2069 hiis
2007 2041 2180 2074 Guerrarum
2198 2045 2294 2076 Absti-

1240 2080 1339 2102 nentiis
1353 2071 1565 2109 comprehensa.

1279 2109 1326 2140 ir
1338 2119 1356 2154 15:
1367 2119 1395 2141 M
1411 2132 1421 2148 ,
1448 2110 1637 2143 Conventum
1658 2112 1691 2143 &
1713 2111 1889 2145 Conclusam
1912 2114 1954 2145 est
1978 2116 2057 2153 quod
2070 2118 2101 2148 in
2115 2119 2296 2156 praesentibus

1243 2148 1363 2186 Treugis
1393 2150 1441 2192 δι’..
1459 2149 1632 2193 Guerrarum
1659 2151 1841 2183 Abstinentiis
1867 2158 2139 2191 comprehendantur
2173 2161 2267 2189 Amici
2283 2183 2295 2198 ‚

1244 2186 1443 2217 Confoederati
1464 2189 1498 2218 &
1521 2188 1632 2227 Alligati
1653 2189 1794 2227 utriusque
1816 2190 1970 2230 Principis,
1989 2194 2008 2222 fi
2025 2196 2226 2231 comprehendi
2241 2208 2296 2228 vo-

1243 2226 1359 2262 luerint,
1375 2227 1407 2257 &
1423 2235 1526 2256 eorum
1542 2227 1643 2266 Regna
1667 2237 1700 2258 ac
1717 2227 1871 2266 Dominia,
1887 2231 1919 2260 ὃ(
1931 2231 2010 2269 super
2025 2232 2082 2262 hoc
2099 2234 2218 2265 Animos
2232 2236 2297 2267 suos

1243 2263 1442 2332 declariiverint
1457 2266 1491 2295 &
1504 2266 1580 2296 idem
1592 2265 1809 2298 desideraverint
1819 2268 1892 2301 infra
1906 2268 1962 2300 Sex
1975 2269 2090 2301 Menses
2109 2274 2246 2310 proximo
2262 2282 2298 2306 ex

1244 2312 1320 2332 nunc
1343 2311 1483 2340 equentes.

1282 2341 1321 2372 Et
1333 2341 1500 2380 specialiter,
1518 2351 1572 2380 pro
1587 2341 1670 2373 Parte
1685 2345 1762 2381 Regis
1776 2342 1907 2384 Angla,

1281 2382 1448 2418 Imperator,

1283 2421 1343 2447 Rex
1361 2421 1554 2457 Romanorum,

1284 2459 1344 2486 Rex
1359 2456 1479 2486 Karolui·
1490 2461 1612 2487 Francia
1620 2479 1631 2496 ,

1284 2498 1364 2532 Reges
1379 2498 1570 2535 Hispaniarum
1587 2495 1751 2534 Portugaliae
1765 2495 1804 2532 ό·
1818 2497 1966 2536 Neapolis,

1249 2533 1407 2602 d-Auslljriae
1417 2557 1427 2572 ‚
1445 2534 1623 2572 Burgundiae‚
1633 2538 1822 2574 Venetiarum,
1840 2536 2013 2576 Mediolani,
2030 2539 2179 2579 Ferrum,
2196 2540 2300 2573 Saban-

1268 2583 1318 2610 ια’,
1367 2584 1439 2610 ures,

1287 2610 1418 2641 Necnon
1431 2614 1546 2640 Societas
1560 2614 1742 2643 Mercatorum
1756 2615 1867 2644 Hanzae
1879 2613 2054 2646 Theutonicae.

1287 2648 1324 2679 Et
1337 2659 1390 2686 pro
1406 2659 1483 2688 parte
1495 2653 1572 2686 Regis
1587 2653 1697 2690 Scotiae,

1289 2687 1407 2718 Karalus
1421 2690 1481 2718 Rex
1492 2691 1612 2718 Franciae
1619 2712 1631 2728 ‚

1287 2725 1431 2764 Johanner
1445 2730 1504 2756 Rex
1521 2730 1616 2756 Daciae
1624 2728 1643 2766 ‚⁷

1290 2766 1350 2793 Rex
1365 2765 1576 2804 Hispaniarum,

1291 2804 1351 2832 Rex
1366 2802 1493 2842 Neapolis
1502 2825 1512 2842 ,

1290 2843 1350 2871 Rex
1364 2845 1560 2879 Romanorum,

1292 2879 1440 2910 Archidux
1456 2880 1577 2918 Austriae
1592 2879 1631 2914 &³
1648 2880 1811 2917 Burgundiae

1295 2918 1414 2948 σεμνῇ-ιε
1429 2917 1467 2954 &
1482 2917 1634 2948 Mediolani
1650 2917 1688 2952 ὠ
1701 2919 1732 2948 de
1746 2900 1933 2956 cleifnuces,

1293 2959 1312 2976 ³⁸
1333 2958 1446 2995 Qibus
1466 2956 1610 2986 Mensibus
1627 2957 1704 2995 lapsis
1719 2981 1728 2993 ‚
1753 2956 1772 2986 fi
1784 2956 1856 2986 nulla
1871 2955 2046 2988 Notificatio
2061 2956 2221 2996 hujusmodi
2234 2959 2307 2991 fasta
2328 2975 2342 2991 z

1258 2994 1343 3026 fuerit
1365 2996 1491 3034 Regibus
1507 2994 1646 3032 praedie‘iis
1660 3018 1669 3032 ‚
1692 2995 1761 3025 dicti
1783 2994 1979 3026 Cenfoederati
1993 3005 2051 3026 non
2068 2997 2262 3035 intelliguntur
2277 3001 2308 3029 in
2330 3015 2345 3039 6

1259 3034 1311 3064 hiis
1322 3034 1446 3072 Treugis
1463 3033 1678 3071 comprehensi,

1298 3073 1336 3103 Et
1360 3073 1378 3102 fi
1400 3072 1469 3102 diCti
1483 3071 1576 3110 Reges
1588 3071 1680 3101 distos
1693 3070 1929 3109 Confoedermoe,
1946 3073 2149 3110 comprehendi
2165 3075 2290 3106 volentes
2300 3098 2311 3113 ,

1261 3120 1292 3142 ut
1308 3111 1467 3148 predicitur
1481 3132 1491 3148 ,
1515 3110 1565 3139 sub
1578 3109 1660 3139 dietis
1677 3109 1820 3147 Treugis,
1836 3111 2078 3146 comprehendere
2093 3113 2260 3151 noluerunt,
2275 3121 2311 3144 ex

1261 3159 1330 3180 tunc
1347 3149 1432 3180 diet-ae
1445 3148 1570 3187 Treugae
1587 3148 1688 3178 nullius
1702 3147 1830 3178 Roboris
1845 3148 2005 3179 censeantur
2018 3150 2065 3179 vel
2082 3150 2240 3181 Momenti.

1301 3187 1407 3224 ITEM,
1427 3186 1614 3217 Conventum
1630 3188 1662 3216 ὃς
1679 3186 1858 3217 Conclusum
1872 3187 1912 3217 est
1925 3188 2023 3225 quod,
2043 3188 2079 3226 ii,
2096 3189 2198 3219 eisdem
2213 3188 2310 3219 Guer-

1263 3236 1355 3257 rarum
1378 3224 1562 3256 Abstinenriis
1575 3225 1736 3255 durantibus
1751 3248 1760 3263 ‚
1777 3225 1877 3262 aliquid
1892 3235 1990 3256 contra
2004 3225 2112 3256 easdem
2130 3227 2172 3256 vel
2187 3227 2308 3264 aliquam

1264 3265 1375 3294 Partem
1396 3263 1557 3294 earumdem
1578 3272 1626 3300 per
1644 3262 1768 3294 Terram
1786 3264 1840 3293 five
1862 3273 1912 3300 per
1933 3263 2016 3293 Mare
2028 3264 2085 3294 fieri
2097 3265 2140 3295 vel
2152 3265 2311 3302 attemptari

1264 3305 1411 3339 contingat
1426 3326 1434 3339 ‚
1458 3312 1506 3339 per
1524 3303 1579 3331 hoc
1593 3310 1690 3332 tamen
1703 3301 1874 3331 Guerrarum
1890 3301 2033 3338 praesentes
2050 3301 2235 3333 Abstinentiae
2248 3313 2311 3333 non

1265 3351 1347 3371 erunt
1360 3351 1412 3370 nec
1426 3340 1611 3370 censebuntur
1619 3339 1741 3376 Ruptae,
1751 3339 1901 3370 infirmaiae
1914 3339 1958 3369 vel
1971 3340 2147 3377 Adnullatse,
2159 3341 2203 3371 sed
2219 3341 2312 3372 nichi⁴

1265 3381 1387 3410 lominus
1408 3380 1436 3408 in
1457 3379 1506 3408 suo
1527 3378 1646 3409 Robore
1665 3379 1890 3416 permanebunt²
1912 3378 1945 3408 &
1968 3378 2139 3416 Attemptata
2151 3379 2312 3417 hujusmodi

1263 3419 1359 3450 debite
1374 3416 1627 3448 Reformabunrur.

1303 3456 1317 3487 Ι
1325 3465 1348 3487 Τ
1358 3466 1375 3487 Ε
1385 3463 1411 3486 M
1424 3478 1434 3493 ,
1459 3454 1645 3485 Conventum
1665 3457 1698 3486 δι’
1717 3453 1892 3484 Conclusum
1911 3452 1952 3483 est
1964 3453 2044 3492 quod
2059 3462 2173 3493 utraque
2186 3454 2312 3486 Patrium

1267 3494 1466 3534 praediffinitum
1486 3493 1624 3523 publicari
1652 3494 1684 3523 &
1709 3492 1861 3522 Notificari
1882 3492 1964 3522 faciet
1984 3493 2123 3523 dictarum
2137 3493 2313 3524 Guerrarum

1267 3533 1454 3565 Abstinentias
1467 3532 1590 3562 Subditis
1602 3532 1653 3561 suis
1663 3555 1672 3570 ‚
1688 3532 1716 3560 in
1730 3531 1865 3560 omnibus
1881 3530 1913 3560 &
1929 3530 2035 3568 singulis
2048 3531 2244 3568 insignioribus
2252 3533 2312 3563 Lo·

1265 3574 1304 3603 cis
1323 3571 1516 3612 Marchiarum
1538 3570 1663 3607 suarum,
1679 3568 1751 3598 infra
1765 3567 1845 3599 Osto
1860 3568 1929 3598 Dies
1943 3570 2078 3606 proximo
2091 3570 2234 3608 sequentes
2247 3569 2310 3608 post

1265 3611 1370 3641 Datam
1383 3609 1580 3645 Praeientium,

1303 3647 1339 3678 Et
1361 3648 1456 3676 omnia
1478 3647 1529 3676 alia
1543 3668 1552 3684 ,
1567 3654 1631 3683 quae
1647 3645 1718 3674 inter
1733 3643 1818 3681 Nos,
1835 3643 1968 3674 Nomine
1978 3643 2143 3684 Principum
2159 3645 2311 3683 praedi'fto-

1266 3696 1329 3716 rum
1341 3708 1351 3724 ,
1367 3685 1480 3714 fuerunt
1492 3682 1713 3712 Communicata
1728 3705 1738 3719 ,
1751 3682 1830 3718 super
1846 3683 1946 3718 quibus
1959 3686 2129 3714 concordari
2146 3693 2204 3713 non
2218 3685 2310 3720 poiui-

1265 3734 1342 3761 mus,
1360 3723 1427 3753 Nos
1449 3721 1574 3759 praedirsti
1591 3719 1788 3750 Commissarii
1807 3719 1971 3750 differemus
1988 3721 2023 3752 ad
2036 3721 2227 3752 Sereniffimos
2243 3723 2310 3751 His-

1256 3766 1404 3801 paniarum
1422 3762 1516 3797 Regem
1539 3758 1577 3793 ό·
1597 3761 1725 3796 Reginam
1748 3758 1969 3788 Determinanda
1983 3781 1993 3797 ‚
2016 3760 2169 3791 secundi'im
2183 3760 2308 3789 formam

1264 3800 1469 3838 Compromiffi
1487 3798 1649 3833 Principum
1665 3796 1868 3834 praediCtorum
1884 3796 2043 3834 supradicto
2057 3798 2171 3828 Oratori
2189 3797 2221 3827 &
2235 3797 2308 3828 Am-

1265 3837 1404 3869 baffiatori
1415 3837 1472 3867 dati
1484 3838 1516 3867 &
1531 3835 1622 3864 dandi.

1301 3878 1347 3907 Ιτ
1357 3885 1374 3906 e
1386 3883 1414 3904 M
1425 3898 1434 3911 ,
1459 3874 1492 3904 ad
1514 3873 1648 3910 majorem
1666 3874 1700 3903 ὃς
1712 3871 1903 3904 efficaciorem
1919 3874 2095 3910 praesentium
2110 3872 2309 3904 Articulorum

1263 3915 1515 3949 observationem,
1533 3910 1720 3940 Conventum
1735 3912 1768 3941 &
1789 3910 1963 3941 Conclusum
1981 3910 2021 3940 est
2034 3910 2112 3948 quod
2130 3910 2312 3942 Venerabiles

1262 3958 1295 3986 ἃ
1315 3952 1440 3982 Discreti
1461 3950 1521 3980 Viri
1533 3948 1671 3986 praesentis
1684 3949 1836 3980 Trat‘htsis
1851 3949 2068 3980 Coniervatoies
2080 3950 2264 3981 nominentur
2276 3951 2311 3983 &

1259 3993 1296 4022 de
1315 3999 1440 4021 utentur·
1462 3990 1518 4018 viz.

1297 4001 1360 4059 lPro
1372 4013 1451 4056 Pari'e
1464 4023 1634 4056 Illustriffimi
1647 4027 1724 4064 Regis
1737 4024 1848 4062 Angliae
1856 4046 1867 4062 ‚

1303 4064 1465 4096 Reverendi
1479 4064 1588 4101 Patres,

1301 4103 1431 4135 Ricardus
1445 4100 1570 4133 Dunolm.

1747 4137 1794 4176 Q
2196 4135 2316 4168 Williel-

1601 319 1645 350 vel
1656 319 1807 364 'Favorem
1826 320 1904 366 dabit
1929 324 2120 363 quovismodo
2140 329 2261 359 notoriis
2280 327 2355 360 Ann.
2369 330 2413 363 D.'

1569 358 1603 387 &
1619 357 1744 402 Inimicis
1759 360 1916 405 alterius-‘ad
1935 365 2101 395 nocendum
2119 365 2194 396 alteri
2209 377 2260 397 eo-
2300 370 2385 407 1498,

1545 404 1573 423 m
1596 394 1703 463 Rssi’nff
1720 419 1730 434 ‚
1754 397 1900 429 Dominus
1914 423 1923 438 ,
1946 401 2042 431 Terris
2054 412 2100 433 aut
2116 403 2259 444 Subdirisi,
2282 412 2343 439 Heri,
2365 419 2390 444 7.

2358 2973 2427 3001 xri.
2453 2979 2460 3014 i
