<?xml version="1.0" encoding="UTF-8"?>
<!DOCTYPE html PUBLIC "-//W3C//DTD XHTML 1.0 Transitional//EN"
    "http://www.w3.org/TR/xhtml1/DTD/xhtml1-transitional.dtd">
<html xmlns="http://www.w3.org/1999/xhtml" xml:lang="en" lang="en">
 <head>
  <title>
</title>
<meta http-equiv="Content-Type" content="text/html;charset=utf-8" />
  <meta name='ocr-system' content='tesseract 3.04.00' />
  <meta name='ocr-capabilities' content='ocr_page ocr_carea ocr_par ocr_line ocrx_word'/>
</head>
<body>
  <div class='ocr_page' id='page_1' title='image "./fderaconventione05ryme/fderaconventione05ryme_0568.png"; bbox 0 0 2555 4266; ppageno 0'>
   <div class='ocr_carea' id='block_1_1' title="bbox 119 178 254 258">
    <p class='ocr_par' dir='ltr' id='par_1_1' title="bbox 119 178 254 258">
     <span class='ocr_line' id='line_1_1' title="bbox 119 178 254 211; baseline -0.022 -1"><span class='ocrx_word' id='word_1_1' title='bbox 119 180 198 211; x_wconf 75' lang='lat' dir='ltr'>Ann.</span> <span class='ocrx_word' id='word_1_2' title='bbox 214 178 254 208; x_wconf 89' lang='lat' dir='ltr'>D.</span> 
     </span>
     <span class='ocr_line' id='line_1_2' title="bbox 152 219 237 258; baseline -0.012 -10"><span class='ocrx_word' id='word_1_3' title='bbox 152 219 237 258; x_wconf 71' lang='lat'>1484.</span> 
     </span>
    </p>
   </div>
   <div class='ocr_carea' id='block_1_2' title="bbox 121 262 221 294">
    <p class='ocr_par' dir='ltr' id='par_1_2' title="bbox 121 262 221 294">
     <span class='ocr_line' id='line_1_3' title="bbox 121 262 221 294; baseline -0.01 -8"><span class='ocrx_word' id='word_1_4' title='bbox 121 262 175 286; x_wconf 64' lang='lat' dir='ltr'>mc.</span> <span class='ocrx_word' id='word_1_5' title='bbox 196 267 221 294; x_wconf 82' lang='lat'>3.</span> 
     </span>
    </p>
   </div>
   <div class='ocr_carea' id='block_1_3' title="bbox 119 2371 235 2445">
    <p class='ocr_par' dir='ltr' id='par_1_3' title="bbox 119 2371 235 2445">
     <span class='ocr_line' id='line_1_4' title="bbox 119 2371 235 2399; baseline 0.009 -1"><span class='ocrx_word' id='word_1_6' title='bbox 119 2371 139 2390; x_wconf 74' lang='lat'><em>*</em></span> <span class='ocrx_word' id='word_1_7' title='bbox 165 2372 235 2399; x_wconf 80' lang='lat' dir='ltr'><strong>XII.</strong></span> 
     </span>
     <span class='ocr_line' id='line_1_5' title="bbox 126 2419 191 2445; baseline 0.015 -8"><span class='ocrx_word' id='word_1_8' title='bbox 126 2419 191 2445; x_wconf 83' lang='lat'>240.</span> 
     </span>
    </p>
   </div>
   <div class='ocr_carea' id='block_1_4' title="bbox 274 106 348 143">
    <p class='ocr_par' dir='ltr' id='par_1_4' title="bbox 274 106 348 143">
     <span class='ocr_line' id='line_1_6' title="bbox 274 106 348 143; baseline 0 -9"><span class='ocrx_word' id='word_1_9' title='bbox 274 106 348 143; x_wconf 80' lang='lat'>152</span> 
     </span>
    </p>
   </div>
   <div class='ocr_carea' id='block_1_5' title="bbox 265 167 1340 1601">
    <p class='ocr_par' dir='ltr' id='par_1_5' title="bbox 265 167 1335 365">
     <span class='ocr_line' id='line_1_7' title="bbox 272 167 1331 208; baseline -0.012 1"><span class='ocrx_word' id='word_1_10' title='bbox 272 177 483 208; x_wconf 65' lang='lat' dir='ltr'>rationzbilibus</span> <span class='ocrx_word' id='word_1_11' title='bbox 503 173 582 204; x_wconf 64' lang='lat' dir='ltr'>raetis</span> <span class='ocrx_word' id='word_1_12' title='bbox 602 173 679 203; x_wconf 86' lang='lat' dir='ltr'>circa</span> <span class='ocrx_word' id='word_1_13' title='bbox 695 170 911 202; x_wconf 67' lang='lat' dir='ltr'>Collee&#39;iionem</span> <span class='ocrx_word' id='word_1_14' title='bbox 926 172 959 203; x_wconf 92' lang='lat'>&amp;</span> <span class='ocrx_word' id='word_1_15' title='bbox 973 169 1164 201; x_wconf 86' lang='lat' dir='ltr'>Salvationem</span> <span class='ocrx_word' id='word_1_16' title='bbox 1182 167 1331 198; x_wconf 82' lang='lat' dir='ltr'>Bonorum</span> 
     </span>
     <span class='ocr_line' id='line_1_8' title="bbox 273 204 1335 250; baseline -0.012 -3"><span class='ocrx_word' id='word_1_17' title='bbox 273 218 462 250; x_wconf 68' lang='lat' dir='ltr'>eorumde2n;</span> <span class='ocrx_word' id='word_1_18' title='bbox 480 212 599 244; x_wconf 86' lang='lat' dir='ltr'>Proviso</span> <span class='ocrx_word' id='word_1_19' title='bbox 620 212 728 248; x_wconf 84' lang='lat' dir='ltr'>semper</span> <span class='ocrx_word' id='word_1_20' title='bbox 749 210 830 248; x_wconf 80' lang='lat' dir='ltr'>quod</span> <span class='ocrx_word' id='word_1_21' title='bbox 846 210 969 240; x_wconf 83' lang='lat' dir='ltr'>Persona</span> <span class='ocrx_word' id='word_1_22' title='bbox 984 210 1032 239; x_wconf 88' lang='lat' dir='ltr'>vel</span> <span class='ocrx_word' id='word_1_23' title='bbox 1046 208 1174 238; x_wconf 72' lang='lat' dir='ltr'>Personae</span> <span class='ocrx_word' id='word_1_24' title='bbox 1191 204 1335 247; x_wconf 38' lang='lat' dir='ltr'>Superi-tes</span> 
     </span>
     <span class='ocr_line' id='line_1_9' title="bbox 271 243 1331 291; baseline -0.012 -5"><span class='ocrx_word' id='word_1_25' title='bbox 271 256 318 287; x_wconf 84' lang='lat' dir='ltr'>vel</span> <span class='ocrx_word' id='word_1_26' title='bbox 341 253 508 291; x_wconf 67' lang='lat' dir='ltr'>Superstites</span> <span class='ocrx_word' id='word_1_27' title='bbox 534 259 568 280; x_wconf 80' lang='lat' dir='ltr'>ex</span> <span class='ocrx_word' id='word_1_28' title='bbox 591 250 689 279; x_wconf 89' lang='lat' dir='ltr'>eadem</span> <span class='ocrx_word' id='word_1_29' title='bbox 710 249 800 279; x_wconf 89' lang='lat' dir='ltr'>Nave</span> <span class='ocrx_word' id='word_1_30' title='bbox 820 248 855 278; x_wconf 89' lang='lat' dir='ltr'>ad</span> <span class='ocrx_word' id='word_1_31' title='bbox 868 248 994 278; x_wconf 80' lang='lat' dir='ltr'>Terram</span> <span class='ocrx_word' id='word_1_32' title='bbox 1010 248 1173 283; x_wconf 74' lang='lat' dir='ltr'>venientes,</span> <span class='ocrx_word' id='word_1_33' title='bbox 1188 245 1222 275; x_wconf 89' lang='lat' dir='ltr'>ad</span> <span class='ocrx_word' id='word_1_34' title='bbox 1238 243 1331 287; x_wconf 69' lang='lat' dir='ltr'>statim</span> 
     </span>
     <span class='ocr_line' id='line_1_10' title="bbox 265 282 1330 333; baseline -0.011 -9"><span class='ocrx_word' id='word_1_35' title='bbox 265 295 345 333; x_wconf 70' lang='lat' dir='ltr'>juitta</span> <span class='ocrx_word' id='word_1_36' title='bbox 364 293 514 323; x_wconf 72' lang='lat' dir='ltr'>Tenorem</span> <span class='ocrx_word' id='word_1_37' title='bbox 537 290 571 321; x_wconf 79' lang='grc' dir='ltr'>δε</span> <span class='ocrx_word' id='word_1_38' title='bbox 597 287 745 319; x_wconf 63' lang='lat' dir='ltr'>Effeftum</span> <span class='ocrx_word' id='word_1_39' title='bbox 769 287 949 325; x_wconf 75' lang='lat' dir='ltr'>praesentium</span> <span class='ocrx_word' id='word_1_40' title='bbox 972 285 1219 316; x_wconf 87' lang='lat' dir='ltr'>Abstinentiarum</span> <span class='ocrx_word' id='word_1_41' title='bbox 1241 282 1330 312; x_wconf 72' lang='lat' dir='ltr'>libere</span> 
     </span>
     <span class='ocr_line' id='line_1_11' title="bbox 270 333 1323 365; baseline -0.015 -2"><span class='ocrx_word' id='word_1_42' title='bbox 270 333 455 364; x_wconf 84' lang='lat' dir='ltr'>dimittantur.</span> <span class='ocrx_word' id='word_1_43' title='bbox 1228 360 1232 365; x_wconf 37' lang='grc'><em>“</em></span> <span class='ocrx_word' id='word_1_44' title='bbox 1307 358 1323 362; x_wconf 88' lang='lat'>..</span> 
     </span>
    </p>

    <p class='ocr_par' dir='ltr' id='par_1_6' title="bbox 271 359 1340 905">
     <span class='ocr_line' id='line_1_12' title="bbox 308 359 1337 403; baseline -0.012 -4"><span class='ocrx_word' id='word_1_45' title='bbox 308 371 411 400; x_wconf 33' lang='lat' dir='ltr'>iren,</span> <span class='ocrx_word' id='word_1_46' title='bbox 433 366 611 398; x_wconf 85' lang='lat' dir='ltr'>Conclusum</span> <span class='ocrx_word' id='word_1_47' title='bbox 631 364 690 403; x_wconf 81' lang='lat' dir='ltr'>est,</span> <span class='ocrx_word' id='word_1_48' title='bbox 708 363 788 402; x_wconf 80' lang='lat' dir='ltr'>quod</span> <span class='ocrx_word' id='word_1_49' title='bbox 824 363 843 394; x_wconf 88' lang='lat' dir='ltr'>fi</span> <span class='ocrx_word' id='word_1_50' title='bbox 861 363 945 393; x_wconf 69' lang='lat' dir='ltr'>dietis</span> <span class='ocrx_word' id='word_1_51' title='bbox 964 362 1138 393; x_wconf 79' lang='lat' dir='ltr'>Guerrarum</span> <span class='ocrx_word' id='word_1_52' title='bbox 1152 359 1337 391; x_wconf 83' lang='lat' dir='ltr'>Abstinentiis</span> 
     </span>
     <span class='ocr_line' id='line_1_13' title="bbox 271 388 1335 445; baseline -0.009 -7"><span class='ocrx_word' id='word_1_53' title='bbox 271 399 452 445; x_wconf 66' lang='lat' dir='ltr'>durantib&#39;is,</span> <span class='ocrx_word' id='word_1_54' title='bbox 469 406 559 443; x_wconf 80' lang='lat' dir='ltr'>aliqua</span> <span class='ocrx_word' id='word_1_55' title='bbox 577 404 671 434; x_wconf 63' lang='lat' dir='ltr'>Navis</span> <span class='ocrx_word' id='word_1_56' title='bbox 685 405 766 434; x_wconf 87' lang='lat' dir='ltr'>unius</span> <span class='ocrx_word' id='word_1_57' title='bbox 785 388 872 433; x_wconf 75' lang='lat' dir='ltr'>Partis</span> <span class='ocrx_word' id='word_1_58' title='bbox 889 402 936 433; x_wconf 92' lang='lat' dir='ltr'>vel</span> <span class='ocrx_word' id='word_1_59' title='bbox 952 402 1060 432; x_wconf 88' lang='lat' dir='ltr'>alterius</span> <span class='ocrx_word' id='word_1_60' title='bbox 1075 424 1087 444; x_wconf 54' lang='grc' dir='ltr'>Σ</span> <span class='ocrx_word' id='word_1_61' title='bbox 1104 400 1230 430; x_wconf 79' lang='lat' dir='ltr'>Personis</span> <span class='ocrx_word' id='word_1_62' title='bbox 1246 420 1256 441; x_wconf 81' lang='lat'>.’</span> <span class='ocrx_word' id='word_1_63' title='bbox 1275 396 1335 425; x_wconf 83' lang='lat' dir='ltr'>Re-</span> 
     </span>
     <span class='ocr_line' id='line_1_14' title="bbox 272 435 1335 484; baseline -0.013 -7"><span class='ocrx_word' id='word_1_64' title='bbox 272 449 341 484; x_wconf 72' lang='lat' dir='ltr'>biis,</span> <span class='ocrx_word' id='word_1_65' title='bbox 361 445 565 481; x_wconf 72' lang='lat' dir='ltr'>Mercandiiis,</span> <span class='ocrx_word' id='word_1_66' title='bbox 580 453 625 472; x_wconf 87' lang='lat' dir='ltr'>aut</span> <span class='ocrx_word' id='word_1_67' title='bbox 645 441 730 472; x_wconf 87' lang='lat' dir='ltr'>Bonis</span> <span class='ocrx_word' id='word_1_68' title='bbox 747 441 848 472; x_wconf 81' lang='lat' dir='ltr'>onusta</span> <span class='ocrx_word' id='word_1_69' title='bbox 867 441 924 472; x_wconf 87' lang='lat' dir='ltr'>sive</span> <span class='ocrx_word' id='word_1_70' title='bbox 941 450 1022 478; x_wconf 88' lang='lat' dir='ltr'>rupta</span> <span class='ocrx_word' id='word_1_71' title='bbox 1035 463 1044 476; x_wconf 85' lang='lat'>,</span> <span class='ocrx_word' id='word_1_72' title='bbox 1069 442 1127 469; x_wconf 82' lang='lat' dir='ltr'>iive</span> <span class='ocrx_word' id='word_1_73' title='bbox 1142 448 1194 476; x_wconf 87' lang='lat' dir='ltr'>pro</span> <span class='ocrx_word' id='word_1_74' title='bbox 1214 435 1335 478; x_wconf 65' lang='lat' dir='ltr'>Vtetua-</span> 
     </span>
     <span class='ocr_line' id='line_1_15' title="bbox 272 474 1336 520; baseline -0.011 -6"><span class='ocrx_word' id='word_1_75' title='bbox 272 486 346 515; x_wconf 76' lang='lat' dir='ltr'>libus</span> <span class='ocrx_word' id='word_1_76' title='bbox 371 485 407 514; x_wconf 84' lang='lat' dir='ltr'>de</span> <span class='ocrx_word' id='word_1_77' title='bbox 433 482 653 514; x_wconf 84' lang='lat' dir='ltr'>Neceffitatibus</span> <span class='ocrx_word' id='word_1_78' title='bbox 679 481 716 510; x_wconf 89' lang='lat' dir='ltr'>eis</span> <span class='ocrx_word' id='word_1_79' title='bbox 737 481 767 510; x_wconf 90' lang='lat' dir='ltr'>in</span> <span class='ocrx_word' id='word_1_80' title='bbox 794 479 878 510; x_wconf 83' lang='lat' dir='ltr'>Mare</span> <span class='ocrx_word' id='word_1_81' title='bbox 897 474 1311 520; x_wconf 20' lang='lat' dir='ltr'>supervenientibustmendis</span> <span class='ocrx_word' id='word_1_82' title='bbox 1326 494 1336 509; x_wconf 93' lang='lat'>,</span> 
     </span>
     <span class='ocr_line' id='line_1_16' title="bbox 272 512 1335 560; baseline -0.014 -6"><span class='ocrx_word' id='word_1_83' title='bbox 272 524 437 560; x_wconf 83' lang='lat' dir='ltr'>applicuerit</span> <span class='ocrx_word' id='word_1_84' title='bbox 456 522 486 552; x_wconf 90' lang='lat' dir='ltr'>in</span> <span class='ocrx_word' id='word_1_85' title='bbox 504 521 629 558; x_wconf 73' lang='lat' dir='ltr'>aliquem</span> <span class='ocrx_word' id='word_1_86' title='bbox 646 519 767 549; x_wconf 89' lang='lat' dir='ltr'>Portum</span> <span class='ocrx_word' id='word_1_87' title='bbox 782 520 828 549; x_wconf 91' lang='lat' dir='ltr'>vel</span> <span class='ocrx_word' id='word_1_88' title='bbox 847 518 964 549; x_wconf 91' lang='lat' dir='ltr'>Locum</span> <span class='ocrx_word' id='word_1_89' title='bbox 979 518 1064 547; x_wconf 91' lang='lat' dir='ltr'>alium</span> <span class='ocrx_word' id='word_1_90' title='bbox 1080 516 1194 556; x_wconf 41' lang='lat' dir='ltr'>alicuj-us</span> <span class='ocrx_word' id='word_1_91' title='bbox 1210 512 1335 541; x_wconf 89' lang='lat' dir='ltr'>Partium</span> 
     </span>
     <span class='ocr_line' id='line_1_17' title="bbox 271 549 1338 601; baseline -0.014 -9"><span class='ocrx_word' id='word_1_92' title='bbox 271 562 487 601; x_wconf 67' lang='lat' dir='ltr'>praedictarum,</span> <span class='ocrx_word' id='word_1_93' title='bbox 505 570 558 600; x_wconf 83' lang='lat' dir='ltr'>pro</span> <span class='ocrx_word' id='word_1_94' title='bbox 575 558 631 597; x_wconf 78' lang='lat' dir='ltr'>qua</span> <span class='ocrx_word' id='word_1_95' title='bbox 649 557 822 588; x_wconf 70' lang='lat' dir='ltr'>Refefflone</span> <span class='ocrx_word' id='word_1_96' title='bbox 840 556 960 587; x_wconf 89' lang='lat' dir='ltr'>Navem</span> <span class='ocrx_word' id='word_1_97' title='bbox 978 555 1079 593; x_wconf 86' lang='lat' dir='ltr'>ipsam,</span> <span class='ocrx_word' id='word_1_98' title='bbox 1095 549 1338 587; x_wconf 84' lang='lat' dir='ltr'>Perlonas,Mer-</span> 
     </span>
     <span class='ocr_line' id='line_1_18' title="bbox 273 586 1338 637; baseline -0.015 -5"><span class='ocrx_word' id='word_1_99' title='bbox 273 611 321 632; x_wconf 87' lang='lat' dir='ltr'>ces</span> <span class='ocrx_word' id='word_1_100' title='bbox 337 624 346 636; x_wconf 67' lang='grc'>,</span> <span class='ocrx_word' id='word_1_101' title='bbox 371 601 430 631; x_wconf 85' lang='lat' dir='ltr'>Res</span> <span class='ocrx_word' id='word_1_102' title='bbox 444 623 453 637; x_wconf 84' lang='lat'>‚</span> <span class='ocrx_word' id='word_1_103' title='bbox 478 600 511 630; x_wconf 65' lang='grc' dir='ltr'>ὃς</span> <span class='ocrx_word' id='word_1_104' title='bbox 541 597 618 628; x_wconf 85' lang='lat' dir='ltr'>Bona</span> <span class='ocrx_word' id='word_1_105' title='bbox 636 605 769 627; x_wconf 88' lang='lat' dir='ltr'>contenta</span> <span class='ocrx_word' id='word_1_106' title='bbox 788 598 816 626; x_wconf 89' lang='lat' dir='ltr'>in</span> <span class='ocrx_word' id='word_1_107' title='bbox 835 596 934 626; x_wconf 75' lang='lat' dir='ltr'>eadem</span> <span class='ocrx_word' id='word_1_108' title='bbox 952 600 1082 630; x_wconf 79' lang='lat' dir='ltr'>oporteat</span> <span class='ocrx_word' id='word_1_109' title='bbox 1096 592 1130 622; x_wconf 88' lang='lat' dir='ltr'>ad</span> <span class='ocrx_word' id='word_1_110' title='bbox 1148 591 1270 620; x_wconf 84' lang='lat' dir='ltr'>Terram</span> <span class='ocrx_word' id='word_1_111' title='bbox 1285 586 1338 630; x_wconf 29' lang='lat' dir='ltr'>&#39;de-</span> 
     </span>
     <span class='ocr_line' id='line_1_19' title="bbox 271 627 1338 678; baseline -0.016 -7"><span class='ocrx_word' id='word_1_112' title='bbox 271 641 367 678; x_wconf 87' lang='lat' dir='ltr'>poni,</span> <span class='ocrx_word' id='word_1_113' title='bbox 386 638 467 678; x_wconf 79' lang='lat' dir='ltr'>quod</span> <span class='ocrx_word' id='word_1_114' title='bbox 485 640 513 668; x_wconf 88' lang='lat' dir='ltr'>in</span> <span class='ocrx_word' id='word_1_115' title='bbox 530 638 589 667; x_wconf 89' lang='lat' dir='ltr'>hoc</span> <span class='ocrx_word' id='word_1_116' title='bbox 612 635 675 666; x_wconf 86' lang='lat' dir='ltr'>casu</span> <span class='ocrx_word' id='word_1_117' title='bbox 694 635 826 665; x_wconf 66' lang='lat' dir='ltr'>Personae</span> <span class='ocrx_word' id='word_1_118' title='bbox 840 656 850 671; x_wconf 90' lang='lat'>,</span> <span class='ocrx_word' id='word_1_119' title='bbox 872 633 987 663; x_wconf 78' lang='lat' dir='ltr'><strong>Merces</strong></span> <span class='ocrx_word' id='word_1_120' title='bbox 1003 654 1013 669; x_wconf 88' lang='lat'>,</span> <span class='ocrx_word' id='word_1_121' title='bbox 1030 630 1091 660; x_wconf 90' lang='lat' dir='ltr'>Res</span> <span class='ocrx_word' id='word_1_122' title='bbox 1105 652 1114 668; x_wconf 83' lang='lat'>,</span> <span class='ocrx_word' id='word_1_123' title='bbox 1133 630 1166 660; x_wconf 62' lang='grc' dir='ltr'>ὃς</span> <span class='ocrx_word' id='word_1_124' title='bbox 1185 627 1263 658; x_wconf 90' lang='lat' dir='ltr'>Bona</span> <span class='ocrx_word' id='word_1_125' title='bbox 1282 629 1338 668; x_wconf 75' lang='lat' dir='ltr'>ipla</span> 
     </span>
     <span class='ocr_line' id='line_1_20' title="bbox 272 666 1338 716; baseline -0.016 -7"><span class='ocrx_word' id='word_1_126' title='bbox 272 680 312 709; x_wconf 82' lang='lat' dir='ltr'>iic</span> <span class='ocrx_word' id='word_1_127' title='bbox 327 678 450 716; x_wconf 84' lang='lat' dir='ltr'>depolita</span> <span class='ocrx_word' id='word_1_128' title='bbox 466 701 476 715; x_wconf 84' lang='lat'>‚</span> <span class='ocrx_word' id='word_1_129' title='bbox 495 676 598 713; x_wconf 80' lang='lat' dir='ltr'>abique</span> <span class='ocrx_word' id='word_1_130' title='bbox 616 673 831 712; x_wconf 84' lang='lat' dir='ltr'>Impedimento</span> <span class='ocrx_word' id='word_1_131' title='bbox 846 674 879 704; x_wconf 68' lang='grc' dir='ltr'>ὃς</span> <span class='ocrx_word' id='word_1_132' title='bbox 897 672 953 701; x_wconf 78' lang='lat' dir='ltr'>line</span> <span class='ocrx_word' id='word_1_133' title='bbox 971 670 1120 700; x_wconf 87' lang='lat' dir='ltr'>Solutione</span> <span class='ocrx_word' id='word_1_134' title='bbox 1139 666 1290 697; x_wconf 84' lang='lat' dir='ltr'>Custumae</span> <span class='ocrx_word' id='word_1_135' title='bbox 1308 673 1338 706; x_wconf 81' lang='lat' dir='ltr'>in</span> 
     </span>
     <span class='ocr_line' id='line_1_21' title="bbox 272 702 1338 751; baseline -0.016 -3"><span class='ocrx_word' id='word_1_136' title='bbox 272 717 372 748; x_wconf 84' lang='lat' dir='ltr'>eadem</span> <span class='ocrx_word' id='word_1_137' title='bbox 392 716 475 747; x_wconf 89' lang='lat' dir='ltr'>Navi</span> <span class='ocrx_word' id='word_1_138' title='bbox 489 724 559 746; x_wconf 87' lang='lat' dir='ltr'>cum</span> <span class='ocrx_word' id='word_1_139' title='bbox 580 713 702 743; x_wconf 57' lang='lat' dir='ltr'>Reieista</span> <span class='ocrx_word' id='word_1_140' title='bbox 721 712 826 750; x_wconf 87' lang='lat' dir='ltr'>fuerit,</span> <span class='ocrx_word' id='word_1_141' title='bbox 853 710 899 740; x_wconf 89' lang='lat' dir='ltr'>vel</span> <span class='ocrx_word' id='word_1_142' title='bbox 915 712 944 739; x_wconf 91' lang='lat' dir='ltr'>in</span> <span class='ocrx_word' id='word_1_143' title='bbox 963 710 1045 738; x_wconf 80' lang='lat' dir='ltr'>:iliam</span> <span class='ocrx_word' id='word_1_144' title='bbox 1064 714 1236 751; x_wconf 76' lang='lat' dir='ltr'>reponantur</span> <span class='ocrx_word' id='word_1_145' title='bbox 1253 704 1285 733; x_wconf 88' lang='lat'>&amp;</span> <span class='ocrx_word' id='word_1_146' title='bbox 1304 702 1338 730; x_wconf 89' lang='lat' dir='ltr'>li—</span> 
     </span>
     <span class='ocr_line' id='line_1_22' title="bbox 273 741 1336 789; baseline -0.016 -2"><span class='ocrx_word' id='word_1_147' title='bbox 273 757 343 786; x_wconf 77' lang='lat' dir='ltr'>bere</span> <span class='ocrx_word' id='word_1_148' title='bbox 362 755 560 789; x_wconf 73' lang='lat' dir='ltr'>abducanturz,</span> <span class='ocrx_word' id='word_1_149' title='bbox 588 751 705 782; x_wconf 71' lang='lat' dir='ltr'>Proviso</span> <span class='ocrx_word' id='word_1_150' title='bbox 723 759 820 781; x_wconf 85' lang='lat' dir='ltr'>tamen</span> <span class='ocrx_word' id='word_1_151' title='bbox 839 748 918 784; x_wconf 82' lang='lat' dir='ltr'>quod</span> <span class='ocrx_word' id='word_1_152' title='bbox 939 758 992 786; x_wconf 90' lang='lat' dir='ltr'>pro</span> <span class='ocrx_word' id='word_1_153' title='bbox 1013 745 1159 788; x_wconf 79' lang='lat' dir='ltr'>Mercibus</span> <span class='ocrx_word' id='word_1_154' title='bbox 1177 767 1187 782; x_wconf 83' lang='lat'>‚</span> <span class='ocrx_word' id='word_1_155' title='bbox 1212 741 1311 786; x_wconf 77' lang='lat' dir='ltr'>Rebus</span> <span class='ocrx_word' id='word_1_156' title='bbox 1327 762 1336 777; x_wconf 86' lang='lat'>‚</span> 
     </span>
     <span class='ocr_line' id='line_1_23' title="bbox 274 779 1337 826; baseline -0.016 0"><span class='ocrx_word' id='word_1_157' title='bbox 274 793 361 825; x_wconf 88' lang='lat' dir='ltr'>Bonis</span> <span class='ocrx_word' id='word_1_158' title='bbox 397 794 430 824; x_wconf 75' lang='grc' dir='ltr'>δε</span> <span class='ocrx_word' id='word_1_159' title='bbox 449 790 633 824; x_wconf 81' lang='lat' dir='ltr'>Mercandisis</span> <span class='ocrx_word' id='word_1_160' title='bbox 652 789 760 818; x_wconf 82' lang='lat' dir='ltr'>ibidem</span> <span class='ocrx_word' id='word_1_161' title='bbox 779 798 832 826; x_wconf 83' lang='lat' dir='ltr'>pro</span> <span class='ocrx_word' id='word_1_162' title='bbox 848 786 987 816; x_wconf 78' lang='lat' dir='ltr'>Emenciis</span> <span class='ocrx_word' id='word_1_163' title='bbox 1007 784 1184 814; x_wconf 63' lang='lat' dir='ltr'>Viemalibus</span> <span class='ocrx_word' id='word_1_164' title='bbox 1209 791 1248 811; x_wconf 85' lang='lat' dir='ltr'>eis</span> <span class='ocrx_word' id='word_1_165' title='bbox 1270 779 1337 808; x_wconf 90' lang='lat' dir='ltr'>Ne-</span> 
     </span>
     <span class='ocr_line' id='line_1_24' title="bbox 273 818 1340 871; baseline -0.015 -8"><span class='ocrx_word' id='word_1_166' title='bbox 273 818 393 864; x_wconf 65' lang='lat' dir='ltr'>ceiiari’is</span> <span class='ocrx_word' id='word_1_167' title='bbox 410 842 462 871; x_wconf 79' lang='lat' dir='ltr'>pto</span> <span class='ocrx_word' id='word_1_168' title='bbox 480 831 618 861; x_wconf 86' lang='lat' dir='ltr'>Numero</span> <span class='ocrx_word' id='word_1_169' title='bbox 638 826 824 857; x_wconf 65' lang='lat' dir='ltr'>Personarum</span> <span class='ocrx_word' id='word_1_170' title='bbox 844 825 966 866; x_wconf 60' lang='lat' dir='ltr'>venditis</span> <span class='ocrx_word' id='word_1_171' title='bbox 980 847 989 860; x_wconf 88' lang='lat'>,</span> <span class='ocrx_word' id='word_1_172' title='bbox 1015 822 1168 853; x_wconf 79' lang='lat' dir='ltr'>Custumae</span> <span class='ocrx_word' id='word_1_173' title='bbox 1186 820 1219 850; x_wconf 91' lang='lat'>&amp;</span> <span class='ocrx_word' id='word_1_174' title='bbox 1239 826 1340 849; x_wconf 82' lang='lat' dir='ltr'>caetera</span> 
     </span>
     <span class='ocr_line' id='line_1_25' title="bbox 274 862 1236 905; baseline -0.017 -2"><span class='ocrx_word' id='word_1_175' title='bbox 274 871 402 903; x_wconf 88' lang='lat' dir='ltr'>Deveria</span> <span class='ocrx_word' id='word_1_176' title='bbox 419 874 448 902; x_wconf 93' lang='lat' dir='ltr'>iri</span> <span class='ocrx_word' id='word_1_177' title='bbox 467 880 499 900; x_wconf 85' lang='lat' dir='ltr'>ea</span> <span class='ocrx_word' id='word_1_178' title='bbox 517 877 594 905; x_wconf 80' lang='lat' dir='ltr'>parte</span> <span class='ocrx_word' id='word_1_179' title='bbox 613 865 705 895; x_wconf 76' lang='lat' dir='ltr'>debita</span> <span class='ocrx_word' id='word_1_180' title='bbox 720 864 835 894; x_wconf 80' lang='lat' dir='ltr'>fideliter</span> <span class='ocrx_word' id='word_1_181' title='bbox 855 862 1056 900; x_wconf 72' lang='lat' dir='ltr'>pez-iolvmtur.</span> <span class='ocrx_word' id='word_1_182' title='bbox 1140 898 1145 903; x_wconf 25' lang='grc' dir='ltr'><strong>θ</strong></span> <span class='ocrx_word' id='word_1_183' title='bbox 1221 897 1236 902; x_wconf 94' lang='lat'>..</span> 
     </span>
    </p>

    <p class='ocr_par' dir='ltr' id='par_1_7' title="bbox 271 898 1340 1559">
     <span class='ocr_line' id='line_1_26' title="bbox 313 898 1338 947; baseline -0.016 -6"><span class='ocrx_word' id='word_1_184' title='bbox 313 910 419 947; x_wconf 66' lang='lat' dir='ltr'>tran,</span> <span class='ocrx_word' id='word_1_185' title='bbox 438 906 613 939; x_wconf 79' lang='lat' dir='ltr'>Conclul&#39;um</span> <span class='ocrx_word' id='word_1_186' title='bbox 633 904 692 939; x_wconf 72' lang='lat' dir='ltr'>est,</span> <span class='ocrx_word' id='word_1_187' title='bbox 711 903 808 940; x_wconf 66' lang='lat' dir='ltr'>quod,</span> <span class='ocrx_word' id='word_1_188' title='bbox 829 902 846 931; x_wconf 82' lang='lat' dir='ltr'>li</span> <span class='ocrx_word' id='word_1_189' title='bbox 866 901 1045 931; x_wconf 80' lang='lat' dir='ltr'>Guerrarum</span> <span class='ocrx_word' id='word_1_190' title='bbox 1064 898 1250 943; x_wconf 77' lang='lat' dir='ltr'>Abstinentns</span> <span class='ocrx_word' id='word_1_191' title='bbox 1264 905 1338 940; x_wconf 71' lang='lat' dir='ltr'>prae-</span> 
     </span>
     <span class='ocr_line' id='line_1_27' title="bbox 272 935 1338 980; baseline -0.015 -1"><span class='ocrx_word' id='word_1_192' title='bbox 272 949 321 980; x_wconf 62' lang='lat' dir='ltr'>dic</span> <span class='ocrx_word' id='word_1_193' title='bbox 337 952 355 978; x_wconf 77' lang='lat' dir='ltr'>is</span> <span class='ocrx_word' id='word_1_194' title='bbox 381 948 545 978; x_wconf 52' lang='lat' dir='ltr'>durantibus</span> <span class='ocrx_word' id='word_1_195' title='bbox 562 966 571 980; x_wconf 85' lang='lat'>,</span> <span class='ocrx_word' id='word_1_196' title='bbox 600 943 698 980; x_wconf 22' lang='lat' dir='ltr'>aliqviis</span> <span class='ocrx_word' id='word_1_197' title='bbox 722 941 908 971; x_wconf 79' lang='lat' dir='ltr'>Subditorum</span> <span class='ocrx_word' id='word_1_198' title='bbox 935 940 1016 969; x_wconf 92' lang='lat' dir='ltr'>unius</span> <span class='ocrx_word' id='word_1_199' title='bbox 1040 937 1128 967; x_wconf 88' lang='lat' dir='ltr'>Partis</span> <span class='ocrx_word' id='word_1_200' title='bbox 1151 937 1197 967; x_wconf 92' lang='lat' dir='ltr'>vel</span> <span class='ocrx_word' id='word_1_201' title='bbox 1226 935 1338 965; x_wconf 84' lang='lat' dir='ltr'>alterius</span> 
     </span>
     <span class='ocr_line' id='line_1_28' title="bbox 272 974 1338 1021; baseline -0.015 -3"><span class='ocrx_word' id='word_1_202' title='bbox 272 988 418 1018; x_wconf 64' lang='lat' dir='ltr'>contrabat</span> <span class='ocrx_word' id='word_1_203' title='bbox 433 985 479 1015; x_wconf 91' lang='lat' dir='ltr'>vel</span> <span class='ocrx_word' id='word_1_204' title='bbox 499 982 591 1021; x_wconf 80' lang='lat' dir='ltr'>quasi,</span> <span class='ocrx_word' id='word_1_205' title='bbox 609 982 753 1017; x_wconf 74' lang='lat' dir='ltr'>delinquat</span> <span class='ocrx_word' id='word_1_206' title='bbox 770 980 814 1009; x_wconf 91' lang='lat' dir='ltr'>vel</span> <span class='ocrx_word' id='word_1_207' title='bbox 834 978 907 1016; x_wconf 87' lang='lat' dir='ltr'>quasi</span> <span class='ocrx_word' id='word_1_208' title='bbox 925 977 996 1007; x_wconf 81' lang='lat' dir='ltr'>infra</span> <span class='ocrx_word' id='word_1_209' title='bbox 1020 977 1158 1013; x_wconf 89' lang='lat' dir='ltr'>Regnum</span> <span class='ocrx_word' id='word_1_210' title='bbox 1196 974 1338 1018; x_wconf 80' lang='lat' dir='ltr'>Terram,</span> 
     </span>
     <span class='ocr_line' id='line_1_29' title="bbox 273 998 1338 1057; baseline -0.015 0"><span class='ocrx_word' id='word_1_211' title='bbox 273 1027 332 1057; x_wconf 84' lang='lat' dir='ltr'>sive</span> <span class='ocrx_word' id='word_1_212' title='bbox 360 1024 537 1056; x_wconf 84' lang='lat' dir='ltr'>Dominium</span> <span class='ocrx_word' id='word_1_213' title='bbox 562 1021 643 1050; x_wconf 76' lang='lat' dir='ltr'>unius</span> <span class='ocrx_word' id='word_1_214' title='bbox 669 1018 757 1048; x_wconf 87' lang='lat' dir='ltr'>Partis</span> <span class='ocrx_word' id='word_1_215' title='bbox 782 1018 863 1055; x_wconf 86' lang='lat' dir='ltr'>cujus</span> <span class='ocrx_word' id='word_1_216' title='bbox 888 1015 1070 1046; x_wconf 85' lang='lat' dir='ltr'>Contrahens</span> <span class='ocrx_word' id='word_1_217' title='bbox 1089 1014 1136 1045; x_wconf 92' lang='lat' dir='ltr'>vel</span> <span class='ocrx_word' id='word_1_218' title='bbox 1154 998 1338 1057; x_wconf 63' lang='lat' dir='ltr'>Delinquens</span> 
     </span>
     <span class='ocr_line' id='line_1_30' title="bbox 272 1052 1337 1098; baseline -0.014 -3"><span class='ocrx_word' id='word_1_219' title='bbox 272 1064 315 1095; x_wconf 89' lang='lat' dir='ltr'>est</span> <span class='ocrx_word' id='word_1_220' title='bbox 332 1063 486 1098; x_wconf 71' lang='lat' dir='ltr'>sabditos,</span> <span class='ocrx_word' id='word_1_221' title='bbox 502 1062 534 1091; x_wconf 62' lang='grc' dir='ltr'>ἃ</span> <span class='ocrx_word' id='word_1_222' title='bbox 554 1067 659 1089; x_wconf 77' lang='lat' dir='ltr'>extunc</span> <span class='ocrx_word' id='word_1_223' title='bbox 678 1055 760 1087; x_wconf 59' lang='lat' dir='ltr'>causa</span> <span class='ocrx_word' id='word_1_224' title='bbox 778 1053 899 1086; x_wconf 83' lang='lat' dir='ltr'>evitandi</span> <span class='ocrx_word' id='word_1_225' title='bbox 913 1053 1057 1092; x_wconf 75' lang='lat' dir='ltr'>Justitiam</span> <span class='ocrx_word' id='word_1_226' title='bbox 1075 1053 1102 1082; x_wconf 92' lang='lat' dir='ltr'>se</span> <span class='ocrx_word' id='word_1_227' title='bbox 1117 1052 1279 1096; x_wconf 73' lang='lat' dir='ltr'>subtraxerit</span> <span class='ocrx_word' id='word_1_228' title='bbox 1303 1052 1337 1082; x_wconf 93' lang='lat'>&amp;</span> 
     </span>
     <span class='ocr_line' id='line_1_31' title="bbox 271 1090 1338 1135; baseline -0.013 -2"><span class='ocrx_word' id='word_1_229' title='bbox 271 1102 389 1133; x_wconf 61' lang='lat' dir='ltr'>effuant</span> <span class='ocrx_word' id='word_1_230' title='bbox 406 1102 435 1131; x_wconf 93' lang='lat' dir='ltr'>in</span> <span class='ocrx_word' id='word_1_231' title='bbox 455 1100 572 1130; x_wconf 82' lang='lat' dir='ltr'>Locum</span> <span class='ocrx_word' id='word_1_232' title='bbox 592 1105 794 1135; x_wconf 79' lang='lat' dir='ltr'>quemcunque</span> <span class='ocrx_word' id='word_1_233' title='bbox 812 1093 967 1124; x_wconf 76' lang='lat' dir='ltr'>Subditum</span> <span class='ocrx_word' id='word_1_234' title='bbox 988 1092 1042 1122; x_wconf 82' lang='lat' dir='ltr'>sive</span> <span class='ocrx_word' id='word_1_235' title='bbox 1061 1091 1234 1128; x_wconf 59' lang='lat' dir='ltr'>Subiectum</span> <span class='ocrx_word' id='word_1_236' title='bbox 1259 1090 1338 1120; x_wconf 89' lang='lat' dir='ltr'>alteri</span> 
     </span>
     <span class='ocr_line' id='line_1_32' title="bbox 271 1127 1338 1172; baseline -0.014 0"><span class='ocrx_word' id='word_1_237' title='bbox 271 1151 307 1172; x_wconf 78' lang='lat' dir='ltr'>eit</span> <span class='ocrx_word' id='word_1_238' title='bbox 330 1127 434 1170; x_wconf 62' lang='lat' dir='ltr'>{isdem</span> <span class='ocrx_word' id='word_1_239' title='bbox 461 1137 589 1167; x_wconf 74' lang='lat' dir='ltr'>Partibus</span> <span class='ocrx_word' id='word_1_240' title='bbox 615 1136 693 1172; x_wconf 69' lang='lat' dir='ltr'>cujus</span> <span class='ocrx_word' id='word_1_241' title='bbox 715 1134 849 1163; x_wconf 86' lang='lat' dir='ltr'>Subditus</span> <span class='ocrx_word' id='word_1_242' title='bbox 877 1141 936 1161; x_wconf 92' lang='lat' dir='ltr'>non</span> <span class='ocrx_word' id='word_1_243' title='bbox 953 1132 1100 1167; x_wconf 78' lang='lat' dir='ltr'>extiterat,</span> <span class='ocrx_word' id='word_1_244' title='bbox 1118 1130 1236 1160; x_wconf 90' lang='lat' dir='ltr'>&amp;illuc</span> <span class='ocrx_word' id='word_1_245' title='bbox 1252 1129 1338 1158; x_wconf 90' lang='lat' dir='ltr'>deve-</span> 
     </span>
     <span class='ocr_line' id='line_1_33' title="bbox 271 1166 1339 1211; baseline -0.013 -1"><span class='ocrx_word' id='word_1_246' title='bbox 271 1182 329 1211; x_wconf 89' lang='lat' dir='ltr'>niat</span> <span class='ocrx_word' id='word_1_247' title='bbox 349 1178 454 1209; x_wconf 81' lang='lat' dir='ltr'>Homo</span> <span class='ocrx_word' id='word_1_248' title='bbox 473 1177 580 1211; x_wconf 83' lang='lat' dir='ltr'>Ligeus</span> <span class='ocrx_word' id='word_1_249' title='bbox 599 1174 668 1203; x_wconf 83' lang='lat' dir='ltr'>illius</span> <span class='ocrx_word' id='word_1_250' title='bbox 684 1172 790 1210; x_wconf 56' lang='lat' dir='ltr'>Partis-5</span> <span class='ocrx_word' id='word_1_251' title='bbox 805 1170 1008 1202; x_wconf 83' lang='lat' dir='ltr'>nichilominus</span> <span class='ocrx_word' id='word_1_252' title='bbox 1025 1170 1211 1206; x_wconf 83' lang='lat' dir='ltr'>compelletur</span> <span class='ocrx_word' id='word_1_253' title='bbox 1229 1168 1263 1198; x_wconf 88' lang='lat' dir='ltr'>ad</span> <span class='ocrx_word' id='word_1_254' title='bbox 1279 1166 1339 1197; x_wconf 88' lang='lat' dir='ltr'>Re-</span> 
     </span>
     <span class='ocr_line' id='line_1_34' title="bbox 271 1205 1338 1251; baseline -0.013 -2"><span class='ocrx_word' id='word_1_255' title='bbox 271 1217 460 1251; x_wconf 81' lang='lat' dir='ltr'>vertendum,</span> <span class='ocrx_word' id='word_1_256' title='bbox 478 1216 511 1246; x_wconf 72' lang='grc' dir='ltr'>δε</span> <span class='ocrx_word' id='word_1_257' title='bbox 528 1212 780 1248; x_wconf 78' lang='lat' dir='ltr'>Satisfaciendum,</span> <span class='ocrx_word' id='word_1_258' title='bbox 799 1220 832 1240; x_wconf 81' lang='lat' dir='ltr'>ac</span> <span class='ocrx_word' id='word_1_259' title='bbox 851 1209 1037 1240; x_wconf 89' lang='lat' dir='ltr'>Subcundum</span> <span class='ocrx_word' id='word_1_260' title='bbox 1054 1207 1200 1245; x_wconf 79' lang='lat' dir='ltr'>justitiam</span> <span class='ocrx_word' id='word_1_261' title='bbox 1218 1207 1254 1237; x_wconf 89' lang='lat' dir='ltr'>de</span> <span class='ocrx_word' id='word_1_262' title='bbox 1273 1205 1338 1250; x_wconf 80' lang='lat' dir='ltr'>De-</span> 
     </span>
     <span class='ocr_line' id='line_1_35' title="bbox 272 1244 1339 1288; baseline -0.013 0"><span class='ocrx_word' id='word_1_263' title='bbox 272 1258 336 1288; x_wconf 89' lang='lat' dir='ltr'>bito</span> <span class='ocrx_word' id='word_1_264' title='bbox 356 1256 412 1286; x_wconf 80' lang='lat' dir='ltr'>{ive</span> <span class='ocrx_word' id='word_1_265' title='bbox 439 1253 556 1284; x_wconf 64' lang='lat' dir='ltr'>Delie-&#39;to</span> <span class='ocrx_word' id='word_1_266' title='bbox 581 1252 630 1281; x_wconf 69' lang='lat' dir='ltr'>fiio</span> <span class='ocrx_word' id='word_1_267' title='bbox 657 1249 818 1288; x_wconf 67' lang='lat' dir='ltr'>hujusmodi</span> <span class='ocrx_word' id='word_1_268' title='bbox 841 1257 942 1279; x_wconf 87' lang='lat' dir='ltr'>coram</span> <span class='ocrx_word' id='word_1_269' title='bbox 961 1246 1219 1277; x_wconf 86' lang='lat' dir='ltr'>Conservatoribus</span> <span class='ocrx_word' id='word_1_270' title='bbox 1238 1244 1339 1276; x_wconf 89' lang='lat' dir='ltr'>Absti-</span> 
     </span>
     <span class='ocr_line' id='line_1_36' title="bbox 271 1284 1339 1329; baseline -0.012 -3"><span class='ocrx_word' id='word_1_271' title='bbox 271 1297 431 1327; x_wconf 81' lang='lat' dir='ltr'>nentiarurn</span> <span class='ocrx_word' id='word_1_272' title='bbox 449 1290 585 1327; x_wconf 76' lang='lat' dir='ltr'>imusque</span> <span class='ocrx_word' id='word_1_273' title='bbox 604 1289 690 1319; x_wconf 80' lang='lat' dir='ltr'>Partis</span> <span class='ocrx_word' id='word_1_274' title='bbox 704 1311 714 1326; x_wconf 89' lang='lat'>,</span> <span class='ocrx_word' id='word_1_275' title='bbox 738 1288 794 1318; x_wconf 84' lang='lat' dir='ltr'>sive</span> <span class='ocrx_word' id='word_1_276' title='bbox 812 1297 914 1318; x_wconf 90' lang='lat' dir='ltr'>eorum</span> <span class='ocrx_word' id='word_1_277' title='bbox 935 1286 1086 1324; x_wconf 82' lang='lat' dir='ltr'>Deputatis</span> <span class='ocrx_word' id='word_1_278' title='bbox 1099 1309 1109 1323; x_wconf 83' lang='lat'>‚</span> <span class='ocrx_word' id='word_1_279' title='bbox 1136 1285 1218 1329; x_wconf 82' lang='lat' dir='ltr'>aeque</span> <span class='ocrx_word' id='word_1_280' title='bbox 1238 1293 1269 1315; x_wconf 88' lang='lat' dir='ltr'>ut</span> <span class='ocrx_word' id='word_1_281' title='bbox 1288 1284 1339 1328; x_wconf 82' lang='lat' dir='ltr'>Sa-</span> 
     </span>
     <span class='ocr_line' id='line_1_37' title="bbox 272 1323 1339 1365; baseline -0.01 -1"><span class='ocrx_word' id='word_1_282' title='bbox 272 1334 428 1365; x_wconf 67' lang='lat' dir='ltr'>tisfac‘turus</span> <span class='ocrx_word' id='word_1_283' title='bbox 446 1333 479 1362; x_wconf 73' lang='grc' dir='ltr'>δε</span> <span class='ocrx_word' id='word_1_284' title='bbox 498 1330 648 1360; x_wconf 82' lang='lat' dir='ltr'>Subiturus</span> <span class='ocrx_word' id='word_1_285' title='bbox 664 1326 759 1357; x_wconf 78' lang='lat' dir='ltr'>fuisset</span> <span class='ocrx_word' id='word_1_286' title='bbox 777 1350 787 1364; x_wconf 91' lang='lat'>,</span> <span class='ocrx_word' id='word_1_287' title='bbox 814 1326 832 1356; x_wconf 87' lang='lat' dir='ltr'>si</span> <span class='ocrx_word' id='word_1_288' title='bbox 857 1325 1050 1363; x_wconf 81' lang='lat' dir='ltr'>permanfiffet</span> <span class='ocrx_word' id='word_1_289' title='bbox 1077 1324 1128 1355; x_wconf 92' lang='lat' dir='ltr'>sub</span> <span class='ocrx_word' id='word_1_290' title='bbox 1145 1323 1215 1355; x_wconf 85' lang='lat' dir='ltr'>Fide</span> <span class='ocrx_word' id='word_1_291' title='bbox 1233 1323 1267 1354; x_wconf 89' lang='lat'>&amp;</span> <span class='ocrx_word' id='word_1_292' title='bbox 1287 1323 1339 1353; x_wconf 85' lang='lat' dir='ltr'>Li-</span> 
     </span>
     <span class='ocr_line' id='line_1_38' title="bbox 272 1362 1336 1412; baseline -0.008 -12"><span class='ocrx_word' id='word_1_293' title='bbox 272 1372 382 1412; x_wconf 67' lang='lat' dir='ltr'>gfflntia</span> <span class='ocrx_word' id='word_1_294' title='bbox 401 1371 480 1408; x_wconf 73' lang='lat' dir='ltr'>ipsius</span> <span class='ocrx_word' id='word_1_295' title='bbox 499 1369 587 1399; x_wconf 66' lang='lat' dir='ltr'>Partis</span> <span class='ocrx_word' id='word_1_296' title='bbox 603 1367 682 1404; x_wconf 84' lang='lat' dir='ltr'>cujus</span> <span class='ocrx_word' id='word_1_297' title='bbox 697 1366 821 1395; x_wconf 84' lang='lat' dir='ltr'>Terram</span> <span class='ocrx_word' id='word_1_298' title='bbox 839 1365 872 1395; x_wconf 89' lang='lat'>&amp;</span> <span class='ocrx_word' id='word_1_299' title='bbox 891 1364 1073 1394; x_wconf 87' lang='lat' dir='ltr'>Dominium</span> <span class='ocrx_word' id='word_1_300' title='bbox 1091 1362 1210 1401; x_wconf 74' lang='lat' dir='ltr'>effugit3</span> <span class='ocrx_word' id='word_1_301' title='bbox 1229 1362 1247 1392; x_wconf 91' lang='lat' dir='ltr'>si</span> <span class='ocrx_word' id='word_1_302' title='bbox 1265 1364 1336 1392; x_wconf 81' lang='lat' dir='ltr'>vero</span> 
     </span>
     <span class='ocr_line' id='line_1_39' title="bbox 271 1399 1339 1446; baseline -0.012 -4"><span class='ocrx_word' id='word_1_303' title='bbox 271 1413 301 1443; x_wconf 84' lang='lat' dir='ltr'>in</span> <span class='ocrx_word' id='word_1_304' title='bbox 320 1411 376 1442; x_wconf 70' lang='lat' dir='ltr'>sola</span> <span class='ocrx_word' id='word_1_305' title='bbox 398 1408 478 1446; x_wconf 69' lang='lat' dir='ltr'>Fuga</span> <span class='ocrx_word' id='word_1_306' title='bbox 496 1405 645 1445; x_wconf 75' lang='lat' dir='ltr'>perstiterit</span> <span class='ocrx_word' id='word_1_307' title='bbox 664 1414 718 1435; x_wconf 85' lang='lat' dir='ltr'>nec</span> <span class='ocrx_word' id='word_1_308' title='bbox 736 1404 882 1434; x_wconf 88' lang='lat' dir='ltr'>devenerit</span> <span class='ocrx_word' id='word_1_309' title='bbox 900 1401 1008 1433; x_wconf 91' lang='lat' dir='ltr'>Homo</span> <span class='ocrx_word' id='word_1_310' title='bbox 1027 1401 1130 1441; x_wconf 77' lang='lat' dir='ltr'>Ligeus</span> <span class='ocrx_word' id='word_1_311' title='bbox 1154 1402 1224 1431; x_wconf 89' lang='lat' dir='ltr'>illius</span> <span class='ocrx_word' id='word_1_312' title='bbox 1250 1399 1339 1430; x_wconf 86' lang='lat' dir='ltr'>Partis</span> 
     </span>
     <span class='ocr_line' id='line_1_40' title="bbox 272 1439 1339 1487; baseline -0.012 -6"><span class='ocrx_word' id='word_1_313' title='bbox 272 1452 303 1481; x_wconf 88' lang='lat' dir='ltr'>in</span> <span class='ocrx_word' id='word_1_314' title='bbox 320 1451 398 1487; x_wconf 82' lang='lat' dir='ltr'>cujus</span> <span class='ocrx_word' id='word_1_315' title='bbox 413 1448 533 1477; x_wconf 83' lang='lat' dir='ltr'>Terram</span> <span class='ocrx_word' id='word_1_316' title='bbox 553 1445 653 1482; x_wconf 72' lang='lat' dir='ltr'>effugit</span> <span class='ocrx_word' id='word_1_317' title='bbox 671 1466 681 1482; x_wconf 94' lang='lat'>,</span> <span class='ocrx_word' id='word_1_318' title='bbox 705 1453 742 1473; x_wconf 86' lang='lat' dir='ltr'>co</span> <span class='ocrx_word' id='word_1_319' title='bbox 761 1442 833 1473; x_wconf 83' lang='lat' dir='ltr'>Casu</span> <span class='ocrx_word' id='word_1_320' title='bbox 852 1442 1029 1472; x_wconf 84' lang='lat' dir='ltr'>Remittetur</span> <span class='ocrx_word' id='word_1_321' title='bbox 1051 1442 1085 1473; x_wconf 90' lang='lat'>&amp;</span> <span class='ocrx_word' id='word_1_322' title='bbox 1104 1440 1280 1471; x_wconf 86' lang='lat' dir='ltr'>Restituetur</span> <span class='ocrx_word' id='word_1_323' title='bbox 1298 1439 1339 1469; x_wconf 90' lang='lat' dir='ltr'>illi</span> 
     </span>
     <span class='ocr_line' id='line_1_41' title="bbox 272 1479 1340 1525; baseline -0.01 -6"><span class='ocrx_word' id='word_1_324' title='bbox 272 1488 349 1519; x_wconf 86' lang='lat' dir='ltr'>Parti</span> <span class='ocrx_word' id='word_1_325' title='bbox 378 1488 457 1525; x_wconf 78' lang='lat' dir='ltr'>cujus</span> <span class='ocrx_word' id='word_1_326' title='bbox 482 1485 586 1524; x_wconf 63' lang='lat' dir='ltr'>Ltgeus</span> <span class='ocrx_word' id='word_1_327' title='bbox 611 1484 645 1514; x_wconf 89' lang='lat'>&amp;</span> <span class='ocrx_word' id='word_1_328' title='bbox 663 1481 796 1512; x_wconf 73' lang='lat' dir='ltr'>Subditus</span> <span class='ocrx_word' id='word_1_329' title='bbox 814 1481 896 1512; x_wconf 80' lang='lat' dir='ltr'>fuerit</span> <span class='ocrx_word' id='word_1_330' title='bbox 910 1503 920 1519; x_wconf 89' lang='lat'>,</span> <span class='ocrx_word' id='word_1_331' title='bbox 947 1489 1000 1518; x_wconf 88' lang='lat' dir='ltr'>pro</span> <span class='ocrx_word' id='word_1_332' title='bbox 1014 1479 1125 1519; x_wconf 77' lang='lat' dir='ltr'>justitia</span> <span class='ocrx_word' id='word_1_333' title='bbox 1143 1479 1180 1511; x_wconf 90' lang='lat' dir='ltr'>de</span> <span class='ocrx_word' id='word_1_334' title='bbox 1199 1489 1235 1510; x_wconf 91' lang='lat' dir='ltr'>eo</span> <span class='ocrx_word' id='word_1_335' title='bbox 1253 1487 1340 1516; x_wconf 90' lang='lat' dir='ltr'>prout</span> 
     </span>
     <span class='ocr_line' id='line_1_42' title="bbox 275 1522 639 1559; baseline -0.025 0"><span class='ocrx_word' id='word_1_336' title='bbox 275 1527 327 1559; x_wconf 82' lang='lat' dir='ltr'>fibi</span> <span class='ocrx_word' id='word_1_337' title='bbox 347 1527 486 1557; x_wconf 89' lang='lat' dir='ltr'>videbitur</span> <span class='ocrx_word' id='word_1_338' title='bbox 503 1522 639 1554; x_wconf 51' lang='lat' dir='ltr'>fecienda.</span> 
     </span>
    </p>

    <p class='ocr_par' dir='ltr' id='par_1_8' title="bbox 311 1555 1339 1601">
     <span class='ocr_line' id='line_1_43' title="bbox 311 1555 1339 1601; baseline -0.01 -5"><span class='ocrx_word' id='word_1_339' title='bbox 311 1565 418 1601; x_wconf 66' lang='lat' dir='ltr'>ITEM,</span> <span class='ocrx_word' id='word_1_340' title='bbox 437 1561 617 1593; x_wconf 82' lang='lat' dir='ltr'>Conclusum</span> <span class='ocrx_word' id='word_1_341' title='bbox 635 1558 676 1589; x_wconf 78' lang='lat' dir='ltr'>est</span> <span class='ocrx_word' id='word_1_342' title='bbox 693 1581 703 1596; x_wconf 86' lang='lat'>,</span> <span class='ocrx_word' id='word_1_343' title='bbox 721 1557 800 1597; x_wconf 79' lang='lat' dir='ltr'>quod</span> <span class='ocrx_word' id='word_1_344' title='bbox 822 1557 988 1588; x_wconf 77' lang='lat' dir='ltr'>durantibus</span> <span class='ocrx_word' id='word_1_345' title='bbox 1009 1556 1190 1595; x_wconf 76' lang='lat' dir='ltr'>praesentibus</span> <span class='ocrx_word' id='word_1_346' title='bbox 1214 1555 1339 1586; x_wconf 87' lang='lat' dir='ltr'>Guerra-</span> 
     </span>
    </p>
   </div>
   <div class='ocr_carea' id='block_1_6' title="bbox 273 1594 1379 1638">
    <p class='ocr_par' dir='ltr' id='par_1_9' title="bbox 273 1594 1379 1638">
     <span class='ocr_line' id='line_1_44' title="bbox 273 1594 1379 1638; baseline -0.011 -2"><span class='ocrx_word' id='word_1_347' title='bbox 273 1614 339 1636; x_wconf 86' lang='lat' dir='ltr'>rum</span> <span class='ocrx_word' id='word_1_348' title='bbox 355 1600 554 1638; x_wconf 84' lang='lat' dir='ltr'>Abstinentiis,</span> <span class='ocrx_word' id='word_1_349' title='bbox 573 1608 632 1630; x_wconf 90' lang='lat' dir='ltr'>non</span> <span class='ocrx_word' id='word_1_350' title='bbox 649 1598 829 1628; x_wconf 78' lang='lat' dir='ltr'>admittentur</span> <span class='ocrx_word' id='word_1_351' title='bbox 842 1607 896 1627; x_wconf 90' lang='lat' dir='ltr'>nec</span> <span class='ocrx_word' id='word_1_352' title='bbox 913 1597 1101 1634; x_wconf 84' lang='lat' dir='ltr'>recipientur,</span> <span class='ocrx_word' id='word_1_353' title='bbox 1119 1605 1172 1625; x_wconf 92' lang='lat' dir='ltr'>nec</span> <span class='ocrx_word' id='word_1_354' title='bbox 1189 1594 1268 1633; x_wconf 87' lang='lat' dir='ltr'>super</span> <span class='ocrx_word' id='word_1_355' title='bbox 1285 1595 1340 1625; x_wconf 86' lang='lat' dir='ltr'>As-</span> <span class='ocrx_word' id='word_1_356' title='bbox 1376 1614 1379 1616; x_wconf 98' lang='lat'>-</span> 
     </span>
    </p>
   </div>
   <div class='ocr_carea' id='block_1_7' title="bbox 270 1633 1345 4027">
    <p class='ocr_par' dir='ltr' id='par_1_10' title="bbox 270 1633 1342 2414">
     <span class='ocr_line' id='line_1_45' title="bbox 272 1633 1341 1680; baseline -0.01 -6"><span class='ocrx_word' id='word_1_357' title='bbox 272 1643 370 1680; x_wconf 84' lang='lat' dir='ltr'>fisam,</span> <span class='ocrx_word' id='word_1_358' title='bbox 388 1651 443 1673; x_wconf 75' lang='lat' dir='ltr'>nec</span> <span class='ocrx_word' id='word_1_359' title='bbox 458 1640 492 1670; x_wconf 93' lang='lat' dir='ltr'>ad</span> <span class='ocrx_word' id='word_1_360' title='bbox 508 1637 716 1677; x_wconf 82' lang='lat' dir='ltr'>perhibendum</span> <span class='ocrx_word' id='word_1_361' title='bbox 733 1635 951 1666; x_wconf 81' lang='lat' dir='ltr'>Testimonium</span> <span class='ocrx_word' id='word_1_362' title='bbox 964 1635 1097 1665; x_wconf 81' lang='lat' dir='ltr'>Personae</span> <span class='ocrx_word' id='word_1_363' title='bbox 1119 1633 1259 1669; x_wconf 86' lang='lat' dir='ltr'>Infames,</span> <span class='ocrx_word' id='word_1_364' title='bbox 1277 1633 1341 1663; x_wconf 90' lang='lat' dir='ltr'>Re-</span> 
     </span>
     <span class='ocr_line' id='line_1_46' title="bbox 271 1670 1340 1719; baseline -0.009 -8"><span class='ocrx_word' id='word_1_365' title='bbox 271 1682 378 1719; x_wconf 78' lang='lat' dir='ltr'>belles,</span> <span class='ocrx_word' id='word_1_366' title='bbox 398 1678 536 1715; x_wconf 60' lang='lat' dir='ltr'>fugitivi,</span> <span class='ocrx_word' id='word_1_367' title='bbox 555 1676 721 1706; x_wconf 80' lang='lat' dir='ltr'>Proditores</span> <span class='ocrx_word' id='word_1_368' title='bbox 744 1674 827 1704; x_wconf 90' lang='lat' dir='ltr'>unius</span> <span class='ocrx_word' id='word_1_369' title='bbox 849 1673 936 1704; x_wconf 86' lang='lat' dir='ltr'>Partis</span> <span class='ocrx_word' id='word_1_370' title='bbox 957 1673 1003 1703; x_wconf 90' lang='lat' dir='ltr'>vel</span> <span class='ocrx_word' id='word_1_371' title='bbox 1017 1673 1143 1711; x_wconf 88' lang='lat' dir='ltr'>alterius,</span> <span class='ocrx_word' id='word_1_372' title='bbox 1160 1681 1208 1704; x_wconf 91' lang='lat' dir='ltr'>aut</span> <span class='ocrx_word' id='word_1_373' title='bbox 1226 1670 1340 1715; x_wconf 80' lang='lat' dir='ltr'>Convi-</span> 
     </span>
     <span class='ocr_line' id='line_1_47' title="bbox 273 1711 1340 1758; baseline -0.009 -7"><span class='ocrx_word' id='word_1_374' title='bbox 273 1720 315 1751; x_wconf 71' lang='lat' dir='ltr'>eci</span> <span class='ocrx_word' id='word_1_375' title='bbox 331 1730 380 1758; x_wconf 64' lang='lat' dir='ltr'>pir</span> <span class='ocrx_word' id='word_1_376' title='bbox 396 1718 529 1754; x_wconf 64' lang='lat' dir='ltr'>Arnum,</span> <span class='ocrx_word' id='word_1_377' title='bbox 545 1715 584 1746; x_wconf 87' lang='lat' dir='ltr'>set</span> <span class='ocrx_word' id='word_1_378' title='bbox 606 1715 693 1751; x_wconf 76' lang='lat' dir='ltr'>boni,</span> <span class='ocrx_word' id='word_1_379' title='bbox 713 1713 824 1751; x_wconf 83' lang='lat' dir='ltr'>fideles,</span> <span class='ocrx_word' id='word_1_380' title='bbox 835 1712 921 1751; x_wconf 90' lang='lat' dir='ltr'>justi,</span> <span class='ocrx_word' id='word_1_381' title='bbox 938 1711 1094 1751; x_wconf 87' lang='lat' dir='ltr'>fidedigni,</span> <span class='ocrx_word' id='word_1_382' title='bbox 1111 1712 1145 1743; x_wconf 89' lang='lat'>&amp;</span> <span class='ocrx_word' id='word_1_383' title='bbox 1167 1722 1229 1742; x_wconf 87' lang='lat' dir='ltr'>non</span> <span class='ocrx_word' id='word_1_384' title='bbox 1249 1711 1340 1749; x_wconf 85' lang='lat' dir='ltr'>sulpe-</span> 
     </span>
     <span class='ocr_line' id='line_1_48' title="bbox 304 1758 485 1789; baseline -0.017 0"><span class='ocrx_word' id='word_1_385' title='bbox 304 1769 330 1789; x_wconf 86' lang='lat' dir='ltr'>ae</span> <span class='ocrx_word' id='word_1_386' title='bbox 345 1758 485 1788; x_wconf 78' lang='lat' dir='ltr'>Personae.</span> 
     </span>
     <span class='ocr_line' id='line_1_49' title="bbox 272 1760 1342 1832; baseline -0.008 -4"><span class='ocrx_word' id='word_1_387' title='bbox 272 1760 419 1832; x_wconf 61' lang='grc' dir='ltr'>ἂξτεΜ,</span> <span class='ocrx_word' id='word_1_388' title='bbox 439 1792 619 1826; x_wconf 86' lang='lat' dir='ltr'>Conclusum</span> <span class='ocrx_word' id='word_1_389' title='bbox 634 1790 675 1821; x_wconf 86' lang='lat' dir='ltr'>est</span> <span class='ocrx_word' id='word_1_390' title='bbox 690 1788 788 1828; x_wconf 80' lang='lat' dir='ltr'>quod,</span> <span class='ocrx_word' id='word_1_391' title='bbox 803 1789 968 1821; x_wconf 85' lang='lat' dir='ltr'>durantibus</span> <span class='ocrx_word' id='word_1_392' title='bbox 982 1788 1160 1820; x_wconf 87' lang='lat' dir='ltr'>Guerrarum</span> <span class='ocrx_word' id='word_1_393' title='bbox 1183 1787 1342 1820; x_wconf 91' lang='lat' dir='ltr'>Abstinen-</span> 
     </span>
     <span class='ocr_line' id='line_1_50' title="bbox 270 1828 1341 1874; baseline -0.008 -8"><span class='ocrx_word' id='word_1_394' title='bbox 270 1837 317 1867; x_wconf 80' lang='lat' dir='ltr'>tiis</span> <span class='ocrx_word' id='word_1_395' title='bbox 342 1835 500 1874; x_wconf 73' lang='lat' dir='ltr'>praedietis,</span> <span class='ocrx_word' id='word_1_396' title='bbox 518 1833 609 1863; x_wconf 87' lang='lat' dir='ltr'>nullus</span> <span class='ocrx_word' id='word_1_397' title='bbox 626 1832 708 1860; x_wconf 78' lang='lat' dir='ltr'>unius</span> <span class='ocrx_word' id='word_1_398' title='bbox 728 1828 817 1859; x_wconf 83' lang='lat' dir='ltr'>Partis</span> <span class='ocrx_word' id='word_1_399' title='bbox 838 1829 885 1859; x_wconf 90' lang='lat' dir='ltr'>vel</span> <span class='ocrx_word' id='word_1_400' title='bbox 907 1828 1019 1859; x_wconf 86' lang='lat' dir='ltr'>alterius</span> <span class='ocrx_word' id='word_1_401' title='bbox 1035 1830 1064 1859; x_wconf 92' lang='lat' dir='ltr'>in</span> <span class='ocrx_word' id='word_1_402' title='bbox 1085 1828 1203 1859; x_wconf 88' lang='lat' dir='ltr'>rediatur</span> <span class='ocrx_word' id='word_1_403' title='bbox 1218 1828 1341 1866; x_wconf 85' lang='lat' dir='ltr'>Terras,</span> 
     </span>
     <span class='ocr_line' id='line_1_51' title="bbox 272 1867 1342 1911; baseline -0.008 -6"><span class='ocrx_word' id='word_1_404' title='bbox 272 1875 397 1911; x_wconf 76' lang='lat' dir='ltr'>Boscos,</span> <span class='ocrx_word' id='word_1_405' title='bbox 415 1873 566 1906; x_wconf 79' lang='lat' dir='ltr'>Nemora,</span> <span class='ocrx_word' id='word_1_406' title='bbox 585 1868 730 1906; x_wconf 77' lang='lat' dir='ltr'>Forestas,</span> <span class='ocrx_word' id='word_1_407' title='bbox 748 1867 924 1904; x_wconf 63' lang='lat' dir='ltr'>XVarennas,</span> <span class='ocrx_word' id='word_1_408' title='bbox 943 1867 1043 1905; x_wconf 86' lang='lat' dir='ltr'>Loca,</span> <span class='ocrx_word' id='word_1_409' title='bbox 1084 1867 1191 1898; x_wconf 87' lang='lat' dir='ltr'>ominia</span> <span class='ocrx_word' id='word_1_410' title='bbox 1204 1876 1342 1904; x_wconf 85' lang='lat' dir='ltr'>quaecun-</span> 
     </span>
     <span class='ocr_line' id='line_1_52' title="bbox 270 1904 1338 1951; baseline -0.009 -7"><span class='ocrx_word' id='word_1_411' title='bbox 270 1924 327 1951; x_wconf 88' lang='lat' dir='ltr'>que</span> <span class='ocrx_word' id='word_1_412' title='bbox 348 1913 462 1950; x_wconf 83' lang='lat' dir='ltr'>alicujus</span> <span class='ocrx_word' id='word_1_413' title='bbox 485 1910 597 1941; x_wconf 79' lang='lat' dir='ltr'>Subditi</span> <span class='ocrx_word' id='word_1_414' title='bbox 618 1908 728 1938; x_wconf 48' lang='lat' dir='ltr'>alteriss</span> <span class='ocrx_word' id='word_1_415' title='bbox 750 1906 836 1936; x_wconf 89' lang='lat' dir='ltr'>Partis</span> <span class='ocrx_word' id='word_1_416' title='bbox 852 1929 862 1944; x_wconf 91' lang='lat'>,</span> <span class='ocrx_word' id='word_1_417' title='bbox 888 1905 982 1936; x_wconf 73' lang='lat' dir='ltr'>Causa</span> <span class='ocrx_word' id='word_1_418' title='bbox 1002 1906 1130 1937; x_wconf 90' lang='lat' dir='ltr'>Venandi</span> <span class='ocrx_word' id='word_1_419' title='bbox 1148 1928 1158 1944; x_wconf 91' lang='lat'>,</span> <span class='ocrx_word' id='word_1_420' title='bbox 1182 1904 1311 1936; x_wconf 89' lang='lat' dir='ltr'>Piscandi</span> <span class='ocrx_word' id='word_1_421' title='bbox 1327 1927 1338 1943; x_wconf 94' lang='lat'>,</span> 
     </span>
     <span class='ocr_line' id='line_1_53' title="bbox 273 1944 1339 1990; baseline -0.008 -7"><span class='ocrx_word' id='word_1_422' title='bbox 273 1952 465 1990; x_wconf 85' lang='lat' dir='ltr'>Aucupandi,</span> <span class='ocrx_word' id='word_1_423' title='bbox 484 1949 655 1986; x_wconf 85' lang='lat' dir='ltr'>Disportum</span> <span class='ocrx_word' id='word_1_424' title='bbox 671 1955 717 1976; x_wconf 88' lang='lat' dir='ltr'>aut</span> <span class='ocrx_word' id='word_1_425' title='bbox 732 1944 873 1975; x_wconf 81' lang='lat' dir='ltr'>Solarium</span> <span class='ocrx_word' id='word_1_426' title='bbox 886 1946 915 1974; x_wconf 91' lang='lat' dir='ltr'>in</span> <span class='ocrx_word' id='word_1_427' title='bbox 939 1944 1042 1975; x_wconf 89' lang='lat' dir='ltr'>eisdem</span> <span class='ocrx_word' id='word_1_428' title='bbox 1059 1944 1234 1981; x_wconf 82' lang='lat' dir='ltr'>Exercendi,</span> <span class='ocrx_word' id='word_1_429' title='bbox 1251 1944 1339 1974; x_wconf 87' lang='lat' dir='ltr'>aliave</span> 
     </span>
     <span class='ocr_line' id='line_1_54' title="bbox 271 1982 1339 2029; baseline -0.008 -8"><span class='ocrx_word' id='word_1_430' title='bbox 271 2000 441 2029; x_wconf 87' lang='lat' dir='ltr'>quacunque</span> <span class='ocrx_word' id='word_1_431' title='bbox 454 1990 489 2018; x_wconf 88' lang='lat' dir='ltr'>de</span> <span class='ocrx_word' id='word_1_432' title='bbox 509 1986 608 2024; x_wconf 64' lang='lat' dir='ltr'>causa,</span> <span class='ocrx_word' id='word_1_433' title='bbox 626 1984 729 2022; x_wconf 78' lang='lat' dir='ltr'>absque</span> <span class='ocrx_word' id='word_1_434' title='bbox 749 1983 873 2014; x_wconf 79' lang='lat' dir='ltr'>Licentia</span> <span class='ocrx_word' id='word_1_435' title='bbox 889 1984 945 2021; x_wconf 86' lang='lat' dir='ltr'>ejus</span> <span class='ocrx_word' id='word_1_436' title='bbox 963 1984 1010 2014; x_wconf 89' lang='lat' dir='ltr'>vel</span> <span class='ocrx_word' id='word_1_437' title='bbox 1025 1993 1127 2014; x_wconf 86' lang='lat' dir='ltr'>eorum</span> <span class='ocrx_word' id='word_1_438' title='bbox 1139 1983 1173 2013; x_wconf 90' lang='lat' dir='ltr'>ad</span> <span class='ocrx_word' id='word_1_439' title='bbox 1187 1992 1274 2022; x_wconf 87' lang='lat' dir='ltr'>quem</span> <span class='ocrx_word' id='word_1_440' title='bbox 1294 1982 1339 2013; x_wconf 91' lang='lat' dir='ltr'>seu</span> 
     </span>
     <span class='ocr_line' id='line_1_55' title="bbox 271 2021 1340 2067; baseline -0.008 -7"><span class='ocrx_word' id='word_1_441' title='bbox 271 2029 308 2060; x_wconf 85' lang='lat' dir='ltr'>ad</span> <span class='ocrx_word' id='word_1_442' title='bbox 324 2039 395 2067; x_wconf 85' lang='lat' dir='ltr'>quos</span> <span class='ocrx_word' id='word_1_443' title='bbox 414 2028 508 2058; x_wconf 74' lang='lat' dir='ltr'>Locus</span> <span class='ocrx_word' id='word_1_444' title='bbox 524 2027 569 2056; x_wconf 85' lang='lat' dir='ltr'>seu</span> <span class='ocrx_word' id='word_1_445' title='bbox 587 2026 664 2055; x_wconf 89' lang='lat' dir='ltr'>Loca</span> <span class='ocrx_word' id='word_1_446' title='bbox 682 2024 735 2060; x_wconf 85' lang='lat' dir='ltr'>ipsa</span> <span class='ocrx_word' id='word_1_447' title='bbox 752 2023 873 2060; x_wconf 85' lang='lat' dir='ltr'>pertinet</span> <span class='ocrx_word' id='word_1_448' title='bbox 891 2023 933 2052; x_wconf 87' lang='lat' dir='ltr'>seu</span> <span class='ocrx_word' id='word_1_449' title='bbox 956 2023 1116 2060; x_wconf 82' lang='lat' dir='ltr'>pertinent,</span> <span class='ocrx_word' id='word_1_450' title='bbox 1133 2031 1181 2053; x_wconf 87' lang='lat' dir='ltr'>aut</span> <span class='ocrx_word' id='word_1_451' title='bbox 1202 2021 1340 2059; x_wconf 85' lang='lat' dir='ltr'>Deputati</span> 
     </span>
     <span class='ocr_line' id='line_1_56' title="bbox 271 2060 1339 2106; baseline -0.009 -7"><span class='ocrx_word' id='word_1_452' title='bbox 271 2069 313 2098; x_wconf 90' lang='lat' dir='ltr'>sui</span> <span class='ocrx_word' id='word_1_453' title='bbox 325 2067 412 2106; x_wconf 74' lang='lat' dir='ltr'>petita</span> <span class='ocrx_word' id='word_1_454' title='bbox 426 2066 558 2105; x_wconf 68' lang='lat' dir='ltr'>primitiis</span> <span class='ocrx_word' id='word_1_455' title='bbox 574 2064 605 2094; x_wconf 64' lang='grc' dir='ltr'>ὃς</span> <span class='ocrx_word' id='word_1_456' title='bbox 621 2061 758 2098; x_wconf 70' lang='lat' dir='ltr'>obtenta,</span> <span class='ocrx_word' id='word_1_457' title='bbox 777 2062 810 2091; x_wconf 87' lang='lat'>&amp;</span> <span class='ocrx_word' id='word_1_458' title='bbox 833 2060 853 2091; x_wconf 84' lang='lat' dir='ltr'>fi</span> <span class='ocrx_word' id='word_1_459' title='bbox 871 2062 1018 2100; x_wconf 82' lang='lat' dir='ltr'>contingat</span> <span class='ocrx_word' id='word_1_460' title='bbox 1039 2060 1140 2091; x_wconf 83' lang='lat' dir='ltr'>Bestias</span> <span class='ocrx_word' id='word_1_461' title='bbox 1161 2061 1206 2091; x_wconf 90' lang='lat' dir='ltr'>seu</span> <span class='ocrx_word' id='word_1_462' title='bbox 1221 2061 1339 2090; x_wconf 89' lang='lat' dir='ltr'>Anima-</span> 
     </span>
     <span class='ocr_line' id='line_1_57' title="bbox 270 2099 1339 2145; baseline -0.008 -8"><span class='ocrx_word' id='word_1_463' title='bbox 270 2106 308 2137; x_wconf 84' lang='lat' dir='ltr'>lia</span> <span class='ocrx_word' id='word_1_464' title='bbox 325 2107 439 2145; x_wconf 87' lang='lat' dir='ltr'>alicujus</span> <span class='ocrx_word' id='word_1_465' title='bbox 465 2104 575 2134; x_wconf 88' lang='lat' dir='ltr'>Subditi</span> <span class='ocrx_word' id='word_1_466' title='bbox 599 2101 710 2131; x_wconf 79' lang='lat' dir='ltr'>alterius</span> <span class='ocrx_word' id='word_1_467' title='bbox 737 2099 864 2129; x_wconf 75' lang='lat' dir='ltr'>Partium</span> <span class='ocrx_word' id='word_1_468' title='bbox 887 2099 1087 2139; x_wconf 62' lang='lat' dir='ltr'>praedictarum</span> <span class='ocrx_word' id='word_1_469' title='bbox 1110 2099 1245 2130; x_wconf 87' lang='lat' dir='ltr'>Fundum</span> <span class='ocrx_word' id='word_1_470' title='bbox 1263 2123 1273 2136; x_wconf 83' lang='lat'>,</span> <span class='ocrx_word' id='word_1_471' title='bbox 1298 2099 1339 2129; x_wconf 89' lang='lat' dir='ltr'>A-</span> 
     </span>
     <span class='ocr_line' id='line_1_58' title="bbox 293 2138 1339 2182; baseline -0.007 -7"><span class='ocrx_word' id='word_1_472' title='bbox 293 2155 376 2182; x_wconf 84' lang='lat' dir='ltr'>rum,</span> <span class='ocrx_word' id='word_1_473' title='bbox 413 2143 551 2174; x_wconf 82' lang='lat' dir='ltr'>Solumve</span> <span class='ocrx_word' id='word_1_474' title='bbox 568 2140 678 2171; x_wconf 69' lang='lat' dir='ltr'>subditi</span> <span class='ocrx_word' id='word_1_475' title='bbox 697 2139 808 2169; x_wconf 84' lang='lat' dir='ltr'>alterius</span> <span class='ocrx_word' id='word_1_476' title='bbox 828 2138 915 2168; x_wconf 88' lang='lat' dir='ltr'>Partis</span> <span class='ocrx_word' id='word_1_477' title='bbox 939 2139 1068 2177; x_wconf 82' lang='lat' dir='ltr'>ingredi,</span> <span class='ocrx_word' id='word_1_478' title='bbox 1087 2139 1120 2169; x_wconf 89' lang='lat'>&amp;</span> <span class='ocrx_word' id='word_1_479' title='bbox 1145 2138 1282 2168; x_wconf 85' lang='lat' dir='ltr'>Granum</span> <span class='ocrx_word' id='word_1_480' title='bbox 1305 2138 1339 2168; x_wconf 93' lang='lat'>&amp;</span> 
     </span>
     <span class='ocr_line' id='line_1_59' title="bbox 271 2154 1341 2215; baseline -0.008 0"><span class='ocrx_word' id='word_1_481' title='bbox 271 2154 408 2215; x_wconf 46' lang='lat' dir='ltr'>{rethma</span> <span class='ocrx_word' id='word_1_482' title='bbox 433 2184 472 2212; x_wconf 90' lang='lat' dir='ltr'>ibi</span> <span class='ocrx_word' id='word_1_483' title='bbox 495 2181 667 2212; x_wconf 76' lang='lat' dir='ltr'>crescentem</span> <span class='ocrx_word' id='word_1_484' title='bbox 681 2177 844 2215; x_wconf 70' lang='lat' dir='ltr'>depascere,</span> <span class='ocrx_word' id='word_1_485' title='bbox 862 2177 953 2207; x_wconf 81' lang='lat' dir='ltr'>aliove</span> <span class='ocrx_word' id='word_1_486' title='bbox 969 2177 1059 2207; x_wconf 90' lang='lat' dir='ltr'>modo</span> <span class='ocrx_word' id='word_1_487' title='bbox 1073 2177 1111 2207; x_wconf 88' lang='lat' dir='ltr'>illi</span> <span class='ocrx_word' id='word_1_488' title='bbox 1127 2177 1207 2215; x_wconf 87' lang='lat' dir='ltr'>cujus</span> <span class='ocrx_word' id='word_1_489' title='bbox 1224 2176 1265 2206; x_wconf 91' lang='lat' dir='ltr'>est</span> <span class='ocrx_word' id='word_1_490' title='bbox 1282 2175 1341 2206; x_wconf 90' lang='lat' dir='ltr'>So-</span> 
     </span>
     <span class='ocr_line' id='line_1_60' title="bbox 271 2214 1341 2259; baseline -0.008 -6"><span class='ocrx_word' id='word_1_491' title='bbox 271 2223 335 2253; x_wconf 81' lang='lat' dir='ltr'>lum</span> <span class='ocrx_word' id='word_1_492' title='bbox 358 2222 489 2259; x_wconf 83' lang='lat' dir='ltr'>Injuriam</span> <span class='ocrx_word' id='word_1_493' title='bbox 514 2220 570 2249; x_wconf 78' lang='lat' dir='ltr'>sive</span> <span class='ocrx_word' id='word_1_494' title='bbox 595 2219 768 2253; x_wconf 86' lang='lat' dir='ltr'>Dampnum</span> <span class='ocrx_word' id='word_1_495' title='bbox 790 2217 901 2252; x_wconf 74' lang='lat' dir='ltr'>inferri,</span> <span class='ocrx_word' id='word_1_496' title='bbox 917 2217 998 2253; x_wconf 73' lang='lat' dir='ltr'>qubd</span> <span class='ocrx_word' id='word_1_497' title='bbox 1021 2217 1062 2246; x_wconf 91' lang='lat' dir='ltr'>ob</span> <span class='ocrx_word' id='word_1_498' title='bbox 1086 2216 1144 2246; x_wconf 90' lang='lat' dir='ltr'>hoc</span> <span class='ocrx_word' id='word_1_499' title='bbox 1160 2225 1257 2246; x_wconf 83' lang='lat' dir='ltr'>neutra</span> <span class='ocrx_word' id='word_1_500' title='bbox 1273 2214 1341 2244; x_wconf 89' lang='lat' dir='ltr'>Par-</span> 
     </span>
     <span class='ocr_line' id='line_1_61' title="bbox 270 2253 1340 2297; baseline -0.007 -6"><span class='ocrx_word' id='word_1_501' title='bbox 270 2263 342 2292; x_wconf 86' lang='lat' dir='ltr'>tium</span> <span class='ocrx_word' id='word_1_502' title='bbox 359 2259 520 2295; x_wconf 65' lang='lat' dir='ltr'>hu2usmodi</span> <span class='ocrx_word' id='word_1_503' title='bbox 534 2258 706 2294; x_wconf 84' lang='lat' dir='ltr'>Dampnuin</span> <span class='ocrx_word' id='word_1_504' title='bbox 722 2255 780 2297; x_wconf 79' lang='lat' dir='ltr'>live</span> <span class='ocrx_word' id='word_1_505' title='bbox 792 2254 928 2292; x_wconf 79' lang='lat' dir='ltr'>injuriam</span> <span class='ocrx_word' id='word_1_506' title='bbox 947 2255 995 2285; x_wconf 82' lang='lat' dir='ltr'>li&#39;oi</span> <span class='ocrx_word' id='word_1_507' title='bbox 1010 2254 1083 2285; x_wconf 69' lang='lat' dir='ltr'>faeta</span> <span class='ocrx_word' id='word_1_508' title='bbox 1099 2254 1213 2292; x_wconf 74' lang='lat' dir='ltr'>propria</span> <span class='ocrx_word' id='word_1_509' title='bbox 1227 2253 1340 2284; x_wconf 77' lang='lat' dir='ltr'>Auc‘to-</span> 
     </span>
     <span class='ocr_line' id='line_1_62' title="bbox 271 2292 1341 2334; baseline -0.008 -3"><span class='ocrx_word' id='word_1_510' title='bbox 271 2302 349 2332; x_wconf 80' lang='lat' dir='ltr'>ritate</span> <span class='ocrx_word' id='word_1_511' title='bbox 363 2296 528 2334; x_wconf 64' lang='lat' dir='ltr'>ulciscatur,</span> <span class='ocrx_word' id='word_1_512' title='bbox 547 2297 587 2327; x_wconf 88' lang='lat' dir='ltr'>set</span> <span class='ocrx_word' id='word_1_513' title='bbox 601 2295 667 2325; x_wconf 93' lang='lat' dir='ltr'>illud</span> <span class='ocrx_word' id='word_1_514' title='bbox 684 2293 873 2324; x_wconf 58' lang='lat' dir='ltr'>Malerafftum</span> <span class='ocrx_word' id='word_1_515' title='bbox 888 2293 1046 2324; x_wconf 84' lang='lat' dir='ltr'>secundum</span> <span class='ocrx_word' id='word_1_516' title='bbox 1065 2293 1175 2332; x_wconf 88' lang='lat' dir='ltr'>Legem</span> <span class='ocrx_word' id='word_1_517' title='bbox 1198 2294 1232 2324; x_wconf 89' lang='lat'>&amp;</span> <span class='ocrx_word' id='word_1_518' title='bbox 1256 2292 1341 2323; x_wconf 92' lang='lat' dir='ltr'>Con-</span> 
     </span>
     <span class='ocr_line' id='line_1_63' title="bbox 272 2331 1341 2370; baseline -0.008 0"><span class='ocrx_word' id='word_1_519' title='bbox 272 2339 450 2370; x_wconf 79' lang='lat' dir='ltr'>iuetudinem</span> <span class='ocrx_word' id='word_1_520' title='bbox 465 2337 623 2367; x_wconf 83' lang='lat' dir='ltr'>observatas</span> <span class='ocrx_word' id='word_1_521' title='bbox 640 2335 668 2363; x_wconf 92' lang='lat' dir='ltr'>in</span> <span class='ocrx_word' id='word_1_522' title='bbox 688 2333 818 2363; x_wconf 87' lang='lat' dir='ltr'>Partibus</span> <span class='ocrx_word' id='word_1_523' title='bbox 835 2332 883 2362; x_wconf 92' lang='lat' dir='ltr'>ubi</span> <span class='ocrx_word' id='word_1_524' title='bbox 898 2331 1072 2370; x_wconf 81' lang='lat' dir='ltr'>Dampnutn</span> <span class='ocrx_word' id='word_1_525' title='bbox 1088 2333 1120 2363; x_wconf 87' lang='lat'>&amp;</span> <span class='ocrx_word' id='word_1_526' title='bbox 1135 2333 1153 2351; x_wconf 63' lang='lat'>³*</span> <span class='ocrx_word' id='word_1_527' title='bbox 1173 2331 1277 2369; x_wconf 84' lang='lat' dir='ltr'>Injuria</span> <span class='ocrx_word' id='word_1_528' title='bbox 1298 2339 1341 2362; x_wconf 88' lang='lat' dir='ltr'>ta-</span> 
     </span>
     <span class='ocr_line' id='line_1_64' title="bbox 274 2370 1198 2414; baseline -0.01 -6"><span class='ocrx_word' id='word_1_529' title='bbox 274 2379 309 2408; x_wconf 89' lang='lat' dir='ltr'>lia</span> <span class='ocrx_word' id='word_1_530' title='bbox 324 2378 397 2408; x_wconf 53' lang='lat' dir='ltr'>facia</span> <span class='ocrx_word' id='word_1_531' title='bbox 415 2379 494 2414; x_wconf 76' lang='lat' dir='ltr'>sunt,</span> <span class='ocrx_word' id='word_1_532' title='bbox 513 2373 697 2405; x_wconf 64' lang='lat' dir='ltr'>effectualiter</span> <span class='ocrx_word' id='word_1_533' title='bbox 712 2371 909 2401; x_wconf 83' lang='lat' dir='ltr'>emendabitur</span> <span class='ocrx_word' id='word_1_534' title='bbox 925 2380 955 2402; x_wconf 91' lang='lat' dir='ltr'>ut</span> <span class='ocrx_word' id='word_1_535' title='bbox 971 2371 1011 2401; x_wconf 88' lang='lat' dir='ltr'>est</span> <span class='ocrx_word' id='word_1_536' title='bbox 1025 2370 1142 2409; x_wconf 88' lang='lat' dir='ltr'>justum.</span> <span class='ocrx_word' id='word_1_537' title='bbox 1192 2409 1198 2414; x_wconf 88' lang='lat'>.</span> 
     </span>
    </p>

    <p class='ocr_par' dir='ltr' id='par_1_11' title="bbox 272 2407 1345 3338">
     <span class='ocr_line' id='line_1_65' title="bbox 314 2407 1340 2453; baseline -0.009 -7"><span class='ocrx_word' id='word_1_538' title='bbox 314 2416 423 2453; x_wconf 74' lang='lat' dir='ltr'>ITEM,</span> <span class='ocrx_word' id='word_1_539' title='bbox 441 2424 471 2444; x_wconf 89' lang='lat' dir='ltr'>ut</span> <span class='ocrx_word' id='word_1_540' title='bbox 496 2414 672 2443; x_wconf 85' lang='lat' dir='ltr'>Guerrarum</span> <span class='ocrx_word' id='word_1_541' title='bbox 696 2409 883 2440; x_wconf 73' lang='lat' dir='ltr'>Abstinentiae</span> <span class='ocrx_word' id='word_1_542' title='bbox 909 2410 1053 2447; x_wconf 68' lang='lat' dir='ltr'>praedicstae</span> <span class='ocrx_word' id='word_1_543' title='bbox 1073 2420 1109 2440; x_wconf 92' lang='lat' dir='ltr'>eo</span> <span class='ocrx_word' id='word_1_544' title='bbox 1124 2408 1231 2439; x_wconf 84' lang='lat' dir='ltr'>firmius</span> <span class='ocrx_word' id='word_1_545' title='bbox 1245 2407 1340 2438; x_wconf 91' lang='lat' dir='ltr'>obser-</span> 
     </span>
     <span class='ocr_line' id='line_1_66' title="bbox 274 2446 1342 2491; baseline -0.008 -6"><span class='ocrx_word' id='word_1_546' title='bbox 274 2464 396 2491; x_wconf 78' lang='lat' dir='ltr'>ventur,</span> <span class='ocrx_word' id='word_1_547' title='bbox 411 2464 469 2491; x_wconf 83' lang='lat' dir='ltr'>quo</span> <span class='ocrx_word' id='word_1_548' title='bbox 494 2453 610 2483; x_wconf 82' lang='lat' dir='ltr'>cuilibet</span> <span class='ocrx_word' id='word_1_549' title='bbox 633 2460 666 2480; x_wconf 73' lang='lat' dir='ltr'>ex</span> <span class='ocrx_word' id='word_1_550' title='bbox 689 2448 814 2478; x_wconf 81' lang='lat' dir='ltr'>Subditis</span> <span class='ocrx_word' id='word_1_551' title='bbox 835 2448 962 2478; x_wconf 87' lang='lat' dir='ltr'>Partium</span> <span class='ocrx_word' id='word_1_552' title='bbox 988 2448 1186 2486; x_wconf 59' lang='lat' dir='ltr'>praediciarum</span> <span class='ocrx_word' id='word_1_553' title='bbox 1202 2446 1342 2484; x_wconf 86' lang='lat' dir='ltr'>Conque-</span> 
     </span>
     <span class='ocr_line' id='line_1_67' title="bbox 275 2485 1341 2528; baseline -0.008 -4"><span class='ocrx_word' id='word_1_554' title='bbox 275 2495 347 2524; x_wconf 87' lang='lat' dir='ltr'>renti</span> <span class='ocrx_word' id='word_1_555' title='bbox 370 2494 484 2523; x_wconf 72' lang='lat' dir='ltr'>liberior</span> <span class='ocrx_word' id='word_1_556' title='bbox 503 2498 628 2528; x_wconf 80' lang='lat' dir='ltr'>appareat</span> <span class='ocrx_word' id='word_1_557' title='bbox 649 2487 761 2518; x_wconf 73' lang='lat' dir='ltr'>facultas</span> <span class='ocrx_word' id='word_1_558' title='bbox 777 2486 922 2526; x_wconf 89' lang='lat' dir='ltr'>Justitiam</span> <span class='ocrx_word' id='word_1_559' title='bbox 944 2486 1149 2526; x_wconf 81' lang='lat' dir='ltr'>prosequendi,</span> <span class='ocrx_word' id='word_1_560' title='bbox 1167 2485 1341 2516; x_wconf 88' lang='lat' dir='ltr'>Ordinatum</span> 
     </span>
     <span class='ocr_line' id='line_1_68' title="bbox 273 2524 1337 2566; baseline -0.008 -4"><span class='ocrx_word' id='word_1_561' title='bbox 273 2533 308 2562; x_wconf 75' lang='grc' dir='ltr'>δε</span> <span class='ocrx_word' id='word_1_562' title='bbox 331 2530 548 2561; x_wconf 83' lang='lat' dir='ltr'>Concordatum</span> <span class='ocrx_word' id='word_1_563' title='bbox 573 2528 613 2559; x_wconf 83' lang='lat' dir='ltr'>est</span> <span class='ocrx_word' id='word_1_564' title='bbox 638 2526 737 2566; x_wconf 84' lang='lat' dir='ltr'>quod,</span> <span class='ocrx_word' id='word_1_565' title='bbox 751 2526 772 2555; x_wconf 79' lang='lat' dir='ltr'>si</span> <span class='ocrx_word' id='word_1_566' title='bbox 794 2526 856 2562; x_wconf 85' lang='lat' dir='ltr'>quis</span> <span class='ocrx_word' id='word_1_567' title='bbox 878 2534 914 2555; x_wconf 84' lang='lat' dir='ltr'>ex</span> <span class='ocrx_word' id='word_1_568' title='bbox 932 2526 1057 2556; x_wconf 89' lang='lat' dir='ltr'>Subditis</span> <span class='ocrx_word' id='word_1_569' title='bbox 1079 2526 1190 2556; x_wconf 87' lang='lat' dir='ltr'>alterius</span> <span class='ocrx_word' id='word_1_570' title='bbox 1212 2524 1337 2555; x_wconf 86' lang='lat' dir='ltr'>Partium</span> 
     </span>
     <span class='ocr_line' id='line_1_69' title="bbox 272 2563 1343 2608; baseline -0.007 -8"><span class='ocrx_word' id='word_1_571' title='bbox 272 2570 474 2608; x_wconf 71' lang='lat' dir='ltr'>praedictarum</span> <span class='ocrx_word' id='word_1_572' title='bbox 499 2570 656 2605; x_wconf 87' lang='lat' dir='ltr'>quicquam</span> <span class='ocrx_word' id='word_1_573' title='bbox 680 2564 866 2602; x_wconf 81' lang='lat' dir='ltr'>Depraedatus</span> <span class='ocrx_word' id='word_1_574' title='bbox 888 2564 972 2594; x_wconf 92' lang='lat' dir='ltr'>fuerit</span> <span class='ocrx_word' id='word_1_575' title='bbox 992 2564 1038 2594; x_wconf 85' lang='lat' dir='ltr'>seu</span> <span class='ocrx_word' id='word_1_576' title='bbox 1053 2564 1247 2600; x_wconf 84' lang='lat' dir='ltr'>Attemptatus</span> <span class='ocrx_word' id='word_1_577' title='bbox 1261 2563 1343 2593; x_wconf 88' lang='lat' dir='ltr'>fuerit</span> 
     </span>
     <span class='ocr_line' id='line_1_70' title="bbox 274 2601 1341 2640; baseline -0.008 -1"><span class='ocrx_word' id='word_1_578' title='bbox 274 2609 345 2640; x_wconf 76' lang='lat' dir='ltr'>infra</span> <span class='ocrx_word' id='word_1_579' title='bbox 368 2607 528 2638; x_wconf 84' lang='lat' dir='ltr'>Marchiam</span> <span class='ocrx_word' id='word_1_580' title='bbox 550 2616 596 2636; x_wconf 89' lang='lat' dir='ltr'>aut</span> <span class='ocrx_word' id='word_1_581' title='bbox 613 2606 734 2635; x_wconf 86' lang='lat' dir='ltr'>Terram</span> <span class='ocrx_word' id='word_1_582' title='bbox 756 2603 865 2632; x_wconf 89' lang='lat' dir='ltr'>alterius</span> <span class='ocrx_word' id='word_1_583' title='bbox 886 2602 994 2640; x_wconf 86' lang='lat' dir='ltr'>Partis,</span> <span class='ocrx_word' id='word_1_584' title='bbox 1012 2603 1045 2633; x_wconf 89' lang='lat'>&amp;</span> <span class='ocrx_word' id='word_1_585' title='bbox 1062 2602 1124 2640; x_wconf 88' lang='lat' dir='ltr'>post</span> <span class='ocrx_word' id='word_1_586' title='bbox 1140 2601 1341 2639; x_wconf 80' lang='lat' dir='ltr'>Depraedatio-</span> 
     </span>
     <span class='ocr_line' id='line_1_71' title="bbox 276 2640 1342 2684; baseline -0.008 -6"><span class='ocrx_word' id='word_1_587' title='bbox 276 2657 344 2678; x_wconf 89' lang='lat' dir='ltr'>nem</span> <span class='ocrx_word' id='word_1_588' title='bbox 361 2645 523 2684; x_wconf 69' lang='lat' dir='ltr'>hujusmodi</span> <span class='ocrx_word' id='word_1_589' title='bbox 535 2645 580 2674; x_wconf 93' lang='lat' dir='ltr'>seu</span> <span class='ocrx_word' id='word_1_590' title='bbox 598 2643 808 2678; x_wconf 79' lang='lat' dir='ltr'>Attemptatum</span> <span class='ocrx_word' id='word_1_591' title='bbox 823 2641 960 2678; x_wconf 69' lang='lat' dir='ltr'>fugiendo</span> <span class='ocrx_word' id='word_1_592' title='bbox 976 2650 1127 2671; x_wconf 90' lang='lat' dir='ltr'>revertatur</span> <span class='ocrx_word' id='word_1_593' title='bbox 1141 2640 1174 2670; x_wconf 87' lang='lat' dir='ltr'>ad</span> <span class='ocrx_word' id='word_1_594' title='bbox 1198 2640 1342 2670; x_wconf 85' lang='lat' dir='ltr'>Marchias</span> 
     </span>
     <span class='ocr_line' id='line_1_72' title="bbox 275 2678 1339 2718; baseline -0.009 -1"><span class='ocrx_word' id='word_1_595' title='bbox 275 2695 325 2717; x_wconf 84' lang='lat' dir='ltr'>aut</span> <span class='ocrx_word' id='word_1_596' title='bbox 339 2685 463 2716; x_wconf 77' lang='lat' dir='ltr'>Terram</span> <span class='ocrx_word' id='word_1_597' title='bbox 477 2684 546 2713; x_wconf 85' lang='lat' dir='ltr'>illius</span> <span class='ocrx_word' id='word_1_598' title='bbox 561 2681 648 2712; x_wconf 77' lang='lat' dir='ltr'>Partis</span> <span class='ocrx_word' id='word_1_599' title='bbox 665 2681 745 2718; x_wconf 82' lang='lat' dir='ltr'>cujus</span> <span class='ocrx_word' id='word_1_600' title='bbox 758 2679 798 2709; x_wconf 88' lang='lat' dir='ltr'>est</span> <span class='ocrx_word' id='word_1_601' title='bbox 816 2678 964 2716; x_wconf 80' lang='lat' dir='ltr'>Subditus,</span> <span class='ocrx_word' id='word_1_602' title='bbox 979 2679 1080 2710; x_wconf 90' lang='lat' dir='ltr'>licebit</span> <span class='ocrx_word' id='word_1_603' title='bbox 1094 2679 1133 2708; x_wconf 92' lang='lat' dir='ltr'>illi</span> <span class='ocrx_word' id='word_1_604' title='bbox 1145 2687 1243 2708; x_wconf 91' lang='lat' dir='ltr'>contra</span> <span class='ocrx_word' id='word_1_605' title='bbox 1251 2687 1339 2716; x_wconf 89' lang='lat' dir='ltr'>quem</span> 
     </span>
     <span class='ocr_line' id='line_1_73' title="bbox 277 2717 1342 2761; baseline -0.008 -6"><span class='ocrx_word' id='word_1_606' title='bbox 277 2726 316 2755; x_wconf 85' lang='lat' dir='ltr'>sic</span> <span class='ocrx_word' id='word_1_607' title='bbox 338 2723 561 2761; x_wconf 76' lang='lat' dir='ltr'>attemptaverit,</span> <span class='ocrx_word' id='word_1_608' title='bbox 580 2722 609 2750; x_wconf 90' lang='lat' dir='ltr'>in</span> <span class='ocrx_word' id='word_1_609' title='bbox 629 2719 752 2749; x_wconf 85' lang='lat' dir='ltr'>Recenti</span> <span class='ocrx_word' id='word_1_610' title='bbox 780 2717 825 2747; x_wconf 72' lang='lat' dir='ltr'>vel</span> <span class='ocrx_word' id='word_1_611' title='bbox 849 2717 921 2746; x_wconf 90' lang='lat' dir='ltr'>infra</span> <span class='ocrx_word' id='word_1_612' title='bbox 936 2717 991 2747; x_wconf 77' lang='lat' dir='ltr'>Sex</span> <span class='ocrx_word' id='word_1_613' title='bbox 1009 2717 1080 2747; x_wconf 87' lang='lat' dir='ltr'>Dies</span> <span class='ocrx_word' id='word_1_614' title='bbox 1099 2719 1306 2754; x_wconf 78' lang='lat' dir='ltr'>computandos</span> <span class='ocrx_word' id='word_1_615' title='bbox 1327 2725 1342 2746; x_wconf 88' lang='lat' dir='ltr'>a</span> 
     </span>
     <span class='ocr_line' id='line_1_74' title="bbox 277 2755 1343 2800; baseline -0.009 -6"><span class='ocrx_word' id='word_1_616' title='bbox 277 2772 410 2800; x_wconf 89' lang='lat' dir='ltr'>tempore</span> <span class='ocrx_word' id='word_1_617' title='bbox 424 2760 533 2792; x_wconf 65' lang='lat' dir='ltr'>Delieti</span> <span class='ocrx_word' id='word_1_618' title='bbox 547 2760 583 2790; x_wconf 82' lang='lat' dir='ltr'>sic</span> <span class='ocrx_word' id='word_1_619' title='bbox 597 2757 752 2794; x_wconf 80' lang='lat' dir='ltr'>attemptari</span> <span class='ocrx_word' id='word_1_620' title='bbox 767 2755 823 2786; x_wconf 74' lang='lat' dir='ltr'>sive</span> <span class='ocrx_word' id='word_1_621' title='bbox 843 2755 1007 2793; x_wconf 64' lang='lat' dir='ltr'>commisti,</span> <span class='ocrx_word' id='word_1_622' title='bbox 1026 2755 1204 2786; x_wconf 60' lang='lat' dir='ltr'>Austoritate</span> <span class='ocrx_word' id='word_1_623' title='bbox 1224 2755 1343 2792; x_wconf 84' lang='lat' dir='ltr'>praesen-</span> 
     </span>
     <span class='ocr_line' id='line_1_75' title="bbox 277 2793 1342 2836; baseline -0.008 -4"><span class='ocrx_word' id='word_1_624' title='bbox 277 2803 309 2832; x_wconf 87' lang='lat' dir='ltr'>tis</span> <span class='ocrx_word' id='word_1_625' title='bbox 325 2801 542 2835; x_wconf 87' lang='lat' dir='ltr'>Ordinationis,</span> <span class='ocrx_word' id='word_1_626' title='bbox 560 2798 660 2836; x_wconf 84' lang='lat' dir='ltr'>absque</span> <span class='ocrx_word' id='word_1_627' title='bbox 677 2797 733 2827; x_wconf 89' lang='lat' dir='ltr'>aliis</span> <span class='ocrx_word' id='word_1_628' title='bbox 752 2796 853 2825; x_wconf 74' lang='lat' dir='ltr'>Literis</span> <span class='ocrx_word' id='word_1_629' title='bbox 866 2794 902 2824; x_wconf 92' lang='lat' dir='ltr'>de</span> <span class='ocrx_word' id='word_1_630' title='bbox 919 2794 1004 2824; x_wconf 82' lang='lat' dir='ltr'>Salvo</span> <span class='ocrx_word' id='word_1_631' title='bbox 1020 2793 1194 2832; x_wconf 69' lang='lat' dir='ltr'>Conduc&#39;iu,</span> <span class='ocrx_word' id='word_1_632' title='bbox 1212 2793 1342 2831; x_wconf 82' lang='lat' dir='ltr'>prosequi</span> 
     </span>
     <span class='ocr_line' id='line_1_76' title="bbox 278 2831 1343 2873; baseline -0.009 -2"><span class='ocrx_word' id='word_1_633' title='bbox 278 2841 358 2871; x_wconf 90' lang='lat' dir='ltr'>illum</span> <span class='ocrx_word' id='word_1_634' title='bbox 375 2838 610 2873; x_wconf 58' lang='lat' dir='ltr'>malefactorem,</span> <span class='ocrx_word' id='word_1_635' title='bbox 629 2836 663 2864; x_wconf 84' lang='lat'>&amp;</span> <span class='ocrx_word' id='word_1_636' title='bbox 675 2835 765 2873; x_wconf 78' lang='lat' dir='ltr'>ipsum</span> <span class='ocrx_word' id='word_1_637' title='bbox 782 2833 819 2863; x_wconf 85' lang='lat' dir='ltr'>sic</span> <span class='ocrx_word' id='word_1_638' title='bbox 833 2833 1030 2871; x_wconf 86' lang='lat' dir='ltr'>prosequendo</span> <span class='ocrx_word' id='word_1_639' title='bbox 1047 2835 1147 2862; x_wconf 77' lang='lat' dir='ltr'>intrare</span> <span class='ocrx_word' id='word_1_640' title='bbox 1160 2832 1236 2862; x_wconf 77' lang='lat' dir='ltr'>salvo</span> <span class='ocrx_word' id='word_1_641' title='bbox 1253 2832 1285 2862; x_wconf 69' lang='grc' dir='ltr'>ὃς</span> <span class='ocrx_word' id='word_1_642' title='bbox 1302 2831 1343 2861; x_wconf 90' lang='lat' dir='ltr'>se-</span> 
     </span>
     <span class='ocr_line' id='line_1_77' title="bbox 279 2869 1345 2910; baseline -0.008 -1"><span class='ocrx_word' id='word_1_643' title='bbox 279 2881 349 2910; x_wconf 70' lang='lat' dir='ltr'>care</span> <span class='ocrx_word' id='word_1_644' title='bbox 364 2878 508 2908; x_wconf 66' lang='lat' dir='ltr'>Marchias</span> <span class='ocrx_word' id='word_1_645' title='bbox 523 2876 579 2906; x_wconf 82' lang='lat' dir='ltr'>five</span> <span class='ocrx_word' id='word_1_646' title='bbox 593 2874 717 2905; x_wconf 82' lang='lat' dir='ltr'>Terram</span> <span class='ocrx_word' id='word_1_647' title='bbox 734 2874 762 2902; x_wconf 90' lang='lat' dir='ltr'>in</span> <span class='ocrx_word' id='word_1_648' title='bbox 777 2882 862 2909; x_wconf 88' lang='lat' dir='ltr'>quam</span> <span class='ocrx_word' id='word_1_649' title='bbox 879 2871 956 2901; x_wconf 88' lang='lat' dir='ltr'>idem</span> <span class='ocrx_word' id='word_1_650' title='bbox 972 2871 1144 2902; x_wconf 68' lang='lat' dir='ltr'>MalefaCtor</span> <span class='ocrx_word' id='word_1_651' title='bbox 1161 2870 1186 2901; x_wconf 89' lang='lat' dir='ltr'>se</span> <span class='ocrx_word' id='word_1_652' title='bbox 1205 2869 1345 2901; x_wconf 79' lang='lat' dir='ltr'>subtraxe-</span> 
     </span>
     <span class='ocr_line' id='line_1_78' title="bbox 279 2908 1344 2956; baseline -0.01 -8"><span class='ocrx_word' id='word_1_653' title='bbox 279 2919 313 2949; x_wconf 85' lang='lat' dir='ltr'>rit</span> <span class='ocrx_word' id='word_1_654' title='bbox 324 2940 334 2956; x_wconf 91' lang='lat'>,</span> <span class='ocrx_word' id='word_1_655' title='bbox 349 2916 529 2953; x_wconf 81' lang='lat' dir='ltr'>dummodo,</span> <span class='ocrx_word' id='word_1_656' title='bbox 547 2914 698 2952; x_wconf 77' lang='lat' dir='ltr'>quamcito</span> <span class='ocrx_word' id='word_1_657' title='bbox 711 2910 872 2948; x_wconf 84' lang='lat' dir='ltr'>hujusmodi</span> <span class='ocrx_word' id='word_1_658' title='bbox 888 2910 1050 2940; x_wconf 83' lang='lat' dir='ltr'>Marchiam</span> <span class='ocrx_word' id='word_1_659' title='bbox 1065 2909 1119 2940; x_wconf 71' lang='lat' dir='ltr'>hac</span> <span class='ocrx_word' id='word_1_660' title='bbox 1132 2909 1168 2940; x_wconf 90' lang='lat' dir='ltr'>de</span> <span class='ocrx_word' id='word_1_661' title='bbox 1187 2908 1279 2939; x_wconf 81' lang='lat' dir='ltr'>Causa</span> <span class='ocrx_word' id='word_1_662' title='bbox 1301 2910 1344 2938; x_wconf 88' lang='lat' dir='ltr'>in-</span> 
     </span>
     <span class='ocr_line' id='line_1_79' title="bbox 279 2946 1342 2993; baseline -0.01 -6"><span class='ocrx_word' id='word_1_663' title='bbox 279 2957 411 2993; x_wconf 83' lang='lat' dir='ltr'>traverit,</span> <span class='ocrx_word' id='word_1_664' title='bbox 425 2955 503 2984; x_wconf 89' lang='lat' dir='ltr'>adeat</span> <span class='ocrx_word' id='word_1_665' title='bbox 517 2953 643 2991; x_wconf 86' lang='lat' dir='ltr'>aliquem</span> <span class='ocrx_word' id='word_1_666' title='bbox 660 2950 764 2981; x_wconf 87' lang='lat' dir='ltr'>Virum</span> <span class='ocrx_word' id='word_1_667' title='bbox 781 2950 866 2980; x_wconf 80' lang='lat' dir='ltr'>bonae</span> <span class='ocrx_word' id='word_1_668' title='bbox 884 2948 982 2979; x_wconf 76' lang='lat' dir='ltr'>famae</span> <span class='ocrx_word' id='word_1_669' title='bbox 997 2950 1031 2980; x_wconf 90' lang='lat'>&amp;</span> <span class='ocrx_word' id='word_1_670' title='bbox 1052 2948 1207 2986; x_wconf 91' lang='lat' dir='ltr'>Opinionis</span> <span class='ocrx_word' id='word_1_671' title='bbox 1231 2946 1320 2977; x_wconf 82' lang='lat' dir='ltr'>illaesae</span> <span class='ocrx_word' id='word_1_672' title='bbox 1333 2970 1342 2985; x_wconf 89' lang='lat'>,</span> 
     </span>
     <span class='ocr_line' id='line_1_80' title="bbox 279 2985 1343 3026; baseline -0.008 -1"><span class='ocrx_word' id='word_1_673' title='bbox 279 2995 464 3025; x_wconf 79' lang='lat' dir='ltr'>Habitantem</span> <span class='ocrx_word' id='word_1_674' title='bbox 487 2992 556 3022; x_wconf 79' lang='lat' dir='ltr'>infra</span> <span class='ocrx_word' id='word_1_675' title='bbox 577 2990 740 3021; x_wconf 48' lang='lat' dir='ltr'>livi-archiam</span> <span class='ocrx_word' id='word_1_676' title='bbox 763 2998 849 3026; x_wconf 87' lang='lat' dir='ltr'>quam</span> <span class='ocrx_word' id='word_1_677' title='bbox 871 2988 907 3017; x_wconf 87' lang='lat' dir='ltr'>sic</span> <span class='ocrx_word' id='word_1_678' title='bbox 932 2989 1031 3025; x_wconf 77' lang='lat' dir='ltr'>intrat,</span> <span class='ocrx_word' id='word_1_679' title='bbox 1049 2988 1082 3018; x_wconf 73' lang='grc' dir='ltr'>δε</span> <span class='ocrx_word' id='word_1_680' title='bbox 1103 2987 1194 3016; x_wconf 88' lang='lat' dir='ltr'>eidem</span> <span class='ocrx_word' id='word_1_681' title='bbox 1221 2985 1343 3016; x_wconf 89' lang='lat' dir='ltr'>declaret</span> 
     </span>
     <span class='ocr_line' id='line_1_81' title="bbox 280 3023 1341 3065; baseline -0.009 -1"><span class='ocrx_word' id='word_1_682' title='bbox 280 3033 403 3063; x_wconf 78' lang='lat' dir='ltr'>Causam</span> <span class='ocrx_word' id='word_1_683' title='bbox 427 3030 564 3062; x_wconf 75' lang='lat' dir='ltr'>introitus</span> <span class='ocrx_word' id='word_1_684' title='bbox 585 3030 624 3059; x_wconf 91' lang='lat' dir='ltr'>sui</span> <span class='ocrx_word' id='word_1_685' title='bbox 641 3053 650 3065; x_wconf 84' lang='lat'>‚</span> <span class='ocrx_word' id='word_1_686' title='bbox 682 3030 737 3058; x_wconf 90' lang='lat' dir='ltr'>viz.</span> <span class='ocrx_word' id='word_1_687' title='bbox 761 3027 794 3056; x_wconf 90' lang='lat' dir='ltr'>ad</span> <span class='ocrx_word' id='word_1_688' title='bbox 820 3026 1055 3063; x_wconf 81' lang='lat' dir='ltr'>Prosequendum</span> <span class='ocrx_word' id='word_1_689' title='bbox 1086 3023 1341 3063; x_wconf 63' lang='lat' dir='ltr'>Deprxdationem</span> 
     </span>
     <span class='ocr_line' id='line_1_82' title="bbox 280 3062 1341 3107; baseline -0.009 -5"><span class='ocrx_word' id='word_1_690' title='bbox 280 3072 357 3102; x_wconf 75' lang='lat' dir='ltr'>suam</span> <span class='ocrx_word' id='word_1_691' title='bbox 393 3071 563 3107; x_wconf 71' lang='lat' dir='ltr'>describatq3</span> <span class='ocrx_word' id='word_1_692' title='bbox 585 3068 619 3098; x_wconf 87' lang='lat'>&amp;</span> <span class='ocrx_word' id='word_1_693' title='bbox 641 3066 779 3104; x_wconf 83' lang='lat' dir='ltr'>specificet</span> <span class='ocrx_word' id='word_1_694' title='bbox 803 3066 881 3095; x_wconf 88' lang='lat' dir='ltr'>idem</span> <span class='ocrx_word' id='word_1_695' title='bbox 903 3065 1006 3102; x_wconf 90' lang='lat' dir='ltr'>quibus</span> <span class='ocrx_word' id='word_1_696' title='bbox 1030 3063 1132 3102; x_wconf 83' lang='lat' dir='ltr'>Bonis,</span> <span class='ocrx_word' id='word_1_697' title='bbox 1147 3063 1277 3102; x_wconf 85' lang='lat' dir='ltr'>Catallis,</span> <span class='ocrx_word' id='word_1_698' title='bbox 1296 3062 1341 3093; x_wconf 87' lang='lat' dir='ltr'>vel</span> 
     </span>
     <span class='ocr_line' id='line_1_83' title="bbox 281 3096 1343 3143; baseline -0.008 -2"><span class='ocrx_word' id='word_1_699' title='bbox 281 3096 382 3141; x_wconf 63' lang='lat' dir='ltr'>Rebu&#39;i</span> <span class='ocrx_word' id='word_1_700' title='bbox 397 3110 481 3140; x_wconf 78' lang='lat' dir='ltr'>fuerit</span> <span class='ocrx_word' id='word_1_701' title='bbox 493 3105 690 3143; x_wconf 82' lang='lat' dir='ltr'>Depraedatus:</span> <span class='ocrx_word' id='word_1_702' title='bbox 700 3105 745 3135; x_wconf 91' lang='lat' dir='ltr'>Ac</span> <span class='ocrx_word' id='word_1_703' title='bbox 759 3102 869 3140; x_wconf 87' lang='lat' dir='ltr'>insuper</span> <span class='ocrx_word' id='word_1_704' title='bbox 885 3104 1003 3140; x_wconf 85' lang='lat' dir='ltr'>requirat</span> <span class='ocrx_word' id='word_1_705' title='bbox 1015 3102 1138 3133; x_wconf 85' lang='lat' dir='ltr'>eundem</span> <span class='ocrx_word' id='word_1_706' title='bbox 1154 3103 1233 3140; x_wconf 73' lang='lat' dir='ltr'>quOd</span> <span class='ocrx_word' id='word_1_707' title='bbox 1243 3111 1343 3140; x_wconf 78' lang='lat' dir='ltr'>quarn·</span> 
     </span>
     <span class='ocr_line' id='line_1_84' title="bbox 281 3140 1344 3186; baseline -0.01 -6"><span class='ocrx_word' id='word_1_708' title='bbox 281 3151 328 3180; x_wconf 84' lang='lat' dir='ltr'>diu</span> <span class='ocrx_word' id='word_1_709' title='bbox 352 3147 509 3186; x_wconf 82' lang='lat' dir='ltr'>hujusmodi</span> <span class='ocrx_word' id='word_1_710' title='bbox 529 3145 760 3176; x_wconf 76' lang='lat' dir='ltr'>prosecutionem</span> <span class='ocrx_word' id='word_1_711' title='bbox 786 3142 860 3171; x_wconf 77' lang='lat' dir='ltr'>suam</span> <span class='ocrx_word' id='word_1_712' title='bbox 881 3141 996 3184; x_wconf 71' lang='lat' dir='ltr'>fecerit,</span> <span class='ocrx_word' id='word_1_713' title='bbox 1012 3142 1109 3172; x_wconf 90' lang='lat' dir='ltr'>secum</span> <span class='ocrx_word' id='word_1_714' title='bbox 1133 3151 1194 3177; x_wconf 80' lang='lat' dir='ltr'>eat,</span> <span class='ocrx_word' id='word_1_715' title='bbox 1213 3150 1243 3182; x_wconf 85' lang='lat' dir='ltr'>ut</span> <span class='ocrx_word' id='word_1_716' title='bbox 1265 3140 1344 3178; x_wconf 89' lang='lat' dir='ltr'>super</span> 
     </span>
     <span class='ocr_line' id='line_1_85' title="bbox 282 3180 1343 3221; baseline -0.008 -3"><span class='ocrx_word' id='word_1_717' title='bbox 282 3188 374 3218; x_wconf 62' lang='lat' dir='ltr'>fastis</span> <span class='ocrx_word' id='word_1_718' title='bbox 387 3187 583 3221; x_wconf 82' lang='lat' dir='ltr'>suistempore</span> <span class='ocrx_word' id='word_1_719' title='bbox 597 3182 683 3212; x_wconf 67' lang='lat' dir='ltr'>dietae</span> <span class='ocrx_word' id='word_1_720' title='bbox 698 3181 907 3211; x_wconf 84' lang='lat' dir='ltr'>Prosecutionis</span> <span class='ocrx_word' id='word_1_721' title='bbox 926 3180 1010 3217; x_wconf 83' lang='lat' dir='ltr'>possit</span> <span class='ocrx_word' id='word_1_722' title='bbox 1035 3180 1106 3209; x_wconf 76' lang='lat' dir='ltr'>cum</span> <span class='ocrx_word' id='word_1_723' title='bbox 1129 3180 1268 3217; x_wconf 71' lang='lat' dir='ltr'>requisitus</span> <span class='ocrx_word' id='word_1_724' title='bbox 1281 3181 1343 3209; x_wconf 78' lang='lat' dir='ltr'>fue-</span> 
     </span>
     <span class='ocr_line' id='line_1_86' title="bbox 281 3217 1343 3263; baseline -0.008 -7"><span class='ocrx_word' id='word_1_725' title='bbox 281 3229 317 3257; x_wconf 88' lang='lat' dir='ltr'>rit</span> <span class='ocrx_word' id='word_1_726' title='bbox 330 3227 409 3263; x_wconf 82' lang='lat' dir='ltr'>super</span> <span class='ocrx_word' id='word_1_727' title='bbox 424 3226 481 3255; x_wconf 85' lang='lat' dir='ltr'>hoc</span> <span class='ocrx_word' id='word_1_728' title='bbox 494 3222 708 3254; x_wconf 82' lang='lat' dir='ltr'>Testimonium</span> <span class='ocrx_word' id='word_1_729' title='bbox 730 3219 874 3257; x_wconf 87' lang='lat' dir='ltr'>perhibere</span> <span class='ocrx_word' id='word_1_730' title='bbox 891 3217 1024 3255; x_wconf 70' lang='lat' dir='ltr'>Veritati3</span> <span class='ocrx_word' id='word_1_731' title='bbox 1043 3218 1087 3248; x_wconf 88' lang='lat' dir='ltr'>vel</span> <span class='ocrx_word' id='word_1_732' title='bbox 1100 3242 1108 3254; x_wconf 80' lang='grc'><em>,</em></span> <span class='ocrx_word' id='word_1_733' title='bbox 1127 3218 1148 3247; x_wconf 83' lang='lat' dir='ltr'>si</span> <span class='ocrx_word' id='word_1_734' title='bbox 1169 3219 1216 3247; x_wconf 82' lang='lat' dir='ltr'>nbi</span> <span class='ocrx_word' id='word_1_735' title='bbox 1244 3217 1343 3247; x_wconf 78' lang='lat' dir='ltr'>melius</span> 
     </span>
     <span class='ocr_line' id='line_1_87' title="bbox 281 3254 1343 3302; baseline -0.009 -8"><span class='ocrx_word' id='word_1_736' title='bbox 281 3265 437 3300; x_wconf 70' lang='lat' dir='ltr'>videi-itur,</span> <span class='ocrx_word' id='word_1_737' title='bbox 455 3264 559 3302; x_wconf 82' lang='lat' dir='ltr'>poterit</span> <span class='ocrx_word' id='word_1_738' title='bbox 580 3259 652 3290; x_wconf 85' lang='lat' dir='ltr'>infra</span> <span class='ocrx_word' id='word_1_739' title='bbox 672 3259 763 3288; x_wconf 64' lang='lat' dir='ltr'>dieios</span> <span class='ocrx_word' id='word_1_740' title='bbox 785 3257 840 3287; x_wconf 74' lang='lat' dir='ltr'>Sex</span> <span class='ocrx_word' id='word_1_741' title='bbox 865 3255 936 3286; x_wconf 85' lang='lat' dir='ltr'>Dies</span> <span class='ocrx_word' id='word_1_742' title='bbox 954 3256 1028 3286; x_wconf 88' lang='lat' dir='ltr'>adire</span> <span class='ocrx_word' id='word_1_743' title='bbox 1055 3266 1147 3297; x_wconf 85' lang='lat' dir='ltr'>unum</span> <span class='ocrx_word' id='word_1_744' title='bbox 1162 3256 1197 3284; x_wconf 93' lang='lat' dir='ltr'>de</span> <span class='ocrx_word' id='word_1_745' title='bbox 1214 3254 1343 3297; x_wconf 36' lang='lat' dir='ltr'>⁸Gardt-a-</span> 
     </span>
     <span class='ocr_line' id='line_1_88' title="bbox 282 3293 1340 3338; baseline -0.009 -5"><span class='ocrx_word' id='word_1_746' title='bbox 282 3305 324 3334; x_wconf 87' lang='lat' dir='ltr'>nis</span> <span class='ocrx_word' id='word_1_747' title='bbox 343 3302 450 3333; x_wconf 73' lang='lat' dir='ltr'>alzerius</span> <span class='ocrx_word' id='word_1_748' title='bbox 470 3301 558 3331; x_wconf 82' lang='lat' dir='ltr'>Partis</span> <span class='ocrx_word' id='word_1_749' title='bbox 571 3321 582 3338; x_wconf 88' lang='lat'>,</span> <span class='ocrx_word' id='word_1_750' title='bbox 602 3298 646 3329; x_wconf 91' lang='lat' dir='ltr'>vel</span> <span class='ocrx_word' id='word_1_751' title='bbox 668 3299 725 3336; x_wconf 82' lang='lat' dir='ltr'>eJ&#39;us</span> <span class='ocrx_word' id='word_1_752' title='bbox 745 3296 926 3333; x_wconf 89' lang='lat' dir='ltr'>Deputatum</span> <span class='ocrx_word' id='word_1_753' title='bbox 940 3317 950 3332; x_wconf 92' lang='lat'>,</span> <span class='ocrx_word' id='word_1_754' title='bbox 969 3304 1023 3332; x_wconf 87' lang='lat' dir='ltr'>pro</span> <span class='ocrx_word' id='word_1_755' title='bbox 1042 3293 1090 3324; x_wconf 87' lang='lat' dir='ltr'>sua</span> <span class='ocrx_word' id='word_1_756' title='bbox 1113 3293 1226 3332; x_wconf 79' lang='lat' dir='ltr'>justitia</span> <span class='ocrx_word' id='word_1_757' title='bbox 1246 3296 1340 3331; x_wconf 81' lang='lat' dir='ltr'>prole—</span> 
     </span>
    </p>

    <p class='ocr_par' dir='ltr' id='par_1_12' title="bbox 279 3341 1345 4027">
     <span class='ocr_line' id='line_1_89' title="bbox 344 3341 406 3370; baseline 0.016 -1"><span class='ocrx_word' id='word_1_758' title='bbox 344 3341 406 3370; x_wconf 82' lang='lat' dir='ltr'>nda.</span> 
     </span>
     <span class='ocr_line' id='line_1_90' title="bbox 284 3352 1342 3417; baseline -0.01 -9"><span class='ocrx_word' id='word_1_759' title='bbox 284 3352 408 3409; x_wconf 67' lang='lat' dir='ltr'>quIeTsM</span> <span class='ocrx_word' id='word_1_760' title='bbox 419 3402 428 3417; x_wconf 92' lang='lat'>,</span> <span class='ocrx_word' id='word_1_761' title='bbox 447 3378 510 3415; x_wconf 86' lang='lat' dir='ltr'>quia</span> <span class='ocrx_word' id='word_1_762' title='bbox 526 3378 586 3407; x_wconf 68' lang='lat' dir='ltr'>:am</span> <span class='ocrx_word' id='word_1_763' title='bbox 599 3370 853 3405; x_wconf 81' lang='lat' dir='ltr'>Excellentiffimus</span> <span class='ocrx_word' id='word_1_764' title='bbox 866 3371 899 3401; x_wconf 84' lang='lat'>&amp;</span> <span class='ocrx_word' id='word_1_765' title='bbox 915 3369 1114 3401; x_wconf 73' lang='lat' dir='ltr'>Invictiffimus</span> <span class='ocrx_word' id='word_1_766' title='bbox 1128 3369 1260 3406; x_wconf 85' lang='lat' dir='ltr'>Princeps</span> <span class='ocrx_word' id='word_1_767' title='bbox 1282 3372 1342 3398; x_wconf 87' lang='lat' dir='ltr'>Rex</span> 
     </span>
     <span class='ocr_line' id='line_1_91' title="bbox 283 3407 1344 3454; baseline -0.011 -7"><span class='ocrx_word' id='word_1_768' title='bbox 283 3417 397 3453; x_wconf 77' lang='lat' dir='ltr'>Angliae</span> <span class='ocrx_word' id='word_1_769' title='bbox 413 3418 496 3454; x_wconf 67' lang='lat' dir='ltr'>quam</span> <span class='ocrx_word' id='word_1_770' title='bbox 509 3412 764 3446; x_wconf 77' lang='lat' dir='ltr'>Excellentiffimus</span> <span class='ocrx_word' id='word_1_771' title='bbox 779 3410 812 3440; x_wconf 91' lang='lat'>&amp;</span> <span class='ocrx_word' id='word_1_772' title='bbox 835 3408 1033 3440; x_wconf 81' lang='lat' dir='ltr'>Illustriffirnus</span> <span class='ocrx_word' id='word_1_773' title='bbox 1054 3407 1188 3445; x_wconf 82' lang='lat' dir='ltr'>Princeps</span> <span class='ocrx_word' id='word_1_774' title='bbox 1209 3411 1344 3436; x_wconf 85' lang='lat' dir='ltr'>Scotorum</span> 
     </span>
     <span class='ocr_line' id='line_1_92' title="bbox 282 3446 1340 3492; baseline -0.011 -6"><span class='ocrx_word' id='word_1_775' title='bbox 282 3459 344 3486; x_wconf 77' lang='lat' dir='ltr'>Rex</span> <span class='ocrx_word' id='word_1_776' title='bbox 361 3465 416 3492; x_wconf 78' lang='lat' dir='ltr'>ejus</span> <span class='ocrx_word' id='word_1_777' title='bbox 433 3454 682 3492; x_wconf 65' lang='lat' dir='ltr'>Conlanguineus,</span> <span class='ocrx_word' id='word_1_778' title='bbox 696 3452 770 3480; x_wconf 80' lang='lat' dir='ltr'>bene</span> <span class='ocrx_word' id='word_1_779' title='bbox 793 3448 972 3479; x_wconf 84' lang='lat' dir='ltr'>confiderant</span> <span class='ocrx_word' id='word_1_780' title='bbox 992 3448 1025 3477; x_wconf 70' lang='grc' dir='ltr'>ὅ(</span> <span class='ocrx_word' id='word_1_781' title='bbox 1047 3447 1241 3489; x_wconf 73' lang='lat' dir='ltr'>perpendunt,</span> <span class='ocrx_word' id='word_1_782' title='bbox 1259 3446 1340 3483; x_wconf 84' lang='lat' dir='ltr'>quod</span> 
     </span>
     <span class='ocr_line' id='line_1_93' title="bbox 283 3484 1344 3531; baseline -0.01 -7"><span class='ocrx_word' id='word_1_783' title='bbox 283 3495 335 3524; x_wconf 77' lang='lat' dir='ltr'>niti</span> <span class='ocrx_word' id='word_1_784' title='bbox 351 3493 481 3531; x_wconf 64' lang='lat' dir='ltr'>praedie‘ia</span> <span class='ocrx_word' id='word_1_785' title='bbox 495 3494 594 3523; x_wconf 75' lang='lat' dir='ltr'>omnia</span> <span class='ocrx_word' id='word_1_786' title='bbox 611 3492 686 3521; x_wconf 83' lang='lat' dir='ltr'>bene</span> <span class='ocrx_word' id='word_1_787' title='bbox 698 3488 925 3519; x_wconf 81' lang='lat' dir='ltr'>conservarentur</span> <span class='ocrx_word' id='word_1_788' title='bbox 938 3484 1092 3528; x_wconf 79' lang='lat' dir='ltr'>efficaciter</span> <span class='ocrx_word' id='word_1_789' title='bbox 1106 3486 1138 3514; x_wconf 87' lang='lat'><strong>&amp;</strong></span> <span class='ocrx_word' id='word_1_790' title='bbox 1155 3486 1254 3514; x_wconf 83' lang='lat' dir='ltr'>votive</span> <span class='ocrx_word' id='word_1_791' title='bbox 1265 3492 1344 3527; x_wconf 55' lang='lat' dir='ltr'>justia</span> 
     </span>
     <span class='ocr_line' id='line_1_94' title="bbox 285 3521 1345 3567; baseline -0.01 -4"><span class='ocrx_word' id='word_1_792' title='bbox 285 3542 387 3563; x_wconf 87' lang='lat' dir='ltr'>eorum</span> <span class='ocrx_word' id='word_1_793' title='bbox 403 3532 533 3561; x_wconf 84' lang='lat' dir='ltr'>desideria</span> <span class='ocrx_word' id='word_1_794' title='bbox 558 3540 606 3567; x_wconf 83' lang='lat' dir='ltr'>per</span> <span class='ocrx_word' id='word_1_795' title='bbox 629 3538 764 3565; x_wconf 83' lang='lat' dir='ltr'>magnam</span> <span class='ocrx_word' id='word_1_796' title='bbox 787 3528 820 3557; x_wconf 90' lang='lat'>&amp;</span> <span class='ocrx_word' id='word_1_797' title='bbox 841 3526 967 3556; x_wconf 87' lang='lat' dir='ltr'>debitam</span> <span class='ocrx_word' id='word_1_798' title='bbox 989 3524 1165 3561; x_wconf 84' lang='lat' dir='ltr'>diligentiam</span> <span class='ocrx_word' id='word_1_799' title='bbox 1180 3521 1345 3565; x_wconf 81' lang='lat' dir='ltr'>Officiario-</span> 
     </span>
     <span class='ocr_line' id='line_1_95' title="bbox 286 3559 1343 3607; baseline -0.01 -6"><span class='ocrx_word' id='word_1_800' title='bbox 286 3581 350 3602; x_wconf 82' lang='lat' dir='ltr'>rum</span> <span class='ocrx_word' id='word_1_801' title='bbox 374 3571 403 3600; x_wconf 90' lang='lat' dir='ltr'>in</span> <span class='ocrx_word' id='word_1_802' title='bbox 425 3569 568 3607; x_wconf 80' lang='lat' dir='ltr'>puniendo</span> <span class='ocrx_word' id='word_1_803' title='bbox 589 3566 820 3605; x_wconf 73' lang='lat' dir='ltr'>Transgressbres</span> <span class='ocrx_word' id='word_1_804' title='bbox 839 3563 980 3601; x_wconf 89' lang='lat' dir='ltr'>quossibet</span> <span class='ocrx_word' id='word_1_805' title='bbox 1002 3572 1055 3600; x_wconf 85' lang='lat' dir='ltr'>pio</span> <span class='ocrx_word' id='word_1_806' title='bbox 1070 3562 1196 3604; x_wconf 77' lang='lat' dir='ltr'>qualitate</span> <span class='ocrx_word' id='word_1_807' title='bbox 1212 3559 1343 3590; x_wconf 71' lang='lat' dir='ltr'>Delieio-</span> 
     </span>
     <span class='ocr_line' id='line_1_96' title="bbox 285 3596 1344 3646; baseline -0.012 -6"><span class='ocrx_word' id='word_1_808' title='bbox 285 3620 369 3646; x_wconf 72' lang='lat' dir='ltr'>rum,</span> <span class='ocrx_word' id='word_1_809' title='bbox 387 3609 553 3645; x_wconf 67' lang='lat' dir='ltr'>contingere</span> <span class='ocrx_word' id='word_1_810' title='bbox 569 3608 671 3644; x_wconf 84' lang='lat' dir='ltr'>poterit</span> <span class='ocrx_word' id='word_1_811' title='bbox 685 3605 756 3635; x_wconf 81' lang='lat' dir='ltr'>infra</span> <span class='ocrx_word' id='word_1_812' title='bbox 771 3605 872 3640; x_wconf 89' lang='lat' dir='ltr'>breve,</span> <span class='ocrx_word' id='word_1_813' title='bbox 889 3610 1001 3640; x_wconf 88' lang='lat' dir='ltr'>propter</span> <span class='ocrx_word' id='word_1_814' title='bbox 1017 3599 1200 3644; x_wconf 83' lang='lat' dir='ltr'>Insolentiam</span> <span class='ocrx_word' id='word_1_815' title='bbox 1213 3599 1245 3628; x_wconf 89' lang='lat'><strong>&amp;</strong></span> <span class='ocrx_word' id='word_1_816' title='bbox 1266 3596 1344 3642; x_wconf 80' lang='lat' dir='ltr'>Inef-</span> 
     </span>
     <span class='ocr_line' id='line_1_97' title="bbox 285 3636 1344 3681; baseline -0.012 -2"><span class='ocrx_word' id='word_1_817' title='bbox 285 3649 432 3679; x_wconf 62' lang='lat' dir='ltr'>fraenatam</span> <span class='ocrx_word' id='word_1_818' title='bbox 459 3646 674 3676; x_wconf 81' lang='lat' dir='ltr'>Multitudinem</span> <span class='ocrx_word' id='word_1_819' title='bbox 700 3642 937 3679; x_wconf 88' lang='lat' dir='ltr'>Delinquentium</span> <span class='ocrx_word' id='word_1_820' title='bbox 953 3663 964 3678; x_wconf 88' lang='lat'>,</span> <span class='ocrx_word' id='word_1_821' title='bbox 990 3639 1132 3681; x_wconf 68' lang='lat' dir='ltr'>praedietas</span> <span class='ocrx_word' id='word_1_822' title='bbox 1152 3636 1344 3668; x_wconf 86' lang='lat' dir='ltr'>Abstinentias</span> 
     </span>
     <span class='ocr_line' id='line_1_98' title="bbox 286 3675 1343 3723; baseline -0.011 -7"><span class='ocrx_word' id='word_1_823' title='bbox 286 3686 480 3723; x_wconf 85' lang='lat' dir='ltr'>multipliciter</span> <span class='ocrx_word' id='word_1_824' title='bbox 499 3683 616 3720; x_wconf 87' lang='lat' dir='ltr'>violari,</span> <span class='ocrx_word' id='word_1_825' title='bbox 628 3683 705 3720; x_wconf 89' lang='lat' dir='ltr'>quod</span> <span class='ocrx_word' id='word_1_826' title='bbox 725 3680 818 3717; x_wconf 68' lang='lat' dir='ltr'>absit,</span> <span class='ocrx_word' id='word_1_827' title='bbox 840 3679 950 3709; x_wconf 87' lang='lat' dir='ltr'>idcirco</span> <span class='ocrx_word' id='word_1_828' title='bbox 971 3677 1151 3721; x_wconf 32' lang='lat' dir='ltr'>Cone-lusum</span> <span class='ocrx_word' id='word_1_829' title='bbox 1173 3675 1236 3712; x_wconf 85' lang='lat' dir='ltr'>est,</span> <span class='ocrx_word' id='word_1_830' title='bbox 1261 3675 1343 3712; x_wconf 82' lang='lat' dir='ltr'>quod</span> 
     </span>
     <span class='ocr_line' id='line_1_99' title="bbox 283 3713 1344 3762; baseline -0.011 -7"><span class='ocrx_word' id='word_1_831' title='bbox 283 3729 490 3762; x_wconf 67' lang='lat' dir='ltr'>quandocunq3</span> <span class='ocrx_word' id='word_1_832' title='bbox 506 3721 604 3758; x_wconf 81' lang='lat' dir='ltr'>aliquis</span> <span class='ocrx_word' id='word_1_833' title='bbox 618 3720 732 3758; x_wconf 82' lang='lat' dir='ltr'>Regum</span> <span class='ocrx_word' id='word_1_834' title='bbox 744 3718 946 3757; x_wconf 65' lang='lat' dir='ltr'>praedit-storum</span> <span class='ocrx_word' id='word_1_835' title='bbox 959 3717 1068 3759; x_wconf 74' lang='lat' dir='ltr'>senserit</span> <span class='ocrx_word' id='word_1_836' title='bbox 1089 3718 1114 3745; x_wconf 79' lang='lat' dir='ltr'>ie</span> <span class='ocrx_word' id='word_1_837' title='bbox 1126 3722 1172 3744; x_wconf 92' lang='lat' dir='ltr'>aut</span> <span class='ocrx_word' id='word_1_838' title='bbox 1190 3713 1251 3743; x_wconf 82' lang='lat' dir='ltr'>suos</span> <span class='ocrx_word' id='word_1_839' title='bbox 1270 3723 1344 3743; x_wconf 91' lang='lat' dir='ltr'>con-</span> 
     </span>
     <span class='ocr_line' id='line_1_100' title="bbox 285 3755 1342 3797; baseline -0.013 -3"><span class='ocrx_word' id='word_1_840' title='bbox 285 3771 325 3792; x_wconf 82' lang='lat' dir='ltr'>tra</span> <span class='ocrx_word' id='word_1_841' title='bbox 349 3764 475 3793; x_wconf 85' lang='lat' dir='ltr'>formam</span> <span class='ocrx_word' id='word_1_842' title='bbox 499 3758 698 3797; x_wconf 61' lang='lat' dir='ltr'>praedictarum</span> <span class='ocrx_word' id='word_1_843' title='bbox 717 3757 893 3787; x_wconf 87' lang='lat' dir='ltr'>Guerrarum</span> <span class='ocrx_word' id='word_1_844' title='bbox 907 3755 1147 3786; x_wconf 87' lang='lat' dir='ltr'>Abstinentiarum</span> <span class='ocrx_word' id='word_1_845' title='bbox 1161 3760 1342 3790; x_wconf 68' lang='lat' dir='ltr'>aggravatum</span> 
     </span>
     <span class='ocr_line' id='line_1_101' title="bbox 285 3789 1340 3840; baseline -0.011 -10"><span class='ocrx_word' id='word_1_846' title='bbox 285 3802 329 3830; x_wconf 86' lang='lat' dir='ltr'>vel</span> <span class='ocrx_word' id='word_1_847' title='bbox 346 3807 508 3840; x_wconf 75' lang='lat' dir='ltr'>aggravatos</span> <span class='ocrx_word' id='word_1_848' title='bbox 522 3799 549 3828; x_wconf 92' lang='lat' dir='ltr'>in</span> <span class='ocrx_word' id='word_1_849' title='bbox 564 3796 707 3826; x_wconf 77' lang='lat' dir='ltr'>desectum</span> <span class='ocrx_word' id='word_1_850' title='bbox 716 3794 1028 3833; x_wconf 77' lang='lat' dir='ltr'>ExecutionisJustitiae</span> <span class='ocrx_word' id='word_1_851' title='bbox 1041 3793 1076 3822; x_wconf 89' lang='lat' dir='ltr'>ab</span> <span class='ocrx_word' id='word_1_852' title='bbox 1092 3792 1175 3822; x_wconf 88' lang='lat' dir='ltr'>altera</span> <span class='ocrx_word' id='word_1_853' title='bbox 1183 3789 1263 3820; x_wconf 86' lang='lat' dir='ltr'>Parte</span> <span class='ocrx_word' id='word_1_854' title='bbox 1278 3799 1340 3819; x_wconf 85' lang='lat' dir='ltr'>non</span> 
     </span>
     <span class='ocr_line' id='line_1_102' title="bbox 284 3827 1342 3877; baseline -0.011 -8"><span class='ocrx_word' id='word_1_855' title='bbox 284 3840 385 3877; x_wconf 53' lang='lat' dir='ltr'>fiete,</span> <span class='ocrx_word' id='word_1_856' title='bbox 404 3839 537 3872; x_wconf 86' lang='lat' dir='ltr'>Princeps</span> <span class='ocrx_word' id='word_1_857' title='bbox 559 3835 647 3865; x_wconf 89' lang='lat' dir='ltr'>taliter</span> <span class='ocrx_word' id='word_1_858' title='bbox 668 3833 694 3863; x_wconf 92' lang='lat' dir='ltr'>se</span> <span class='ocrx_word' id='word_1_859' title='bbox 717 3842 762 3863; x_wconf 87' lang='lat' dir='ltr'>aut</span> <span class='ocrx_word' id='word_1_860' title='bbox 781 3833 841 3862; x_wconf 77' lang='lat' dir='ltr'>suo:</span> <span class='ocrx_word' id='word_1_861' title='bbox 860 3833 976 3863; x_wconf 85' lang='lat' dir='ltr'>sentiens</span> <span class='ocrx_word' id='word_1_862' title='bbox 998 3831 1111 3862; x_wconf 84' lang='lat' dir='ltr'>Laesum</span> <span class='ocrx_word' id='word_1_863' title='bbox 1129 3831 1163 3861; x_wconf 89' lang='lat'>&amp;</span> <span class='ocrx_word' id='word_1_864' title='bbox 1180 3827 1281 3871; x_wconf 36' lang='lat' dir='ltr'>Laesos.</span> <span class='ocrx_word' id='word_1_865' title='bbox 1294 3837 1342 3865; x_wconf 89' lang='lat' dir='ltr'>per</span> 
     </span>
     <span class='ocr_line' id='line_1_103' title="bbox 285 3867 1343 3908; baseline -0.01 -4"><span class='ocrx_word' id='word_1_866' title='bbox 285 3887 373 3906; x_wconf 85' lang='lat' dir='ltr'>unum</span> <span class='ocrx_word' id='word_1_867' title='bbox 398 3876 555 3905; x_wconf 86' lang='lat' dir='ltr'>Haraldum</span> <span class='ocrx_word' id='word_1_868' title='bbox 573 3883 619 3903; x_wconf 85' lang='lat' dir='ltr'>aut</span> <span class='ocrx_word' id='word_1_869' title='bbox 638 3872 723 3902; x_wconf 82' lang='lat' dir='ltr'>alium</span> <span class='ocrx_word' id='word_1_870' title='bbox 749 3870 903 3900; x_wconf 88' lang='lat' dir='ltr'>Nuncium</span> <span class='ocrx_word' id='word_1_871' title='bbox 926 3871 1059 3901; x_wconf 87' lang='lat' dir='ltr'>advisabit</span> <span class='ocrx_word' id='word_1_872' title='bbox 1079 3870 1112 3900; x_wconf 91' lang='lat'>&amp;</span> <span class='ocrx_word' id='word_1_873' title='bbox 1130 3867 1295 3908; x_wconf 77' lang='lat' dir='ltr'>informabit</span> <span class='ocrx_word' id='word_1_874' title='bbox 1313 3876 1343 3895; x_wconf 89' lang='lat' dir='ltr'>a-</span> 
     </span>
     <span class='ocr_line' id='line_1_104' title="bbox 283 3903 1343 3951; baseline -0.009 -9"><span class='ocrx_word' id='word_1_875' title='bbox 283 3914 353 3943; x_wconf 87' lang='lat' dir='ltr'>lium</span> <span class='ocrx_word' id='word_1_876' title='bbox 370 3914 500 3951; x_wconf 72' lang='lat' dir='ltr'>Regem,</span> <span class='ocrx_word' id='word_1_877' title='bbox 520 3912 601 3950; x_wconf 83' lang='lat' dir='ltr'>quod</span> <span class='ocrx_word' id='word_1_878' title='bbox 622 3920 671 3950; x_wconf 87' lang='lat' dir='ltr'>per</span> <span class='ocrx_word' id='word_1_879' title='bbox 687 3908 851 3939; x_wconf 87' lang='lat' dir='ltr'>Officiarios</span> <span class='ocrx_word' id='word_1_880' title='bbox 875 3910 937 3939; x_wconf 91' lang='lat' dir='ltr'>suos</span> <span class='ocrx_word' id='word_1_881' title='bbox 950 3909 1060 3939; x_wconf 90' lang='lat' dir='ltr'>nullum</span> <span class='ocrx_word' id='word_1_882' title='bbox 1075 3915 1122 3938; x_wconf 88' lang='lat' dir='ltr'>aut</span> <span class='ocrx_word' id='word_1_883' title='bbox 1142 3915 1201 3935; x_wconf 90' lang='lat' dir='ltr'>non</span> <span class='ocrx_word' id='word_1_884' title='bbox 1213 3903 1343 3934; x_wconf 88' lang='lat' dir='ltr'>debitum</span> 
     </span>
     <span class='ocr_line' id='line_1_105' title="bbox 284 3945 1341 3988; baseline -0.009 -8"><span class='ocrx_word' id='word_1_885' title='bbox 284 3954 387 3986; x_wconf 86' lang='lat' dir='ltr'>poterit</span> <span class='ocrx_word' id='word_1_886' title='bbox 413 3954 448 3982; x_wconf 88' lang='lat' dir='ltr'>de</span> <span class='ocrx_word' id='word_1_887' title='bbox 469 3953 519 3981; x_wconf 84' lang='lat' dir='ltr'>suis</span> <span class='ocrx_word' id='word_1_888' title='bbox 542 3948 792 3988; x_wconf 89' lang='lat' dir='ltr'>Conquerentibus</span> <span class='ocrx_word' id='word_1_889' title='bbox 813 3947 914 3977; x_wconf 75' lang='lat' dir='ltr'>habere</span> <span class='ocrx_word' id='word_1_890' title='bbox 930 3946 1053 3985; x_wconf 81' lang='lat' dir='ltr'>Justitiae</span> <span class='ocrx_word' id='word_1_891' title='bbox 1076 3945 1341 3986; x_wconf 80' lang='lat' dir='ltr'>complementum:</span> 
     </span>
     <span class='ocr_line' id='line_1_106' title="bbox 279 3979 1343 4027; baseline -0.008 -8"><span class='ocrx_word' id='word_1_892' title='bbox 279 3987 315 4019; x_wconf 90' lang='lat' dir='ltr'>In</span> <span class='ocrx_word' id='word_1_893' title='bbox 337 3999 395 4027; x_wconf 88' lang='lat' dir='ltr'>quo</span> <span class='ocrx_word' id='word_1_894' title='bbox 418 3990 492 4021; x_wconf 81' lang='lat' dir='ltr'>Casu</span> <span class='ocrx_word' id='word_1_895' title='bbox 514 3989 581 4021; x_wconf 82' lang='lat' dir='ltr'>Rex</span> <span class='ocrx_word' id='word_1_896' title='bbox 595 3988 633 4020; x_wconf 86' lang='lat' dir='ltr'>fic</span> <span class='ocrx_word' id='word_1_897' title='bbox 653 3987 819 4019; x_wconf 82' lang='lat' dir='ltr'>informatus</span> <span class='ocrx_word' id='word_1_898' title='bbox 834 4007 845 4023; x_wconf 91' lang='lat'>‚</span> <span class='ocrx_word' id='word_1_899' title='bbox 862 3986 896 4016; x_wconf 66' lang='grc' dir='ltr'>ὃς</span> <span class='ocrx_word' id='word_1_900' title='bbox 920 3987 967 4016; x_wconf 86' lang='lat' dir='ltr'>cui</span> <span class='ocrx_word' id='word_1_901' title='bbox 986 3985 1044 4016; x_wconf 88' lang='lat' dir='ltr'>talis</span> <span class='ocrx_word' id='word_1_902' title='bbox 1066 3981 1248 4021; x_wconf 88' lang='lat' dir='ltr'>Conquestio</span> <span class='ocrx_word' id='word_1_903' title='bbox 1269 3979 1343 4012; x_wconf 58' lang='lat' dir='ltr'>fa&amp;</span> 
     </span>
    </p>
   </div>
   <div class='ocr_carea' id='block_1_8' title="bbox 721 75 1520 128">
    <p class='ocr_par' dir='ltr' id='par_1_13' title="bbox 721 75 1520 128">
     <span class='ocr_line' id='line_1_107' title="bbox 721 75 1520 128; baseline -0.019 0"><span class='ocrx_word' id='word_1_904' title='bbox 721 75 1520 128; x_wconf 88' lang='lat' dir='ltr'>CONVENTIONES‚</span> 
     </span>
    </p>
   </div>
   <div class='ocr_carea' id='block_1_9' title="bbox 1368 153 2555 276">
    <p class='ocr_par' dir='ltr' id='par_1_14' title="bbox 1368 153 2555 276">
     <span class='ocr_line' id='line_1_108' title="bbox 1368 153 2555 198; baseline -0.001 -7"><span class='ocrx_word' id='word_1_905' title='bbox 1368 161 1418 198; x_wconf 82' lang='lat' dir='ltr'>fit,</span> <span class='ocrx_word' id='word_1_906' title='bbox 1437 161 1583 198; x_wconf 83' lang='lat' dir='ltr'>quamcito</span> <span class='ocrx_word' id='word_1_907' title='bbox 1606 159 1765 190; x_wconf 78' lang='lat' dir='ltr'>commode</span> <span class='ocrx_word' id='word_1_908' title='bbox 1787 161 1889 198; x_wconf 87' lang='lat' dir='ltr'>poterit</span> <span class='ocrx_word' id='word_1_909' title='bbox 1900 183 1911 197; x_wconf 82' lang='lat'>,</span> <span class='ocrx_word' id='word_1_910' title='bbox 1929 161 1972 191; x_wconf 85' lang='lat' dir='ltr'>bis</span> <span class='ocrx_word' id='word_1_911' title='bbox 1988 160 2033 191; x_wconf 92' lang='lat' dir='ltr'>vel</span> <span class='ocrx_word' id='word_1_912' title='bbox 2044 159 2077 190; x_wconf 92' lang='lat' dir='ltr'>ad</span> <span class='ocrx_word' id='word_1_913' title='bbox 2093 159 2184 190; x_wconf 87' lang='lat' dir='ltr'>minus</span> <span class='ocrx_word' id='word_1_914' title='bbox 2200 158 2285 190; x_wconf 88' lang='lat' dir='ltr'>semel</span> <span class='ocrx_word' id='word_1_915' title='bbox 2298 159 2327 189; x_wconf 89' lang='lat' dir='ltr'>in</span> <span class='ocrx_word' id='word_1_916' title='bbox 2345 157 2434 189; x_wconf 86' lang='lat' dir='ltr'>Anno</span> <span class='ocrx_word' id='word_1_917' title='bbox 2451 153 2524 187; x_wconf 79' lang='lat' dir='ltr'>Ann-</span> <span class='ocrx_word' id='word_1_918' title='bbox 2536 157 2555 190; x_wconf 80' lang='lat' dir='ltr'>t</span> 
     </span>
     <span class='ocr_line' id='line_1_109' title="bbox 1371 196 2555 238; baseline -0.003 -9"><span class='ocrx_word' id='word_1_919' title='bbox 1371 201 1464 230; x_wconf 87' lang='lat' dir='ltr'>mittet</span> <span class='ocrx_word' id='word_1_920' title='bbox 1485 199 1559 229; x_wconf 89' lang='lat' dir='ltr'>Tres</span> <span class='ocrx_word' id='word_1_921' title='bbox 1571 208 1617 228; x_wconf 88' lang='lat' dir='ltr'>aut</span> <span class='ocrx_word' id='word_1_922' title='bbox 1635 198 1717 228; x_wconf 91' lang='lat' dir='ltr'>Duos</span> <span class='ocrx_word' id='word_1_923' title='bbox 1731 199 1767 229; x_wconf 91' lang='lat' dir='ltr'>de</span> <span class='ocrx_word' id='word_1_924' title='bbox 1781 200 1830 229; x_wconf 90' lang='lat' dir='ltr'>suo</span> <span class='ocrx_word' id='word_1_925' title='bbox 1844 197 1981 229; x_wconf 90' lang='lat' dir='ltr'>Concilio</span> <span class='ocrx_word' id='word_1_926' title='bbox 1994 221 2005 236; x_wconf 89' lang='lat'>,</span> <span class='ocrx_word' id='word_1_927' title='bbox 2028 199 2152 238; x_wconf 84' lang='lat' dir='ltr'>Justitiae</span> <span class='ocrx_word' id='word_1_928' title='bbox 2166 200 2198 230; x_wconf 89' lang='lat'>&amp;</span> <span class='ocrx_word' id='word_1_929' title='bbox 2214 198 2295 229; x_wconf 88' lang='lat' dir='ltr'>Pacis</span> <span class='ocrx_word' id='word_1_930' title='bbox 2312 197 2436 227; x_wconf 89' lang='lat' dir='ltr'>Amato-</span> <span class='ocrx_word' id='word_1_931' title='bbox 2469 196 2555 235; x_wconf 76' lang='lat'>1484.</span> 
     </span>
     <span class='ocr_line' id='line_1_110' title="bbox 1371 236 2546 276; baseline -0.003 -8"><span class='ocrx_word' id='word_1_932' title='bbox 1371 236 1471 274; x_wconf 82' lang='lat' dir='ltr'>res,ad</span> <span class='ocrx_word' id='word_1_933' title='bbox 1486 237 1608 276; x_wconf 88' lang='lat' dir='ltr'>aliquem</span> <span class='ocrx_word' id='word_1_934' title='bbox 1625 237 1742 267; x_wconf 88' lang='lat' dir='ltr'>Locum</span> <span class='ocrx_word' id='word_1_935' title='bbox 1759 238 1984 267; x_wconf 88' lang='lat' dir='ltr'>convenientem</span> <span class='ocrx_word' id='word_1_936' title='bbox 2007 247 2095 274; x_wconf 88' lang='lat' dir='ltr'>prope</span> <span class='ocrx_word' id='word_1_937' title='bbox 2118 237 2260 268; x_wconf 87' lang='lat' dir='ltr'>Marchias</span> <span class='ocrx_word' id='word_1_938' title='bbox 2274 260 2284 275; x_wconf 90' lang='lat'>,</span> <span class='ocrx_word' id='word_1_939' title='bbox 2301 236 2435 266; x_wconf 86' lang='lat' dir='ltr'>obviatu-</span> <span class='ocrx_word' id='word_1_940' title='bbox 2448 236 2500 263; x_wconf 83' lang='lat' dir='ltr'>Ric.</span> <span class='ocrx_word' id='word_1_941' title='bbox 2519 244 2546 273; x_wconf 84' lang='lat'>3.</span> 
     </span>
    </p>
   </div>
   <div class='ocr_carea' id='block_1_10' title="bbox 1577 74 1984 122">
    <p class='ocr_par' dir='ltr' id='par_1_15' title="bbox 1577 74 1984 122">
     <span class='ocr_line' id='line_1_111' title="bbox 1577 74 1984 122; baseline 0.015 -7"><span class='ocrx_word' id='word_1_942' title='bbox 1577 74 1984 122; x_wconf 77' lang='lat' dir='ltr'>LITERAE‚</span> 
     </span>
    </p>
   </div>
   <div class='ocr_carea' id='block_1_11' title="bbox 1372 273 2485 1514">
    <p class='ocr_par' dir='ltr' id='par_1_16' title="bbox 1372 273 2442 652">
     <span class='ocr_line' id='line_1_112' title="bbox 1372 273 2435 314; baseline -0.005 -7"><span class='ocrx_word' id='word_1_943' title='bbox 1372 287 1419 307; x_wconf 87' lang='lat' dir='ltr'>ros</span> <span class='ocrx_word' id='word_1_944' title='bbox 1443 276 1564 307; x_wconf 87' lang='lat' dir='ltr'>totidem</span> <span class='ocrx_word' id='word_1_945' title='bbox 1585 276 1777 306; x_wconf 87' lang='lat' dir='ltr'>consimilibus</span> <span class='ocrx_word' id='word_1_946' title='bbox 1797 275 1834 304; x_wconf 90' lang='lat' dir='ltr'>de</span> <span class='ocrx_word' id='word_1_947' title='bbox 1850 273 1986 305; x_wconf 88' lang='lat' dir='ltr'>Concilio</span> <span class='ocrx_word' id='word_1_948' title='bbox 2005 275 2092 314; x_wconf 80' lang='lat' dir='ltr'>Regis</span> <span class='ocrx_word' id='word_1_949' title='bbox 2111 275 2324 314; x_wconf 84' lang='lat' dir='ltr'>Conquerentis</span> <span class='ocrx_word' id='word_1_950' title='bbox 2365 282 2435 304; x_wconf 92' lang='lat' dir='ltr'>cum</span> 
     </span>
     <span class='ocr_line' id='line_1_113' title="bbox 1372 297 2436 345; baseline -0.004 0"><span class='ocrx_word' id='word_1_951' title='bbox 1372 315 1516 345; x_wconf 88' lang='lat' dir='ltr'>Potestate</span> <span class='ocrx_word' id='word_1_952' title='bbox 1539 314 1688 345; x_wconf 86' lang='lat' dir='ltr'>sufficienti</span> <span class='ocrx_word' id='word_1_953' title='bbox 1708 322 1838 344; x_wconf 85' lang='lat' dir='ltr'>oneratos</span> <span class='ocrx_word' id='word_1_954' title='bbox 1857 322 1918 343; x_wconf 89' lang='lat' dir='ltr'>non</span> <span class='ocrx_word' id='word_1_955' title='bbox 1938 321 2047 344; x_wconf 87' lang='lat' dir='ltr'>tantum</span> <span class='ocrx_word' id='word_1_956' title='bbox 2066 314 2100 345; x_wconf 89' lang='lat' dir='ltr'>ad</span> <span class='ocrx_word' id='word_1_957' title='bbox 2125 314 2306 345; x_wconf 86' lang='lat' dir='ltr'>Puniendum</span> <span class='ocrx_word' id='word_1_958' title='bbox 2331 297 2436 343; x_wconf 66' lang='lat' dir='ltr'>belin-</span> 
     </span>
     <span class='ocr_line' id='line_1_114' title="bbox 1374 351 2434 391; baseline -0.005 -7"><span class='ocrx_word' id='word_1_959' title='bbox 1374 363 1493 391; x_wconf 88' lang='lat' dir='ltr'>quentes</span> <span class='ocrx_word' id='word_1_960' title='bbox 1507 353 1587 391; x_wconf 90' lang='lat' dir='ltr'>super</span> <span class='ocrx_word' id='word_1_961' title='bbox 1604 354 1704 391; x_wconf 87' lang='lat' dir='ltr'>quibus</span> <span class='ocrx_word' id='word_1_962' title='bbox 1716 352 1898 391; x_wconf 90' lang='lat' dir='ltr'>conqueritur</span> <span class='ocrx_word' id='word_1_963' title='bbox 1912 351 1991 389; x_wconf 82' lang='lat' dir='ltr'>juxta</span> <span class='ocrx_word' id='word_1_964' title='bbox 2006 352 2165 390; x_wconf 87' lang='lat' dir='ltr'>qualitatem</span> <span class='ocrx_word' id='word_1_965' title='bbox 2181 353 2311 390; x_wconf 65' lang='lat' dir='ltr'>Delieti,</span> <span class='ocrx_word' id='word_1_966' title='bbox 2329 351 2434 382; x_wconf 69' lang='lat' dir='ltr'>vertitu</span> 
     </span>
     <span class='ocr_line' id='line_1_115' title="bbox 1374 387 2436 431; baseline -0.004 -9"><span class='ocrx_word' id='word_1_967' title='bbox 1374 393 1460 422; x_wconf 87' lang='lat' dir='ltr'>etiam</span> <span class='ocrx_word' id='word_1_968' title='bbox 1483 392 1518 422; x_wconf 92' lang='lat' dir='ltr'>ad</span> <span class='ocrx_word' id='word_1_969' title='bbox 1540 391 1744 430; x_wconf 76' lang='lat' dir='ltr'>inquirendum</span> <span class='ocrx_word' id='word_1_970' title='bbox 1761 413 1771 429; x_wconf 92' lang='lat'>,</span> <span class='ocrx_word' id='word_1_971' title='bbox 1797 389 2024 420; x_wconf 79' lang='lat' dir='ltr'>Examinandum</span> <span class='ocrx_word' id='word_1_972' title='bbox 2038 413 2048 428; x_wconf 93' lang='lat'>,</span> <span class='ocrx_word' id='word_1_973' title='bbox 2075 392 2109 421; x_wconf 69' lang='grc' dir='ltr'>ὃς</span> <span class='ocrx_word' id='word_1_974' title='bbox 2130 390 2359 431; x_wconf 87' lang='lat' dir='ltr'>Investigandum</span> <span class='ocrx_word' id='word_1_975' title='bbox 2414 387 2436 418; x_wconf 85' lang='lat' dir='ltr'>fi</span> 
     </span>
     <span class='ocr_line' id='line_1_116' title="bbox 1378 428 2440 468; baseline -0.002 -8"><span class='ocrx_word' id='word_1_976' title='bbox 1378 430 1601 461; x_wconf 88' lang='lat' dir='ltr'>Conservatores</span> <span class='ocrx_word' id='word_1_977' title='bbox 1621 430 1760 461; x_wconf 66' lang='lat' dir='ltr'>dietarum</span> <span class='ocrx_word' id='word_1_978' title='bbox 1778 428 2020 459; x_wconf 87' lang='lat' dir='ltr'>Abstinentiarum</span> <span class='ocrx_word' id='word_1_979' title='bbox 2038 428 2213 459; x_wconf 73' lang='lat' dir='ltr'>Guerrarum</span> <span class='ocrx_word' id='word_1_980' title='bbox 2226 453 2236 468; x_wconf 94' lang='lat'>,</span> <span class='ocrx_word' id='word_1_981' title='bbox 2259 439 2360 461; x_wconf 86' lang='lat' dir='ltr'>eorum</span> <span class='ocrx_word' id='word_1_982' title='bbox 2403 437 2440 458; x_wconf 95' lang='lat' dir='ltr'>o-</span> 
     </span>
     <span class='ocr_line' id='line_1_117' title="bbox 1376 466 2438 508; baseline -0.003 -9"><span class='ocrx_word' id='word_1_983' title='bbox 1376 478 1554 508; x_wconf 88' lang='lat' dir='ltr'>catenentes,</span> <span class='ocrx_word' id='word_1_984' title='bbox 1569 478 1617 500; x_wconf 90' lang='lat' dir='ltr'>aut</span> <span class='ocrx_word' id='word_1_985' title='bbox 1639 469 1778 506; x_wconf 89' lang='lat' dir='ltr'>Deputati</span> <span class='ocrx_word' id='word_1_986' title='bbox 1800 468 1970 507; x_wconf 83' lang='lat' dir='ltr'>negligentes</span> <span class='ocrx_word' id='word_1_987' title='bbox 1994 467 2097 497; x_wconf 87' lang='lat' dir='ltr'>fuerint</span> <span class='ocrx_word' id='word_1_988' title='bbox 2119 476 2166 497; x_wconf 91' lang='lat' dir='ltr'>aut</span> <span class='ocrx_word' id='word_1_989' title='bbox 2185 467 2290 498; x_wconf 86' lang='lat' dir='ltr'>remiffi</span> <span class='ocrx_word' id='word_1_990' title='bbox 2310 470 2341 498; x_wconf 87' lang='lat' dir='ltr'>in</span> <span class='ocrx_word' id='word_1_991' title='bbox 2361 466 2438 497; x_wconf 83' lang='lat' dir='ltr'>Exe-</span> 
     </span>
     <span class='ocr_line' id='line_1_118' title="bbox 1376 505 2442 573; baseline -0.002 -36"><span class='ocrx_word' id='word_1_992' title='bbox 1376 509 1494 538; x_wconf 89' lang='lat' dir='ltr'>cutione</span> <span class='ocrx_word' id='word_1_993' title='bbox 1510 508 1632 546; x_wconf 84' lang='lat' dir='ltr'>Justitiae</span> <span class='ocrx_word' id='word_1_994' title='bbox 1652 507 1780 538; x_wconf 88' lang='lat' dir='ltr'>Partibus</span> <span class='ocrx_word' id='word_1_995' title='bbox 1803 505 2055 544; x_wconf 85' lang='lat' dir='ltr'>Conquerentibus</span> <span class='ocrx_word' id='word_1_996' title='bbox 2068 527 2078 543; x_wconf 90' lang='lat'>,</span> <span class='ocrx_word' id='word_1_997' title='bbox 2108 515 2178 573; x_wconf 68' lang='lat' dir='ltr'>quos</span> <span class='ocrx_word' id='word_1_998' title='bbox 2194 527 2205 544; x_wconf 84' lang='lat'>,</span> <span class='ocrx_word' id='word_1_999' title='bbox 2228 506 2289 536; x_wconf 91' lang='lat' dir='ltr'>&amp;c.</span> <span class='ocrx_word' id='word_1_1000' title='bbox 2311 507 2417 537; x_wconf 80' lang='lat' dir='ltr'>Punite</span> <span class='ocrx_word' id='word_1_1001' title='bbox 2431 526 2442 542; x_wconf 92' lang='lat'>‚</span> 
     </span>
     <span class='ocr_line' id='line_1_119' title="bbox 1377 542 2442 584; baseline -0.001 -9"><span class='ocrx_word' id='word_1_1002' title='bbox 1377 544 1530 583; x_wconf 83' lang='lat' dir='ltr'>Corrigere</span> <span class='ocrx_word' id='word_1_1003' title='bbox 1545 569 1555 584; x_wconf 87' lang='lat'>,</span> <span class='ocrx_word' id='word_1_1004' title='bbox 1572 547 1605 577; x_wconf 92' lang='lat'>&amp;</span> <span class='ocrx_word' id='word_1_1005' title='bbox 1627 545 1789 577; x_wconf 88' lang='lat' dir='ltr'>Emendare</span> <span class='ocrx_word' id='word_1_1006' title='bbox 1807 546 1927 576; x_wconf 86' lang='lat' dir='ltr'>habeant</span> <span class='ocrx_word' id='word_1_1007' title='bbox 1942 569 1951 582; x_wconf 71' lang='lat'>,</span> <span class='ocrx_word' id='word_1_1008' title='bbox 1977 544 1996 574; x_wconf 87' lang='lat' dir='ltr'>fi</span> <span class='ocrx_word' id='word_1_1009' title='bbox 2016 554 2064 583; x_wconf 83' lang='lat' dir='ltr'>per</span> <span class='ocrx_word' id='word_1_1010' title='bbox 2093 551 2179 574; x_wconf 89' lang='lat' dir='ltr'>taem</span> <span class='ocrx_word' id='word_1_1011' title='bbox 2199 542 2414 583; x_wconf 86' lang='lat' dir='ltr'>Inquifitionem</span> <span class='ocrx_word' id='word_1_1012' title='bbox 2430 565 2442 581; x_wconf 87' lang='lat'>,</span> 
     </span>
     <span class='ocr_line' id='line_1_120' title="bbox 1375 582 2442 652; baseline 0.001 -40"><span class='ocrx_word' id='word_1_1013' title='bbox 1375 582 1623 652; x_wconf 58' lang='lat' dir='ltr'>Examinastlionem</span> <span class='ocrx_word' id='word_1_1014' title='bbox 1636 607 1647 623; x_wconf 92' lang='lat'>,</span> <span class='ocrx_word' id='word_1_1015' title='bbox 1677 585 1710 616; x_wconf 89' lang='lat'>&amp;</span> <span class='ocrx_word' id='word_1_1016' title='bbox 1734 584 1984 624; x_wconf 81' lang='lat' dir='ltr'>Investigationem</span> <span class='ocrx_word' id='word_1_1017' title='bbox 2009 582 2172 621; x_wconf 75' lang='lat' dir='ltr'>culpabiles</span> <span class='ocrx_word' id='word_1_1018' title='bbox 2186 582 2294 615; x_wconf 87' lang='lat' dir='ltr'>inventi</span> <span class='ocrx_word' id='word_1_1019' title='bbox 2313 583 2416 614; x_wconf 79' lang='lat' dir='ltr'>fuerint</span> <span class='ocrx_word' id='word_1_1020' title='bbox 2431 602 2442 619; x_wconf 89' lang='lat'>,</span> 
     </span>
     <span class='ocr_line' id='line_1_121' title="bbox 1376 631 1550 652; baseline 0.006 -1"><span class='ocrx_word' id='word_1_1021' title='bbox 1376 631 1423 651; x_wconf 91' lang='lat' dir='ltr'>aut</span> <span class='ocrx_word' id='word_1_1022' title='bbox 1438 632 1509 652; x_wconf 89' lang='lat' dir='ltr'>remi</span> <span class='ocrx_word' id='word_1_1023' title='bbox 1532 634 1550 652; x_wconf 82' lang='grc' dir='ltr'>ι.</span> 
     </span>
    </p>

    <p class='ocr_par' dir='ltr' id='par_1_17' title="bbox 1374 658 2442 930">
     <span class='ocr_line' id='line_1_122' title="bbox 1413 658 2438 699; baseline 0.004 -10"><span class='ocrx_word' id='word_1_1024' title='bbox 1413 659 1603 692; x_wconf 50' lang='lat' dir='ltr'>Sirium-ren</span> <span class='ocrx_word' id='word_1_1025' title='bbox 1623 684 1633 699; x_wconf 94' lang='lat'>,</span> <span class='ocrx_word' id='word_1_1026' title='bbox 1659 660 1838 692; x_wconf 87' lang='lat' dir='ltr'>Conclusiirn</span> <span class='ocrx_word' id='word_1_1027' title='bbox 1858 663 1891 693; x_wconf 88' lang='lat'>&amp;</span> <span class='ocrx_word' id='word_1_1028' title='bbox 1908 660 2059 692; x_wconf 86' lang='lat' dir='ltr'>Provisum</span> <span class='ocrx_word' id='word_1_1029' title='bbox 2079 659 2120 690; x_wconf 89' lang='lat' dir='ltr'>est</span> <span class='ocrx_word' id='word_1_1030' title='bbox 2135 683 2145 697; x_wconf 88' lang='lat'>,</span> <span class='ocrx_word' id='word_1_1031' title='bbox 2164 658 2243 698; x_wconf 79' lang='lat' dir='ltr'>quod</span> <span class='ocrx_word' id='word_1_1032' title='bbox 2261 659 2358 692; x_wconf 85' lang='lat' dir='ltr'>licebit</span> <span class='ocrx_word' id='word_1_1033' title='bbox 2374 663 2438 693; x_wconf 90' lang='lat' dir='ltr'>cui-</span> 
     </span>
     <span class='ocr_line' id='line_1_123' title="bbox 1375 698 2438 740; baseline 0.003 -12"><span class='ocrx_word' id='word_1_1034' title='bbox 1375 707 1466 736; x_wconf 74' lang='lat' dir='ltr'>cunq3</span> <span class='ocrx_word' id='word_1_1035' title='bbox 1483 699 1629 737; x_wconf 87' lang='lat' dir='ltr'>Spoliato,</span> <span class='ocrx_word' id='word_1_1036' title='bbox 1649 699 1841 740; x_wconf 83' lang='lat' dir='ltr'>Depraedato,</span> <span class='ocrx_word' id='word_1_1037' title='bbox 1859 709 1907 732; x_wconf 86' lang='lat' dir='ltr'>aut</span> <span class='ocrx_word' id='word_1_1038' title='bbox 1925 699 2060 738; x_wconf 86' lang='lat' dir='ltr'>Injuriato</span> <span class='ocrx_word' id='word_1_1039' title='bbox 2079 708 2178 729; x_wconf 87' lang='lat' dir='ltr'>contra</span> <span class='ocrx_word' id='word_1_1040' title='bbox 2197 698 2322 729; x_wconf 89' lang='lat' dir='ltr'>formam</span> <span class='ocrx_word' id='word_1_1041' title='bbox 2341 700 2438 731; x_wconf 87' lang='lat' dir='ltr'>Absti-</span> 
     </span>
     <span class='ocr_line' id='line_1_124' title="bbox 1374 737 2438 777; baseline 0.004 -12"><span class='ocrx_word' id='word_1_1042' title='bbox 1374 738 1533 767; x_wconf 87' lang='lat' dir='ltr'>nentiarum</span> <span class='ocrx_word' id='word_1_1043' title='bbox 1549 737 1736 769; x_wconf 85' lang='lat' dir='ltr'>Praesentium</span> <span class='ocrx_word' id='word_1_1044' title='bbox 1751 740 1824 769; x_wconf 88' lang='lat' dir='ltr'>inter</span> <span class='ocrx_word' id='word_1_1045' title='bbox 1840 740 1969 777; x_wconf 69' lang='lat' dir='ltr'>praefatos</span> <span class='ocrx_word' id='word_1_1046' title='bbox 1989 738 2084 777; x_wconf 78' lang='lat' dir='ltr'>Reges</span> <span class='ocrx_word' id='word_1_1047' title='bbox 2101 739 2231 768; x_wconf 84' lang='lat' dir='ltr'>initamm</span> <span class='ocrx_word' id='word_1_1048' title='bbox 2241 759 2251 776; x_wconf 85' lang='lat'>,</span> <span class='ocrx_word' id='word_1_1049' title='bbox 2266 737 2346 775; x_wconf 80' lang='lat' dir='ltr'>suum</span> <span class='ocrx_word' id='word_1_1050' title='bbox 2365 737 2438 776; x_wconf 83' lang='lat' dir='ltr'>Spo-</span> 
     </span>
     <span class='ocr_line' id='line_1_125' title="bbox 1375 774 2439 815; baseline 0.004 -11"><span class='ocrx_word' id='word_1_1051' title='bbox 1375 774 1447 804; x_wconf 89' lang='lat' dir='ltr'>lium</span> <span class='ocrx_word' id='word_1_1052' title='bbox 1462 798 1471 813; x_wconf 89' lang='lat'>,</span> <span class='ocrx_word' id='word_1_1053' title='bbox 1490 775 1632 813; x_wconf 89' lang='lat' dir='ltr'>Rapinam</span> <span class='ocrx_word' id='word_1_1054' title='bbox 1649 800 1658 814; x_wconf 85' lang='lat'>‚</span> <span class='ocrx_word' id='word_1_1055' title='bbox 1675 777 1722 808; x_wconf 92' lang='lat' dir='ltr'>seu</span> <span class='ocrx_word' id='word_1_1056' title='bbox 1740 776 1873 815; x_wconf 87' lang='lat' dir='ltr'>Injuriam</span> <span class='ocrx_word' id='word_1_1057' title='bbox 1894 778 2020 815; x_wconf 74' lang='lat' dir='ltr'>prosequi</span> <span class='ocrx_word' id='word_1_1058' title='bbox 2036 786 2136 807; x_wconf 84' lang='lat' dir='ltr'>coram</span> <span class='ocrx_word' id='word_1_1059' title='bbox 2154 776 2344 814; x_wconf 77' lang='lat' dir='ltr'>quibuscunq3</span> <span class='ocrx_word' id='word_1_1060' title='bbox 2359 775 2439 814; x_wconf 85' lang='lat' dir='ltr'>Judi-</span> 
     </span>
     <span class='ocr_line' id='line_1_126' title="bbox 1375 814 2439 855; baseline 0.003 -13"><span class='ocrx_word' id='word_1_1061' title='bbox 1375 814 1455 843; x_wconf 88' lang='lat' dir='ltr'>cibus</span> <span class='ocrx_word' id='word_1_1062' title='bbox 1478 815 1508 843; x_wconf 87' lang='lat' dir='ltr'>in</span> <span class='ocrx_word' id='word_1_1063' title='bbox 1532 816 1626 852; x_wconf 89' lang='lat' dir='ltr'>aliquo</span> <span class='ocrx_word' id='word_1_1064' title='bbox 1651 815 1823 855; x_wconf 79' lang='lat' dir='ltr'>Regnorum</span> <span class='ocrx_word' id='word_1_1065' title='bbox 1849 817 2053 853; x_wconf 63' lang='lat' dir='ltr'>praedistorum</span> <span class='ocrx_word' id='word_1_1066' title='bbox 2080 818 2108 846; x_wconf 91' lang='lat' dir='ltr'>in</span> <span class='ocrx_word' id='word_1_1067' title='bbox 2125 824 2157 845; x_wconf 88' lang='lat' dir='ltr'>ea</span> <span class='ocrx_word' id='word_1_1068' title='bbox 2175 824 2249 852; x_wconf 90' lang='lat' dir='ltr'>parte</span> <span class='ocrx_word' id='word_1_1069' title='bbox 2267 823 2439 852; x_wconf 89' lang='lat' dir='ltr'>competen-</span> 
     </span>
     <span class='ocr_line' id='line_1_127' title="bbox 1375 852 2442 893; baseline 0.003 -12"><span class='ocrx_word' id='word_1_1070' title='bbox 1375 852 1453 882; x_wconf 87' lang='lat' dir='ltr'>tibus</span> <span class='ocrx_word' id='word_1_1071' title='bbox 1468 874 1478 889; x_wconf 89' lang='lat'>,</span> <span class='ocrx_word' id='word_1_1072' title='bbox 1501 854 1706 892; x_wconf 68' lang='lat' dir='ltr'>quandocunq,</span> <span class='ocrx_word' id='word_1_1073' title='bbox 1726 855 1776 885; x_wconf 85' lang='lat' dir='ltr'>sibi</span> <span class='ocrx_word' id='word_1_1074' title='bbox 1794 853 1936 886; x_wconf 86' lang='lat' dir='ltr'>videbitur</span> <span class='ocrx_word' id='word_1_1075' title='bbox 1952 855 2082 893; x_wconf 87' lang='lat' dir='ltr'>expedire</span> <span class='ocrx_word' id='word_1_1076' title='bbox 2093 876 2103 893; x_wconf 87' lang='lat'>,</span> <span class='ocrx_word' id='word_1_1077' title='bbox 2129 854 2162 886; x_wconf 90' lang='lat'>&amp;</span> <span class='ocrx_word' id='word_1_1078' title='bbox 2175 853 2296 893; x_wconf 64' lang='lat' dir='ltr'>justitiae</span> <span class='ocrx_word' id='word_1_1079' title='bbox 2311 853 2442 891; x_wconf 85' lang='lat' dir='ltr'>comple-</span> 
     </span>
     <span class='ocr_line' id='line_1_128' title="bbox 1376 892 1666 930; baseline 0.003 -10"><span class='ocrx_word' id='word_1_1080' title='bbox 1376 899 1507 930; x_wconf 82' lang='lat' dir='ltr'>mentum</span> <span class='ocrx_word' id='word_1_1081' title='bbox 1525 892 1666 922; x_wconf 88' lang='lat' dir='ltr'>obtinere.</span> 
     </span>
    </p>

    <p class='ocr_par' dir='ltr' id='par_1_18' title="bbox 1373 929 2485 1318">
     <span class='ocr_line' id='line_1_129' title="bbox 1413 929 2485 969; baseline 0.003 -11"><span class='ocrx_word' id='word_1_1082' title='bbox 1413 933 1504 959; x_wconf 79' lang='grc' dir='ltr'>ιτΕΜ</span> <span class='ocrx_word' id='word_1_1083' title='bbox 1520 951 1529 967; x_wconf 83' lang='grc'>,</span> <span class='ocrx_word' id='word_1_1084' title='bbox 1558 929 1735 960; x_wconf 88' lang='lat' dir='ltr'>Conclusum</span> <span class='ocrx_word' id='word_1_1085' title='bbox 1754 929 1796 961; x_wconf 90' lang='lat' dir='ltr'>est</span> <span class='ocrx_word' id='word_1_1086' title='bbox 1813 930 1894 969; x_wconf 81' lang='lat' dir='ltr'>quod</span> <span class='ocrx_word' id='word_1_1087' title='bbox 1910 953 1920 968; x_wconf 87' lang='lat'>‚</span> <span class='ocrx_word' id='word_1_1088' title='bbox 1944 931 2028 962; x_wconf 69' lang='lat' dir='ltr'>dietis</span> <span class='ocrx_word' id='word_1_1089' title='bbox 2047 930 2226 963; x_wconf 86' lang='lat' dir='ltr'>Guerrarum</span> <span class='ocrx_word' id='word_1_1090' title='bbox 2254 931 2443 962; x_wconf 78' lang='lat' dir='ltr'>Abstinentiis</span> <span class='ocrx_word' id='word_1_1091' title='bbox 2480 945 2485 950; x_wconf 91' lang='lat'><strong>·</strong></span> 
     </span>
     <span class='ocr_line' id='line_1_130' title="bbox 1375 967 2442 1008; baseline 0.002 -11"><span class='ocrx_word' id='word_1_1092' title='bbox 1375 967 1557 1006; x_wconf 83' lang='lat' dir='ltr'>durantibus,</span> <span class='ocrx_word' id='word_1_1093' title='bbox 1574 978 1634 999; x_wconf 92' lang='lat' dir='ltr'>non</span> <span class='ocrx_word' id='word_1_1094' title='bbox 1647 969 1742 1000; x_wconf 88' lang='lat' dir='ltr'>licebit</span> <span class='ocrx_word' id='word_1_1095' title='bbox 1756 971 1890 1007; x_wconf 87' lang='lat' dir='ltr'>cuiquam</span> <span class='ocrx_word' id='word_1_1096' title='bbox 1904 970 2094 1001; x_wconf 90' lang='lat' dir='ltr'>Subditorum</span> <span class='ocrx_word' id='word_1_1097' title='bbox 2110 969 2225 1008; x_wconf 87' lang='lat' dir='ltr'>alicujus</span> <span class='ocrx_word' id='word_1_1098' title='bbox 2241 970 2360 1008; x_wconf 86' lang='lat' dir='ltr'>Regum</span> <span class='ocrx_word' id='word_1_1099' title='bbox 2378 979 2442 1000; x_wconf 88' lang='lat' dir='ltr'>me-</span> 
     </span>
     <span class='ocr_line' id='line_1_131' title="bbox 1374 1007 2442 1047; baseline 0.003 -11"><span class='ocrx_word' id='word_1_1100' title='bbox 1374 1016 1576 1044; x_wconf 81' lang='lat' dir='ltr'>moratorum,</span> <span class='ocrx_word' id='word_1_1101' title='bbox 1593 1016 1641 1038; x_wconf 91' lang='lat' dir='ltr'>aut</span> <span class='ocrx_word' id='word_1_1102' title='bbox 1657 1008 1740 1038; x_wconf 91' lang='lat' dir='ltr'>alicui</span> <span class='ocrx_word' id='word_1_1103' title='bbox 1763 1008 1840 1038; x_wconf 88' lang='lat' dir='ltr'>alteri</span> <span class='ocrx_word' id='word_1_1104' title='bbox 1862 1008 2034 1040; x_wconf 83' lang='lat' dir='ltr'>inhabitanti</span> <span class='ocrx_word' id='word_1_1105' title='bbox 2053 1007 2194 1046; x_wconf 85' lang='lat' dir='ltr'>Regnum</span> <span class='ocrx_word' id='word_1_1106' title='bbox 2205 1031 2215 1047; x_wconf 87' lang='lat'>,</span> <span class='ocrx_word' id='word_1_1107' title='bbox 2231 1009 2355 1047; x_wconf 88' lang='lat' dir='ltr'>Terras,</span> <span class='ocrx_word' id='word_1_1108' title='bbox 2374 1007 2442 1039; x_wconf 89' lang='lat' dir='ltr'>Do-</span> 
     </span>
     <span class='ocr_line' id='line_1_132' title="bbox 1375 1045 2440 1088; baseline 0.001 -13"><span class='ocrx_word' id='word_1_1109' title='bbox 1375 1047 1481 1084; x_wconf 87' lang='lat' dir='ltr'>minia,</span> <span class='ocrx_word' id='word_1_1110' title='bbox 1495 1046 1540 1076; x_wconf 90' lang='lat' dir='ltr'>seu</span> <span class='ocrx_word' id='word_1_1111' title='bbox 1557 1045 1639 1077; x_wconf 86' lang='lat' dir='ltr'>Loca</span> <span class='ocrx_word' id='word_1_1112' title='bbox 1652 1046 1762 1077; x_wconf 84' lang='lat' dir='ltr'>alterius</span> <span class='ocrx_word' id='word_1_1113' title='bbox 1773 1046 1937 1078; x_wconf 83' lang='lat' dir='ltr'>eorundem</span> <span class='ocrx_word' id='word_1_1114' title='bbox 1946 1056 1996 1084; x_wconf 84' lang='lat' dir='ltr'>per</span> <span class='ocrx_word' id='word_1_1115' title='bbox 2009 1047 2035 1077; x_wconf 90' lang='lat' dir='ltr'>se</span> <span class='ocrx_word' id='word_1_1116' title='bbox 2048 1046 2094 1077; x_wconf 90' lang='lat' dir='ltr'>vel</span> <span class='ocrx_word' id='word_1_1117' title='bbox 2109 1057 2160 1085; x_wconf 88' lang='lat' dir='ltr'>per</span> <span class='ocrx_word' id='word_1_1118' title='bbox 2176 1048 2263 1079; x_wconf 88' lang='lat' dir='ltr'>alium</span> <span class='ocrx_word' id='word_1_1119' title='bbox 2282 1049 2440 1088; x_wconf 75' lang='lat' dir='ltr'>quascunq3</span> 
     </span>
     <span class='ocr_line' id='line_1_133' title="bbox 1375 1083 2440 1124; baseline 0.002 -10"><span class='ocrx_word' id='word_1_1120' title='bbox 1375 1084 1468 1115; x_wconf 85' lang='lat' dir='ltr'>Lanas</span> <span class='ocrx_word' id='word_1_1121' title='bbox 1487 1093 1536 1115; x_wconf 90' lang='lat' dir='ltr'>aut</span> <span class='ocrx_word' id='word_1_1122' title='bbox 1556 1083 1646 1115; x_wconf 90' lang='lat' dir='ltr'>Pelles</span> <span class='ocrx_word' id='word_1_1123' title='bbox 1668 1085 1773 1116; x_wconf 87' lang='lat' dir='ltr'>lanutas</span> <span class='ocrx_word' id='word_1_1124' title='bbox 1797 1094 1911 1124; x_wconf 88' lang='lat' dir='ltr'>emere,</span> <span class='ocrx_word' id='word_1_1125' title='bbox 1928 1086 1975 1116; x_wconf 90' lang='lat' dir='ltr'>vel</span> <span class='ocrx_word' id='word_1_1126' title='bbox 1995 1085 2050 1116; x_wconf 88' lang='lat' dir='ltr'>alio</span> <span class='ocrx_word' id='word_1_1127' title='bbox 2071 1086 2162 1117; x_wconf 89' lang='lat' dir='ltr'>modo</span> <span class='ocrx_word' id='word_1_1128' title='bbox 2183 1089 2309 1124; x_wconf 89' lang='lat' dir='ltr'>recipere</span> <span class='ocrx_word' id='word_1_1129' title='bbox 2330 1088 2365 1119; x_wconf 90' lang='lat' dir='ltr'>de</span> <span class='ocrx_word' id='word_1_1130' title='bbox 2379 1096 2440 1116; x_wconf 91' lang='lat' dir='ltr'>uno</span> 
     </span>
     <span class='ocr_line' id='line_1_134' title="bbox 1375 1122 2439 1164; baseline 0.003 -12"><span class='ocrx_word' id='word_1_1131' title='bbox 1375 1122 1486 1160; x_wconf 84' lang='lat' dir='ltr'>Regno</span> <span class='ocrx_word' id='word_1_1132' title='bbox 1503 1124 1533 1154; x_wconf 91' lang='lat' dir='ltr'>in</span> <span class='ocrx_word' id='word_1_1133' title='bbox 1548 1123 1622 1154; x_wconf 89' lang='lat' dir='ltr'>aliud</span> <span class='ocrx_word' id='word_1_1134' title='bbox 1635 1124 1759 1161; x_wconf 90' lang='lat' dir='ltr'>ipsorum</span> <span class='ocrx_word' id='word_1_1135' title='bbox 1775 1134 1825 1162; x_wconf 87' lang='lat' dir='ltr'>per</span> <span class='ocrx_word' id='word_1_1136' title='bbox 1837 1124 1960 1155; x_wconf 88' lang='lat' dir='ltr'>Terram</span> <span class='ocrx_word' id='word_1_1137' title='bbox 1977 1124 2023 1155; x_wconf 90' lang='lat' dir='ltr'>vel</span> <span class='ocrx_word' id='word_1_1138' title='bbox 2040 1123 2124 1155; x_wconf 83' lang='lat' dir='ltr'>Mare</span> <span class='ocrx_word' id='word_1_1139' title='bbox 2138 1124 2293 1164; x_wconf 85' lang='lat' dir='ltr'>vehendas,</span> <span class='ocrx_word' id='word_1_1140' title='bbox 2310 1127 2439 1158; x_wconf 88' lang='lat' dir='ltr'>auferen-</span> 
     </span>
     <span class='ocr_line' id='line_1_135' title="bbox 1375 1161 2440 1202; baseline 0.005 -11"><span class='ocrx_word' id='word_1_1141' title='bbox 1375 1161 1439 1200; x_wconf 87' lang='lat' dir='ltr'>das,</span> <span class='ocrx_word' id='word_1_1142' title='bbox 1458 1170 1504 1193; x_wconf 86' lang='lat' dir='ltr'>aut</span> <span class='ocrx_word' id='word_1_1143' title='bbox 1518 1162 1712 1201; x_wconf 78' lang='lat' dir='ltr'>asportandas;</span> <span class='ocrx_word' id='word_1_1144' title='bbox 1730 1163 1768 1193; x_wconf 88' lang='lat' dir='ltr'>set</span> <span class='ocrx_word' id='word_1_1145' title='bbox 1782 1163 1867 1193; x_wconf 71' lang='lat' dir='ltr'>Lame</span> <span class='ocrx_word' id='word_1_1146' title='bbox 1887 1163 1953 1201; x_wconf 84' lang='lat' dir='ltr'>ipsae</span> <span class='ocrx_word' id='word_1_1147' title='bbox 1970 1163 2004 1194; x_wconf 86' lang='lat'>&amp;</span> <span class='ocrx_word' id='word_1_1148' title='bbox 2027 1163 2116 1194; x_wconf 87' lang='lat' dir='ltr'>Pelles</span> <span class='ocrx_word' id='word_1_1149' title='bbox 2137 1163 2259 1202; x_wconf 71' lang='lat' dir='ltr'>lanistae,</span> <span class='ocrx_word' id='word_1_1150' title='bbox 2277 1174 2360 1202; x_wconf 87' lang='lat' dir='ltr'>prout</span> <span class='ocrx_word' id='word_1_1151' title='bbox 2374 1166 2440 1196; x_wconf 77' lang='lat' dir='ltr'>alias</span> 
     </span>
     <span class='ocr_line' id='line_1_136' title="bbox 1375 1200 2442 1240; baseline 0.006 -10"><span class='ocrx_word' id='word_1_1152' title='bbox 1375 1211 1429 1238; x_wconf 90' lang='lat' dir='ltr'>pro</span> <span class='ocrx_word' id='word_1_1153' title='bbox 1442 1203 1479 1231; x_wconf 82' lang='lat' dir='ltr'>eis</span> <span class='ocrx_word' id='word_1_1154' title='bbox 1493 1200 1666 1232; x_wconf 81' lang='lat' dir='ltr'>Ordinatum</span> <span class='ocrx_word' id='word_1_1155' title='bbox 1682 1202 1716 1233; x_wconf 76' lang='grc' dir='ltr'>ὅτ.</span> <span class='ocrx_word' id='word_1_1156' title='bbox 1734 1201 1913 1240; x_wconf 82' lang='lat' dir='ltr'>Dispolitum</span> <span class='ocrx_word' id='word_1_1157' title='bbox 1933 1201 1991 1238; x_wconf 88' lang='lat' dir='ltr'>est,</span> <span class='ocrx_word' id='word_1_1158' title='bbox 2008 1202 2114 1240; x_wconf 86' lang='lat' dir='ltr'>absque</span> <span class='ocrx_word' id='word_1_1159' title='bbox 2137 1202 2234 1233; x_wconf 86' lang='lat' dir='ltr'>fraude</span> <span class='ocrx_word' id='word_1_1160' title='bbox 2260 1203 2373 1236; x_wconf 81' lang='lat' dir='ltr'>malove</span> <span class='ocrx_word' id='word_1_1161' title='bbox 2396 1206 2442 1235; x_wconf 89' lang='lat' dir='ltr'>in-</span> 
     </span>
     <span class='ocr_line' id='line_1_137' title="bbox 1373 1240 2442 1281; baseline 0.005 -12"><span class='ocrx_word' id='word_1_1162' title='bbox 1373 1240 1461 1278; x_wconf 86' lang='lat' dir='ltr'>genio</span> <span class='ocrx_word' id='word_1_1163' title='bbox 1478 1249 1653 1278; x_wconf 86' lang='lat' dir='ltr'>quocunque</span> <span class='ocrx_word' id='word_1_1164' title='bbox 1672 1240 1854 1278; x_wconf 85' lang='lat' dir='ltr'>disponantur</span> <span class='ocrx_word' id='word_1_1165' title='bbox 1875 1240 2034 1271; x_wconf 89' lang='lat' dir='ltr'>secundum</span> <span class='ocrx_word' id='word_1_1166' title='bbox 2058 1241 2149 1281; x_wconf 85' lang='lat' dir='ltr'>Leges</span> <span class='ocrx_word' id='word_1_1167' title='bbox 2169 1241 2203 1272; x_wconf 92' lang='lat'>&amp;</span> <span class='ocrx_word' id='word_1_1168' title='bbox 2216 1240 2442 1275; x_wconf 86' lang='lat' dir='ltr'>Consuetudines</span> 
     </span>
     <span class='ocr_line' id='line_1_138' title="bbox 1376 1278 1902 1318; baseline 0.004 -10"><span class='ocrx_word' id='word_1_1169' title='bbox 1376 1278 1485 1309; x_wconf 77' lang='lat' dir='ltr'>alterius</span> <span class='ocrx_word' id='word_1_1170' title='bbox 1500 1278 1674 1318; x_wconf 87' lang='lat' dir='ltr'>Regnorum</span> <span class='ocrx_word' id='word_1_1171' title='bbox 1691 1279 1902 1317; x_wconf 65' lang='lat' dir='ltr'>praediCtorum.</span> 
     </span>
    </p>

    <p class='ocr_par' dir='ltr' id='par_1_19' title="bbox 1374 1317 2444 1514">
     <span class='ocr_line' id='line_1_139' title="bbox 1413 1317 2444 1355; baseline 0.005 -9"><span class='ocrx_word' id='word_1_1172' title='bbox 1413 1318 1502 1347; x_wconf 74' lang='lat' dir='ltr'><strong>ITEM</strong></span> <span class='ocrx_word' id='word_1_1173' title='bbox 1518 1339 1528 1354; x_wconf 84' lang='lat'>,</span> <span class='ocrx_word' id='word_1_1174' title='bbox 1547 1317 1627 1355; x_wconf 78' lang='lat' dir='ltr'>quod</span> <span class='ocrx_word' id='word_1_1175' title='bbox 1642 1340 1652 1354; x_wconf 85' lang='lat'>‚</span> <span class='ocrx_word' id='word_1_1176' title='bbox 1675 1317 1695 1347; x_wconf 87' lang='lat' dir='ltr'><strong>fi</strong></span> <span class='ocrx_word' id='word_1_1177' title='bbox 1716 1318 1894 1355; x_wconf 77' lang='lat' dir='ltr'>praesentibus</span> <span class='ocrx_word' id='word_1_1178' title='bbox 1913 1317 2090 1350; x_wconf 87' lang='lat' dir='ltr'>Guerrarum</span> <span class='ocrx_word' id='word_1_1179' title='bbox 2115 1317 2302 1350; x_wconf 84' lang='lat' dir='ltr'>Abstinentiis</span> <span class='ocrx_word' id='word_1_1180' title='bbox 2321 1318 2444 1351; x_wconf 86' lang='lat' dir='ltr'>duranti-</span> 
     </span>
     <span class='ocr_line' id='line_1_140' title="bbox 1376 1355 2442 1396; baseline 0.004 -11"><span class='ocrx_word' id='word_1_1181' title='bbox 1376 1356 1445 1393; x_wconf 89' lang='lat' dir='ltr'>bus,</span> <span class='ocrx_word' id='word_1_1182' title='bbox 1463 1355 1666 1386; x_wconf 88' lang='lat' dir='ltr'>nichilominus</span> <span class='ocrx_word' id='word_1_1183' title='bbox 1685 1356 1771 1394; x_wconf 89' lang='lat' dir='ltr'>aliqui</span> <span class='ocrx_word' id='word_1_1184' title='bbox 1791 1356 1979 1388; x_wconf 82' lang='lat' dir='ltr'>Subditorum</span> <span class='ocrx_word' id='word_1_1185' title='bbox 2001 1358 2083 1388; x_wconf 84' lang='lat' dir='ltr'>unius</span> <span class='ocrx_word' id='word_1_1186' title='bbox 2104 1357 2249 1388; x_wconf 69' lang='lat' dir='ltr'>dietorum</span> <span class='ocrx_word' id='word_1_1187' title='bbox 2272 1358 2391 1396; x_wconf 86' lang='lat' dir='ltr'>Regum</span> <span class='ocrx_word' id='word_1_1188' title='bbox 2405 1358 2442 1390; x_wconf 87' lang='lat' dir='ltr'>de</span> 
     </span>
     <span class='ocr_line' id='line_1_141' title="bbox 1375 1394 2444 1435; baseline 0.004 -11"><span class='ocrx_word' id='word_1_1189' title='bbox 1375 1395 1454 1425; x_wconf 67' lang='lat' dir='ltr'>faeto</span> <span class='ocrx_word' id='word_1_1190' title='bbox 1467 1396 1570 1427; x_wconf 79' lang='lat' dir='ltr'>vadant</span> <span class='ocrx_word' id='word_1_1191' title='bbox 1586 1397 1616 1425; x_wconf 91' lang='lat' dir='ltr'>in</span> <span class='ocrx_word' id='word_1_1192' title='bbox 1635 1394 1782 1426; x_wconf 80' lang='lat' dir='ltr'>Auxilium</span> <span class='ocrx_word' id='word_1_1193' title='bbox 1796 1395 1935 1427; x_wconf 90' lang='lat' dir='ltr'>Hostium</span> <span class='ocrx_word' id='word_1_1194' title='bbox 1949 1395 2006 1426; x_wconf 86' lang='lat' dir='ltr'>five</span> <span class='ocrx_word' id='word_1_1195' title='bbox 2021 1396 2255 1427; x_wconf 78' lang='lat' dir='ltr'>Adversariorum</span> <span class='ocrx_word' id='word_1_1196' title='bbox 2269 1397 2379 1428; x_wconf 87' lang='lat' dir='ltr'>alterius</span> <span class='ocrx_word' id='word_1_1197' title='bbox 2400 1399 2444 1435; x_wconf 87' lang='lat' dir='ltr'>ip-</span> 
     </span>
     <span class='ocr_line' id='line_1_142' title="bbox 1375 1433 2443 1504; baseline 0.005 -41"><span class='ocrx_word' id='word_1_1198' title='bbox 1375 1433 1468 1476; x_wconf 81' lang='lat' dir='ltr'>sorum</span> <span class='ocrx_word' id='word_1_1199' title='bbox 1484 1433 1532 1465; x_wconf 87' lang='lat' dir='ltr'>Re</span> <span class='ocrx_word' id='word_1_1200' title='bbox 1552 1443 1600 1463; x_wconf 92' lang='lat' dir='ltr'>um</span> <span class='ocrx_word' id='word_1_1201' title='bbox 1611 1457 1620 1472; x_wconf 92' lang='lat'>‚</span> <span class='ocrx_word' id='word_1_1202' title='bbox 1638 1433 1735 1476; x_wconf 79' lang='lat' dir='ltr'>licebit</span> <span class='ocrx_word' id='word_1_1203' title='bbox 1747 1434 1786 1464; x_wconf 92' lang='lat' dir='ltr'>illi</span> <span class='ocrx_word' id='word_1_1204' title='bbox 1805 1433 1880 1504; x_wconf 37' lang='lat' dir='ltr'>Rssi</span> <span class='ocrx_word' id='word_1_1205' title='bbox 1893 1436 1926 1466; x_wconf 90' lang='lat'>&amp;</span> <span class='ocrx_word' id='word_1_1206' title='bbox 1941 1434 2064 1465; x_wconf 88' lang='lat' dir='ltr'>Subditis</span> <span class='ocrx_word' id='word_1_1207' title='bbox 2077 1434 2145 1473; x_wconf 83' lang='lat' dir='ltr'>suis,</span> <span class='ocrx_word' id='word_1_1208' title='bbox 2162 1434 2291 1466; x_wconf 89' lang='lat' dir='ltr'>adversus</span> <span class='ocrx_word' id='word_1_1209' title='bbox 2305 1446 2392 1474; x_wconf 86' lang='lat' dir='ltr'>quem</span> <span class='ocrx_word' id='word_1_1210' title='bbox 2409 1438 2443 1468; x_wconf 67' lang='lat' dir='ltr'>Sc</span> 
     </span>
     <span class='ocr_line' id='line_1_143' title="bbox 1374 1471 2443 1514; baseline 0.004 -12"><span class='ocrx_word' id='word_1_1211' title='bbox 1374 1473 1405 1502; x_wconf 88' lang='lat' dir='ltr'>in</span> <span class='ocrx_word' id='word_1_1212' title='bbox 1422 1482 1500 1510; x_wconf 78' lang='lat' dir='ltr'>cnjus</span> <span class='ocrx_word' id='word_1_1213' title='bbox 1551 1471 1658 1503; x_wconf 88' lang='lat' dir='ltr'>ostium</span> <span class='ocrx_word' id='word_1_1214' title='bbox 1675 1474 1732 1503; x_wconf 73' lang='lat' dir='ltr'>sive</span> <span class='ocrx_word' id='word_1_1215' title='bbox 1748 1473 1848 1505; x_wconf 88' lang='lat' dir='ltr'>Adver</span> <span class='ocrx_word' id='word_1_1216' title='bbox 1857 1474 1982 1504; x_wconf 86' lang='lat' dir='ltr'>ariorum</span> <span class='ocrx_word' id='word_1_1217' title='bbox 2001 1473 2148 1504; x_wconf 85' lang='lat' dir='ltr'>Auxilium</span> <span class='ocrx_word' id='word_1_1218' title='bbox 2166 1473 2204 1504; x_wconf 92' lang='lat' dir='ltr'>sic</span> <span class='ocrx_word' id='word_1_1219' title='bbox 2219 1474 2443 1514; x_wconf 81' lang='lat' dir='ltr'>tranfierint,ip-</span> 
     </span>
    </p>
   </div>
   <div class='ocr_carea' id='block_1_12' title="bbox 1375 1510 2554 1594">
    <p class='ocr_par' dir='ltr' id='par_1_20' title="bbox 1375 1510 2554 1594">
     <span class='ocr_line' id='line_1_144' title="bbox 1375 1510 2554 1551; baseline 0.005 -11"><span class='ocrx_word' id='word_1_1220' title='bbox 1375 1510 1419 1540; x_wconf 88' lang='lat' dir='ltr'>sos</span> <span class='ocrx_word' id='word_1_1221' title='bbox 1429 1511 1543 1550; x_wconf 82' lang='lat' dir='ltr'>eundo,</span> <span class='ocrx_word' id='word_1_1222' title='bbox 1560 1511 1722 1550; x_wconf 87' lang='lat' dir='ltr'>manendO,</span> <span class='ocrx_word' id='word_1_1223' title='bbox 1740 1511 1786 1543; x_wconf 90' lang='lat' dir='ltr'>seu</span> <span class='ocrx_word' id='word_1_1224' title='bbox 1807 1515 1822 1529; x_wconf 78' lang='lat'>⁴¹</span> <span class='ocrx_word' id='word_1_1225' title='bbox 1840 1512 1990 1543; x_wconf 84' lang='lat' dir='ltr'>redeundo</span> <span class='ocrx_word' id='word_1_1226' title='bbox 2012 1512 2239 1551; x_wconf 82' lang='lat' dir='ltr'>deprehendere,</span> <span class='ocrx_word' id='word_1_1227' title='bbox 2259 1513 2443 1551; x_wconf 77' lang='lat' dir='ltr'>praesentibus</span> <span class='ocrx_word' id='word_1_1228' title='bbox 2461 1519 2477 1535; x_wconf 75' lang='lat'>&#39;¹‘</span> <span class='ocrx_word' id='word_1_1229' title='bbox 2497 1519 2554 1547; x_wconf 77' lang='lat' dir='ltr'>xil</span> 
     </span>
     <span class='ocr_line' id='line_1_145' title="bbox 2463 1566 2527 1594; baseline 0.016 -10"><span class='ocrx_word' id='word_1_1230' title='bbox 2463 1566 2527 1594; x_wconf 77' lang='lat'>241.</span> 
     </span>
    </p>
   </div>
   <div class='ocr_carea' id='block_1_13' title="bbox 1372 1548 2447 3175">
    <p class='ocr_par' dir='ltr' id='par_1_21' title="bbox 1377 1548 2031 1582">
     <span class='ocr_line' id='line_1_146' title="bbox 1377 1548 2031 1582; baseline 0.002 -2"><span class='ocrx_word' id='word_1_1231' title='bbox 1377 1548 1552 1581; x_wconf 89' lang='lat' dir='ltr'>Guerrarum</span> <span class='ocrx_word' id='word_1_1232' title='bbox 1571 1550 1756 1581; x_wconf 87' lang='lat' dir='ltr'>Abstinentiis</span> <span class='ocrx_word' id='word_1_1233' title='bbox 1771 1561 1831 1581; x_wconf 91' lang='lat' dir='ltr'>non</span> <span class='ocrx_word' id='word_1_1234' title='bbox 1847 1550 2031 1582; x_wconf 87' lang='lat' dir='ltr'>obstantibus.</span> 
     </span>
    </p>

    <p class='ocr_par' dir='ltr' id='par_1_22' title="bbox 1372 1585 2447 2207">
     <span class='ocr_line' id='line_1_147' title="bbox 1412 1585 2446 1630; baseline 0.004 -12"><span class='ocrx_word' id='word_1_1235' title='bbox 1412 1585 1519 1627; x_wconf 73' lang='lat' dir='ltr'>ITEM,</span> <span class='ocrx_word' id='word_1_1236' title='bbox 1537 1598 1676 1630; x_wconf 82' lang='lat' dir='ltr'>quantum</span> <span class='ocrx_word' id='word_1_1237' title='bbox 1690 1588 1725 1619; x_wconf 89' lang='lat' dir='ltr'>ad</span> <span class='ocrx_word' id='word_1_1238' title='bbox 1741 1588 1846 1620; x_wconf 90' lang='lat' dir='ltr'>Scotos</span> <span class='ocrx_word' id='word_1_1239' title='bbox 1862 1589 1974 1628; x_wconf 87' lang='lat' dir='ltr'>Juratos</span> <span class='ocrx_word' id='word_1_1240' title='bbox 1995 1589 2140 1621; x_wconf 87' lang='lat' dir='ltr'>Homines</span> <span class='ocrx_word' id='word_1_1241' title='bbox 2156 1589 2362 1630; x_wconf 80' lang='lat' dir='ltr'>Ligeos&#39;Regis</span> <span class='ocrx_word' id='word_1_1242' title='bbox 2376 1595 2446 1622; x_wconf 82' lang='lat' dir='ltr'>An-</span> 
     </span>
     <span class='ocr_line' id='line_1_148' title="bbox 1372 1625 2447 1667; baseline 0.006 -12"><span class='ocrx_word' id='word_1_1243' title='bbox 1372 1625 1453 1664; x_wconf 66' lang='lat' dir='ltr'>glise,</span> <span class='ocrx_word' id='word_1_1244' title='bbox 1469 1637 1594 1667; x_wconf 92' lang='lat' dir='ltr'>quorum</span> <span class='ocrx_word' id='word_1_1245' title='bbox 1609 1627 1747 1658; x_wconf 86' lang='lat' dir='ltr'>Nomina</span> <span class='ocrx_word' id='word_1_1246' title='bbox 1761 1629 1795 1659; x_wconf 88' lang='lat'>&amp;</span> <span class='ocrx_word' id='word_1_1247' title='bbox 1810 1628 1998 1667; x_wconf 85' lang='lat' dir='ltr'>Cognomina</span> <span class='ocrx_word' id='word_1_1248' title='bbox 2012 1628 2167 1666; x_wconf 79' lang='lat' dir='ltr'>dabuntur,</span> <span class='ocrx_word' id='word_1_1249' title='bbox 2184 1640 2214 1661; x_wconf 90' lang='lat' dir='ltr'>ut</span> <span class='ocrx_word' id='word_1_1250' title='bbox 2235 1629 2359 1667; x_wconf 77' lang='lat' dir='ltr'>superius</span> <span class='ocrx_word' id='word_1_1251' title='bbox 2382 1641 2447 1661; x_wconf 89' lang='lat' dir='ltr'>me-</span> 
     </span>
     <span class='ocr_line' id='line_1_149' title="bbox 1376 1665 2444 1709; baseline 0.005 -14"><span class='ocrx_word' id='word_1_1252' title='bbox 1376 1674 1520 1709; x_wconf 72' lang='lat' dir='ltr'>moratur,</span> <span class='ocrx_word' id='word_1_1253' title='bbox 1540 1666 1761 1698; x_wconf 80' lang='lat' dir='ltr'>Concordatum</span> <span class='ocrx_word' id='word_1_1254' title='bbox 1777 1665 1820 1697; x_wconf 89' lang='lat' dir='ltr'>est</span> <span class='ocrx_word' id='word_1_1255' title='bbox 1833 1667 1912 1704; x_wconf 81' lang='lat' dir='ltr'>quod</span> <span class='ocrx_word' id='word_1_1256' title='bbox 1928 1667 2019 1698; x_wconf 58' lang='lat' dir='ltr'>didius</span> <span class='ocrx_word' id='word_1_1257' title='bbox 2033 1671 2094 1697; x_wconf 82' lang='lat' dir='ltr'>Rex</span> <span class='ocrx_word' id='word_1_1258' title='bbox 2110 1671 2245 1698; x_wconf 82' lang='lat' dir='ltr'>Scotorum</span> <span class='ocrx_word' id='word_1_1259' title='bbox 2260 1669 2331 1705; x_wconf 86' lang='lat' dir='ltr'>ipsos</span> <span class='ocrx_word' id='word_1_1260' title='bbox 2353 1669 2444 1701; x_wconf 87' lang='lat' dir='ltr'>forsan</span> 
     </span>
     <span class='ocr_line' id='line_1_150' title="bbox 1377 1703 2446 1744; baseline 0.005 -11"><span class='ocrx_word' id='word_1_1261' title='bbox 1377 1713 1409 1733; x_wconf 90' lang='lat' dir='ltr'>in</span> <span class='ocrx_word' id='word_1_1262' title='bbox 1434 1703 1571 1742; x_wconf 86' lang='lat' dir='ltr'>Regnum</span> <span class='ocrx_word' id='word_1_1263' title='bbox 1594 1705 1677 1735; x_wconf 86' lang='lat' dir='ltr'>suum</span> <span class='ocrx_word' id='word_1_1264' title='bbox 1694 1704 1786 1735; x_wconf 88' lang='lat' dir='ltr'>redire</span> <span class='ocrx_word' id='word_1_1265' title='bbox 1804 1705 1952 1743; x_wconf 80' lang='lat' dir='ltr'>volentes,</span> <span class='ocrx_word' id='word_1_1266' title='bbox 1969 1706 2026 1736; x_wconf 84' lang='lat' dir='ltr'>five</span> <span class='ocrx_word' id='word_1_1267' title='bbox 2048 1706 2171 1737; x_wconf 88' lang='lat' dir='ltr'>Poenam</span> <span class='ocrx_word' id='word_1_1268' title='bbox 2189 1717 2241 1744; x_wconf 88' lang='lat' dir='ltr'>pro</span> <span class='ocrx_word' id='word_1_1269' title='bbox 2255 1707 2379 1738; x_wconf 76' lang='lat' dir='ltr'>Delic&#39;tis</span> <span class='ocrx_word' id='word_1_1270' title='bbox 2393 1707 2446 1739; x_wconf 82' lang='lat' dir='ltr'>suis</span> 
     </span>
     <span class='ocr_line' id='line_1_151' title="bbox 1378 1743 2445 1784; baseline 0.005 -12"><span class='ocrx_word' id='word_1_1271' title='bbox 1378 1752 1444 1780; x_wconf 67' lang='lat' dir='ltr'>quie</span> <span class='ocrx_word' id='word_1_1272' title='bbox 1465 1745 1494 1773; x_wconf 90' lang='lat' dir='ltr'>in</span> <span class='ocrx_word' id='word_1_1273' title='bbox 1518 1743 1658 1775; x_wconf 84' lang='lat' dir='ltr'>Marchiis</span> <span class='ocrx_word' id='word_1_1274' title='bbox 1678 1745 1762 1773; x_wconf 91' lang='lat' dir='ltr'>unius</span> <span class='ocrx_word' id='word_1_1275' title='bbox 1782 1752 1830 1774; x_wconf 90' lang='lat' dir='ltr'>aut</span> <span class='ocrx_word' id='word_1_1276' title='bbox 1851 1743 1960 1774; x_wconf 85' lang='lat' dir='ltr'>alterius</span> <span class='ocrx_word' id='word_1_1277' title='bbox 1982 1743 2078 1784; x_wconf 87' lang='lat' dir='ltr'>Regni</span> <span class='ocrx_word' id='word_1_1278' title='bbox 2096 1744 2209 1776; x_wconf 83' lang='lat' dir='ltr'>fortasse</span> <span class='ocrx_word' id='word_1_1279' title='bbox 2225 1748 2445 1784; x_wconf 86' lang='lat' dir='ltr'>perpetraverint</span> 
     </span>
     <span class='ocr_line' id='line_1_152' title="bbox 1380 1781 2445 1824; baseline 0.006 -14"><span class='ocrx_word' id='word_1_1280' title='bbox 1380 1781 1489 1812; x_wconf 90' lang='lat' dir='ltr'>ibidem</span> <span class='ocrx_word' id='word_1_1281' title='bbox 1513 1782 1640 1821; x_wconf 87' lang='lat' dir='ltr'>effugere</span> <span class='ocrx_word' id='word_1_1282' title='bbox 1661 1783 1822 1820; x_wconf 90' lang='lat' dir='ltr'>cupientes,</span> <span class='ocrx_word' id='word_1_1283' title='bbox 1839 1782 1919 1812; x_wconf 90' lang='lat' dir='ltr'>nullo</span> <span class='ocrx_word' id='word_1_1284' title='bbox 1941 1782 2032 1813; x_wconf 89' lang='lat' dir='ltr'>modo</span> <span class='ocrx_word' id='word_1_1285' title='bbox 2050 1783 2121 1813; x_wconf 86' lang='lat' dir='ltr'>intra</span> <span class='ocrx_word' id='word_1_1286' title='bbox 2135 1792 2250 1821; x_wconf 88' lang='lat' dir='ltr'>tempus</span> <span class='ocrx_word' id='word_1_1287' title='bbox 2263 1785 2445 1824; x_wconf 89' lang='lat' dir='ltr'>Treugarum</span> 
     </span>
     <span class='ocr_line' id='line_1_153' title="bbox 1377 1819 2443 1861; baseline 0.005 -12"><span class='ocrx_word' id='word_1_1288' title='bbox 1377 1819 1596 1858; x_wconf 70' lang='lat' dir='ltr'>supradictarum</span> <span class='ocrx_word' id='word_1_1289' title='bbox 1611 1821 1645 1851; x_wconf 90' lang='lat' dir='ltr'>ad</span> <span class='ocrx_word' id='word_1_1290' title='bbox 1662 1819 1794 1851; x_wconf 89' lang='lat' dir='ltr'>Gratiam</span> <span class='ocrx_word' id='word_1_1291' title='bbox 1810 1821 1867 1851; x_wconf 83' lang='lat' dir='ltr'>live</span> <span class='ocrx_word' id='word_1_1292' title='bbox 1881 1821 2023 1851; x_wconf 85' lang='lat' dir='ltr'>Favorem</span> <span class='ocrx_word' id='word_1_1293' title='bbox 2039 1821 2119 1852; x_wconf 89' lang='lat' dir='ltr'>suum</span> <span class='ocrx_word' id='word_1_1294' title='bbox 2142 1822 2289 1860; x_wconf 80' lang='lat' dir='ltr'>admittet·,</span> <span class='ocrx_word' id='word_1_1295' title='bbox 2309 1823 2348 1853; x_wconf 92' lang='lat' dir='ltr'>set</span> <span class='ocrx_word' id='word_1_1296' title='bbox 2370 1823 2443 1861; x_wconf 83' lang='lat' dir='ltr'>ipsos</span> 
     </span>
     <span class='ocr_line' id='line_1_154' title="bbox 1377 1859 2445 1899; baseline 0.002 -9"><span class='ocrx_word' id='word_1_1297' title='bbox 1377 1869 1478 1890; x_wconf 91' lang='lat' dir='ltr'>omnes</span> <span class='ocrx_word' id='word_1_1298' title='bbox 1494 1859 1549 1899; x_wconf 83' lang='lat' dir='ltr'>fic,</span> <span class='ocrx_word' id='word_1_1299' title='bbox 1569 1869 1600 1891; x_wconf 93' lang='lat' dir='ltr'>ut</span> <span class='ocrx_word' id='word_1_1300' title='bbox 1613 1860 1809 1898; x_wconf 85' lang='lat' dir='ltr'>praemittitur‚</span> <span class='ocrx_word' id='word_1_1301' title='bbox 1828 1859 2036 1898; x_wconf 88' lang='lat' dir='ltr'>Delinquentes</span> <span class='ocrx_word' id='word_1_1302' title='bbox 2051 1869 2096 1890; x_wconf 88' lang='lat' dir='ltr'>aut</span> <span class='ocrx_word' id='word_1_1303' title='bbox 2112 1859 2263 1899; x_wconf 74' lang='lat' dir='ltr'>Fugientes</span> <span class='ocrx_word' id='word_1_1304' title='bbox 2278 1861 2370 1891; x_wconf 58' lang='lat' dir='ltr'>dietus</span> <span class='ocrx_word' id='word_1_1305' title='bbox 2383 1865 2445 1892; x_wconf 88' lang='lat' dir='ltr'>Sco-</span> 
     </span>
     <span class='ocr_line' id='line_1_155' title="bbox 1376 1897 2444 1938; baseline 0.004 -11"><span class='ocrx_word' id='word_1_1306' title='bbox 1376 1904 1466 1928; x_wconf 83' lang='lat' dir='ltr'>torum</span> <span class='ocrx_word' id='word_1_1307' title='bbox 1486 1901 1546 1928; x_wconf 87' lang='lat' dir='ltr'>Rex</span> <span class='ocrx_word' id='word_1_1308' title='bbox 1567 1900 1667 1937; x_wconf 88' lang='lat' dir='ltr'>puniet</span> <span class='ocrx_word' id='word_1_1309' title='bbox 1687 1906 1734 1929; x_wconf 85' lang='lat' dir='ltr'>aut</span> <span class='ocrx_word' id='word_1_1310' title='bbox 1757 1899 1848 1938; x_wconf 90' lang='lat' dir='ltr'>puniti</span> <span class='ocrx_word' id='word_1_1311' title='bbox 1864 1898 1950 1929; x_wconf 87' lang='lat' dir='ltr'>faciet</span> <span class='ocrx_word' id='word_1_1312' title='bbox 1974 1899 2003 1929; x_wconf 90' lang='lat' dir='ltr'>in</span> <span class='ocrx_word' id='word_1_1313' title='bbox 2025 1897 2135 1936; x_wconf 87' lang='lat' dir='ltr'>Regno</span> <span class='ocrx_word' id='word_1_1314' title='bbox 2155 1898 2206 1930; x_wconf 88' lang='lat' dir='ltr'>suo</span> <span class='ocrx_word' id='word_1_1315' title='bbox 2228 1900 2381 1938; x_wconf 82' lang='lat' dir='ltr'>capitaliter</span> <span class='ocrx_word' id='word_1_1316' title='bbox 2396 1925 2405 1937; x_wconf 83' lang='lat'><strong><em>‚</em></strong></span> <span class='ocrx_word' id='word_1_1317' title='bbox 2423 1900 2444 1931; x_wconf 84' lang='lat' dir='ltr'>fi</span> 
     </span>
     <span class='ocr_line' id='line_1_156' title="bbox 1378 1936 2444 1977; baseline 0.004 -11"><span class='ocrx_word' id='word_1_1318' title='bbox 1378 1936 1515 1968; x_wconf 88' lang='lat' dir='ltr'>Criminis</span> <span class='ocrx_word' id='word_1_1319' title='bbox 1528 1938 1643 1977; x_wconf 88' lang='lat' dir='ltr'>qualitas</span> <span class='ocrx_word' id='word_1_1320' title='bbox 1658 1937 1685 1967; x_wconf 90' lang='lat' dir='ltr'>id</span> <span class='ocrx_word' id='word_1_1321' title='bbox 1701 1937 1850 1975; x_wconf 83' lang='lat' dir='ltr'>exposcat,</span> <span class='ocrx_word' id='word_1_1322' title='bbox 1870 1937 1910 1967; x_wconf 87' lang='lat' dir='ltr'>sin</span> <span class='ocrx_word' id='word_1_1323' title='bbox 1925 1938 2036 1975; x_wconf 90' lang='lat' dir='ltr'>minus,</span> <span class='ocrx_word' id='word_1_1324' title='bbox 2055 1947 2103 1967; x_wconf 71' lang='lat' dir='ltr'>eos</span> <span class='ocrx_word' id='word_1_1325' title='bbox 2126 1938 2240 1969; x_wconf 79' lang='lat' dir='ltr'>indilate</span> <span class='ocrx_word' id='word_1_1326' title='bbox 2261 1939 2386 1969; x_wconf 87' lang='lat' dir='ltr'>remittet</span> <span class='ocrx_word' id='word_1_1327' title='bbox 2407 1939 2444 1970; x_wconf 91' lang='lat' dir='ltr'>ad</span> 
     </span>
     <span class='ocr_line' id='line_1_157' title="bbox 1378 1975 2444 2017; baseline 0.003 -12"><span class='ocrx_word' id='word_1_1328' title='bbox 1378 1975 1542 2008; x_wconf 89' lang='lat' dir='ltr'>Officiarios</span> <span class='ocrx_word' id='word_1_1329' title='bbox 1558 1980 1637 2014; x_wconf 84' lang='lat' dir='ltr'>Regis</span> <span class='ocrx_word' id='word_1_1330' title='bbox 1651 1975 1765 2013; x_wconf 79' lang='lat' dir='ltr'>Angliae</span> <span class='ocrx_word' id='word_1_1331' title='bbox 1787 1977 1816 2006; x_wconf 90' lang='lat' dir='ltr'>in</span> <span class='ocrx_word' id='word_1_1332' title='bbox 1837 1976 1900 2014; x_wconf 91' lang='lat' dir='ltr'>ipsis</span> <span class='ocrx_word' id='word_1_1333' title='bbox 1923 1975 2032 2006; x_wconf 90' lang='lat' dir='ltr'>Vicinis</span> <span class='ocrx_word' id='word_1_1334' title='bbox 2056 1975 2194 2007; x_wconf 78' lang='lat' dir='ltr'>Marchiis</span> <span class='ocrx_word' id='word_1_1335' title='bbox 2211 1986 2444 2017; x_wconf 85' lang='lat' dir='ltr'>commorantes,</span> 
     </span>
     <span class='ocr_line' id='line_1_158' title="bbox 1378 2013 2446 2054; baseline 0.001 -10"><span class='ocrx_word' id='word_1_1336' title='bbox 1378 2023 1410 2045; x_wconf 94' lang='lat' dir='ltr'>ut</span> <span class='ocrx_word' id='word_1_1337' title='bbox 1425 2015 1463 2045; x_wconf 90' lang='lat' dir='ltr'>ibi</span> <span class='ocrx_word' id='word_1_1338' title='bbox 1478 2025 1531 2053; x_wconf 87' lang='lat' dir='ltr'>pro</span> <span class='ocrx_word' id='word_1_1339' title='bbox 1544 2016 1670 2053; x_wconf 85' lang='lat' dir='ltr'>ipsorum</span> <span class='ocrx_word' id='word_1_1340' title='bbox 1686 2014 1842 2046; x_wconf 82' lang='lat' dir='ltr'>Demetitis</span> <span class='ocrx_word' id='word_1_1341' title='bbox 1856 2013 2052 2054; x_wconf 85' lang='lat' dir='ltr'>Castigatione</span> <span class='ocrx_word' id='word_1_1342' title='bbox 2067 2015 2100 2045; x_wconf 92' lang='lat'>&amp;</span> <span class='ocrx_word' id='word_1_1343' title='bbox 2115 2015 2268 2047; x_wconf 87' lang='lat' dir='ltr'>Punitione</span> <span class='ocrx_word' id='word_1_1344' title='bbox 2282 2015 2365 2046; x_wconf 90' lang='lat' dir='ltr'>fimili</span> <span class='ocrx_word' id='word_1_1345' title='bbox 2375 2026 2446 2054; x_wconf 70' lang='lat' dir='ltr'>‚per-</span> 
     </span>
     <span class='ocr_line' id='line_1_159' title="bbox 1377 2053 2444 2093; baseline 0.004 -10"><span class='ocrx_word' id='word_1_1346' title='bbox 1377 2053 1531 2093; x_wconf 78' lang='lat' dir='ltr'>cellantur3</span> <span class='ocrx_word' id='word_1_1347' title='bbox 1551 2055 1675 2086; x_wconf 84' lang='lat' dir='ltr'>iitriiliter</span> <span class='ocrx_word' id='word_1_1348' title='bbox 1691 2053 1785 2092; x_wconf 89' lang='lat' dir='ltr'>quoad</span> <span class='ocrx_word' id='word_1_1349' title='bbox 1800 2053 1872 2092; x_wconf 87' lang='lat' dir='ltr'>ipsos</span> <span class='ocrx_word' id='word_1_1350' title='bbox 1886 2053 2042 2091; x_wconf 70' lang='lat' dir='ltr'>Anguem,</span> <span class='ocrx_word' id='word_1_1351' title='bbox 2061 2054 2108 2092; x_wconf 89' lang='lat' dir='ltr'>qui</span> <span class='ocrx_word' id='word_1_1352' title='bbox 2130 2064 2180 2092; x_wconf 90' lang='lat' dir='ltr'>per</span> <span class='ocrx_word' id='word_1_1353' title='bbox 2203 2055 2383 2085; x_wconf 87' lang='lat' dir='ltr'>Sacramenta</span> <span class='ocrx_word' id='word_1_1354' title='bbox 2398 2056 2444 2087; x_wconf 82' lang='lat' dir='ltr'>sua</span> 
     </span>
     <span class='ocr_line' id='line_1_160' title="bbox 1377 2091 2446 2131; baseline 0.003 -10"><span class='ocrx_word' id='word_1_1355' title='bbox 1377 2091 1463 2127; x_wconf 70' lang='lat' dir='ltr'>Ligei</span> <span class='ocrx_word' id='word_1_1356' title='bbox 1479 2095 1557 2131; x_wconf 65' lang='lat' dir='ltr'>Regis</span> <span class='ocrx_word' id='word_1_1357' title='bbox 1569 2096 1706 2123; x_wconf 86' lang='lat' dir='ltr'>Scotorum</span> <span class='ocrx_word' id='word_1_1358' title='bbox 1719 2093 1887 2124; x_wconf 85' lang='lat' dir='ltr'>devenerint</span> <span class='ocrx_word' id='word_1_1359' title='bbox 1897 2114 1906 2130; x_wconf 84' lang='lat'>‚</span> <span class='ocrx_word' id='word_1_1360' title='bbox 1923 2102 1978 2130; x_wconf 91' lang='lat' dir='ltr'>pro</span> <span class='ocrx_word' id='word_1_1361' title='bbox 1992 2091 2118 2131; x_wconf 85' lang='lat' dir='ltr'>Refugio</span> <span class='ocrx_word' id='word_1_1362' title='bbox 2131 2093 2163 2124; x_wconf 77' lang='grc' dir='ltr'>δε</span> <span class='ocrx_word' id='word_1_1363' title='bbox 2179 2092 2364 2124; x_wconf 88' lang='lat' dir='ltr'>Immunitate</span> <span class='ocrx_word' id='word_1_1364' title='bbox 2380 2093 2446 2124; x_wconf 81' lang='lat' dir='ltr'>De-</span> 
     </span>
     <span class='ocr_line' id='line_1_161' title="bbox 1375 2130 2446 2170; baseline 0.003 -10"><span class='ocrx_word' id='word_1_1365' title='bbox 1375 2130 1439 2161; x_wconf 66' lang='lat' dir='ltr'>licii</span> <span class='ocrx_word' id='word_1_1366' title='bbox 1456 2131 1570 2163; x_wconf 86' lang='lat' dir='ltr'>fortasse</span> <span class='ocrx_word' id='word_1_1367' title='bbox 1583 2133 1614 2163; x_wconf 90' lang='lat' dir='ltr'>in</span> <span class='ocrx_word' id='word_1_1368' title='bbox 1629 2131 1765 2168; x_wconf 86' lang='lat' dir='ltr'>Angliam</span> <span class='ocrx_word' id='word_1_1369' title='bbox 1776 2131 1968 2169; x_wconf 83' lang='lat' dir='ltr'>advertentes,</span> <span class='ocrx_word' id='word_1_1370' title='bbox 1984 2141 2031 2168; x_wconf 88' lang='lat' dir='ltr'>per</span> <span class='ocrx_word' id='word_1_1371' title='bbox 2049 2131 2215 2163; x_wconf 87' lang='lat' dir='ltr'>Dominum</span> <span class='ocrx_word' id='word_1_1372' title='bbox 2226 2134 2323 2170; x_wconf 85' lang='lat' dir='ltr'>Regem</span> <span class='ocrx_word' id='word_1_1373' title='bbox 2331 2131 2446 2170; x_wconf 79' lang='lat' dir='ltr'>Angliae</span> 
     </span>
     <span class='ocr_line' id='line_1_162' title="bbox 1379 2169 2089 2207; baseline 0.001 -7"><span class='ocrx_word' id='word_1_1374' title='bbox 1379 2169 1413 2200; x_wconf 69' lang='grc' dir='ltr'>δε</span> <span class='ocrx_word' id='word_1_1375' title='bbox 1428 2170 1489 2200; x_wconf 92' lang='lat' dir='ltr'>suos</span> <span class='ocrx_word' id='word_1_1376' title='bbox 1504 2170 1669 2202; x_wconf 85' lang='lat' dir='ltr'>Officiarios</span> <span class='ocrx_word' id='word_1_1377' title='bbox 1683 2180 1732 2207; x_wconf 89' lang='lat' dir='ltr'>per</span> <span class='ocrx_word' id='word_1_1378' title='bbox 1745 2171 1846 2201; x_wconf 85' lang='lat' dir='ltr'>omnia</span> <span class='ocrx_word' id='word_1_1379' title='bbox 1862 2169 2089 2201; x_wconf 89' lang='lat' dir='ltr'>Observandum.</span> 
     </span>
    </p>

    <p class='ocr_par' dir='ltr' id='par_1_23' title="bbox 1376 2207 2445 2588">
     <span class='ocr_line' id='line_1_163' title="bbox 1414 2207 2443 2247; baseline 0.002 -9"><span class='ocrx_word' id='word_1_1380' title='bbox 1414 2207 1505 2239; x_wconf 75' lang='lat' dir='ltr'>ITEM</span> <span class='ocrx_word' id='word_1_1381' title='bbox 1524 2233 1534 2246; x_wconf 86' lang='lat'>,</span> <span class='ocrx_word' id='word_1_1382' title='bbox 1559 2209 1776 2240; x_wconf 88' lang='lat' dir='ltr'>Concordatum</span> <span class='ocrx_word' id='word_1_1383' title='bbox 1799 2208 1841 2238; x_wconf 90' lang='lat' dir='ltr'>est</span> <span class='ocrx_word' id='word_1_1384' title='bbox 1854 2230 1864 2246; x_wconf 87' lang='lat'>‚</span> <span class='ocrx_word' id='word_1_1385' title='bbox 1899 2209 1979 2247; x_wconf 77' lang='lat' dir='ltr'>quod</span> <span class='ocrx_word' id='word_1_1386' title='bbox 2004 2209 2032 2238; x_wconf 90' lang='lat' dir='ltr'>in</span> <span class='ocrx_word' id='word_1_1387' title='bbox 2055 2208 2236 2247; x_wconf 72' lang='lat' dir='ltr'>praesentibus</span> <span class='ocrx_word' id='word_1_1388' title='bbox 2259 2208 2392 2246; x_wconf 76' lang='lat' dir='ltr'>Treugis</span> <span class='ocrx_word' id='word_1_1389' title='bbox 2407 2208 2443 2240; x_wconf 90' lang='lat'>&amp;</span> 
     </span>
     <span class='ocr_line' id='line_1_164' title="bbox 1378 2246 2442 2287; baseline 0.002 -10"><span class='ocrx_word' id='word_1_1390' title='bbox 1378 2246 1552 2279; x_wconf 87' lang='lat' dir='ltr'>Guerrarum</span> <span class='ocrx_word' id='word_1_1391' title='bbox 1577 2248 1761 2279; x_wconf 80' lang='lat' dir='ltr'>Abstinentiis</span> <span class='ocrx_word' id='word_1_1392' title='bbox 1792 2247 2072 2285; x_wconf 86' lang='lat' dir='ltr'>comprehendantur</span> <span class='ocrx_word' id='word_1_1393' title='bbox 2102 2248 2219 2286; x_wconf 90' lang='lat' dir='ltr'>Amici,</span> <span class='ocrx_word' id='word_1_1394' title='bbox 2242 2247 2355 2287; x_wconf 86' lang='lat' dir='ltr'>Alligati</span> <span class='ocrx_word' id='word_1_1395' title='bbox 2371 2270 2380 2286; x_wconf 93' lang='lat'>,</span> <span class='ocrx_word' id='word_1_1396' title='bbox 2405 2249 2442 2280; x_wconf 76' lang='grc' dir='ltr'>δε</span> 
     </span>
     <span class='ocr_line' id='line_1_165' title="bbox 1377 2284 2444 2325; baseline 0.001 -9"><span class='ocrx_word' id='word_1_1397' title='bbox 1377 2284 1578 2318; x_wconf 84' lang='lat' dir='ltr'>Confoederati</span> <span class='ocrx_word' id='word_1_1398' title='bbox 1596 2287 1714 2325; x_wconf 74' lang='lat' dir='ltr'>utriusq3</span> <span class='ocrx_word' id='word_1_1399' title='bbox 1733 2286 1891 2325; x_wconf 85' lang='lat' dir='ltr'>Principis,</span> <span class='ocrx_word' id='word_1_1400' title='bbox 1910 2286 1929 2316; x_wconf 88' lang='lat' dir='ltr'>fi</span> <span class='ocrx_word' id='word_1_1401' title='bbox 1943 2285 2150 2324; x_wconf 90' lang='lat' dir='ltr'>comprehendi</span> <span class='ocrx_word' id='word_1_1402' title='bbox 2164 2287 2325 2322; x_wconf 77' lang='lat' dir='ltr'>voluerint,</span> <span class='ocrx_word' id='word_1_1403' title='bbox 2343 2287 2377 2317; x_wconf 69' lang='grc' dir='ltr'>ὃς</span> <span class='ocrx_word' id='word_1_1404' title='bbox 2399 2286 2444 2317; x_wconf 89' lang='lat' dir='ltr'>su—</span> 
     </span>
     <span class='ocr_line' id='line_1_166' title="bbox 1377 2324 2445 2362; baseline 0.001 -8"><span class='ocrx_word' id='word_1_1405' title='bbox 1377 2333 1427 2362; x_wconf 88' lang='lat' dir='ltr'>per</span> <span class='ocrx_word' id='word_1_1406' title='bbox 1451 2326 1509 2356; x_wconf 91' lang='lat' dir='ltr'>hoc</span> <span class='ocrx_word' id='word_1_1407' title='bbox 1530 2326 1655 2357; x_wconf 84' lang='lat' dir='ltr'>Animos</span> <span class='ocrx_word' id='word_1_1408' title='bbox 1681 2327 1743 2356; x_wconf 91' lang='lat' dir='ltr'>suos</span> <span class='ocrx_word' id='word_1_1409' title='bbox 1765 2325 1966 2356; x_wconf 88' lang='lat' dir='ltr'>declaraverint</span> <span class='ocrx_word' id='word_1_1410' title='bbox 1986 2325 2056 2355; x_wconf 85' lang='lat' dir='ltr'>infra</span> <span class='ocrx_word' id='word_1_1411' title='bbox 2074 2324 2130 2356; x_wconf 86' lang='lat' dir='ltr'>Sex</span> <span class='ocrx_word' id='word_1_1412' title='bbox 2147 2324 2261 2356; x_wconf 89' lang='lat' dir='ltr'>Menses</span> <span class='ocrx_word' id='word_1_1413' title='bbox 2275 2335 2388 2355; x_wconf 81' lang='lat' dir='ltr'>exnunc</span> <span class='ocrx_word' id='word_1_1414' title='bbox 2404 2324 2445 2355; x_wconf 88' lang='lat' dir='ltr'>se-</span> 
     </span>
     <span class='ocr_line' id='line_1_167' title="bbox 1378 2362 2444 2402; baseline 0.001 -9"><span class='ocrx_word' id='word_1_1415' title='bbox 1378 2373 1512 2402; x_wconf 70' lang='lat' dir='ltr'>quente53</span> <span class='ocrx_word' id='word_1_1416' title='bbox 1532 2366 1565 2394; x_wconf 89' lang='lat'>&amp;</span> <span class='ocrx_word' id='word_1_1417' title='bbox 1579 2365 1733 2401; x_wconf 78' lang='lat' dir='ltr'>specialiter</span> <span class='ocrx_word' id='word_1_1418' title='bbox 1743 2373 1796 2401; x_wconf 88' lang='lat' dir='ltr'>pro</span> <span class='ocrx_word' id='word_1_1419' title='bbox 1811 2363 1894 2394; x_wconf 89' lang='lat' dir='ltr'>Parte</span> <span class='ocrx_word' id='word_1_1420' title='bbox 1903 2363 2012 2402; x_wconf 84' lang='lat' dir='ltr'>Angliae</span> <span class='ocrx_word' id='word_1_1421' title='bbox 2029 2365 2212 2395; x_wconf 85' lang='lat' dir='ltr'>nominantur</span> <span class='ocrx_word' id='word_1_1422' title='bbox 2226 2374 2280 2402; x_wconf 90' lang='lat' dir='ltr'>pro</span> <span class='ocrx_word' id='word_1_1423' title='bbox 2299 2363 2351 2394; x_wconf 88' lang='lat' dir='ltr'>suis</span> <span class='ocrx_word' id='word_1_1424' title='bbox 2359 2362 2444 2394; x_wconf 83' lang='lat' dir='ltr'>Con·</span> 
     </span>
     <span class='ocr_line' id='line_1_168' title="bbox 1377 2401 2444 2443; baseline -0.002 -10"><span class='ocrx_word' id='word_1_1425' title='bbox 1377 2402 1520 2434; x_wconf 82' lang='lat' dir='ltr'>foederatis</span> <span class='ocrx_word' id='word_1_1426' title='bbox 1531 2406 1591 2432; x_wconf 85' lang='lat' dir='ltr'>Rex</span> <span class='ocrx_word' id='word_1_1427' title='bbox 1608 2403 1746 2443; x_wconf 80' lang='lat' dir='ltr'>Castellae,</span> <span class='ocrx_word' id='word_1_1428' title='bbox 1765 2405 1927 2440; x_wconf 81' lang='lat' dir='ltr'>Legionum,</span> <span class='ocrx_word' id='word_1_1429' title='bbox 1945 2405 1977 2433; x_wconf 84' lang='lat'>&amp;</span> <span class='ocrx_word' id='word_1_1430' title='bbox 1992 2405 2175 2441; x_wconf 80' lang='lat' dir='ltr'>Arragoniae,</span> <span class='ocrx_word' id='word_1_1431' title='bbox 2192 2406 2252 2433; x_wconf 85' lang='lat' dir='ltr'>Rex</span> <span class='ocrx_word' id='word_1_1432' title='bbox 2267 2401 2444 2440; x_wconf 68' lang='lat' dir='ltr'>portugalie,</span> 
     </span>
     <span class='ocr_line' id='line_1_169' title="bbox 1377 2439 2444 2482; baseline -0.002 -11"><span class='ocrx_word' id='word_1_1433' title='bbox 1377 2441 1500 2482; x_wconf 76' lang='lat' dir='ltr'>Austriae</span> <span class='ocrx_word' id='word_1_1434' title='bbox 1511 2443 1544 2473; x_wconf 73' lang='grc' dir='ltr'>ὅτ.</span> <span class='ocrx_word' id='word_1_1435' title='bbox 1563 2442 1728 2479; x_wconf 80' lang='lat' dir='ltr'>Burgundiae</span> <span class='ocrx_word' id='word_1_1436' title='bbox 1743 2442 1777 2473; x_wconf 87' lang='lat'>&amp;</span> <span class='ocrx_word' id='word_1_1437' title='bbox 1791 2444 1948 2471; x_wconf 67' lang='lat' dir='ltr'>Britanniae</span> <span class='ocrx_word' id='word_1_1438' title='bbox 1964 2444 2052 2471; x_wconf 80' lang='lat' dir='ltr'>Duces</span> <span class='ocrx_word' id='word_1_1439' title='bbox 2061 2453 2070 2471; x_wconf 88' lang='lat'><em>:</em></span> <span class='ocrx_word' id='word_1_1440' title='bbox 2086 2451 2138 2479; x_wconf 84' lang='lat' dir='ltr'>pro</span> <span class='ocrx_word' id='word_1_1441' title='bbox 2146 2442 2228 2472; x_wconf 88' lang='lat' dir='ltr'>Parte</span> <span class='ocrx_word' id='word_1_1442' title='bbox 2240 2441 2347 2471; x_wconf 88' lang='lat' dir='ltr'>Scotiae</span> <span class='ocrx_word' id='word_1_1443' title='bbox 2355 2439 2444 2470; x_wconf 83' lang='lat' dir='ltr'>Chri-</span> 
     </span>
     <span class='ocr_line' id='line_1_170' title="bbox 1378 2478 2445 2518; baseline -0.003 -8"><span class='ocrx_word' id='word_1_1444' title='bbox 1378 2479 1556 2511; x_wconf 85' lang='lat' dir='ltr'>stianiffimiis</span> <span class='ocrx_word' id='word_1_1445' title='bbox 1569 2482 1601 2512; x_wconf 73' lang='grc' dir='ltr'>δε</span> <span class='ocrx_word' id='word_1_1446' title='bbox 1620 2480 1820 2511; x_wconf 70' lang='lat' dir='ltr'>Invictiffimus</span> <span class='ocrx_word' id='word_1_1447' title='bbox 1835 2479 1970 2517; x_wconf 85' lang='lat' dir='ltr'>Princeps</span> <span class='ocrx_word' id='word_1_1448' title='bbox 1993 2478 2128 2518; x_wconf 78' lang='lat' dir='ltr'>Karalus,</span> <span class='ocrx_word' id='word_1_1449' title='bbox 2147 2479 2205 2509; x_wconf 92' lang='lat' dir='ltr'>Dei</span> <span class='ocrx_word' id='word_1_1450' title='bbox 2228 2479 2330 2518; x_wconf 69' lang='lat' dir='ltr'>gratia,</span> <span class='ocrx_word' id='word_1_1451' title='bbox 2353 2480 2445 2508; x_wconf 76' lang='lat' dir='ltr'>Fran-</span> 
     </span>
     <span class='ocr_line' id='line_1_171' title="bbox 1376 2518 2443 2558; baseline 0 -10"><span class='ocrx_word' id='word_1_1452' title='bbox 1376 2529 1463 2548; x_wconf 79' lang='lat' dir='ltr'>corum</span> <span class='ocrx_word' id='word_1_1453' title='bbox 1480 2523 1540 2549; x_wconf 82' lang='lat' dir='ltr'>Rex</span> <span class='ocrx_word' id='word_1_1454' title='bbox 1551 2542 1560 2558; x_wconf 83' lang='lat'>,</span> <span class='ocrx_word' id='word_1_1455' title='bbox 1578 2518 1724 2557; x_wconf 82' lang='lat' dir='ltr'>Johannes</span> <span class='ocrx_word' id='word_1_1456' title='bbox 1745 2522 1806 2549; x_wconf 81' lang='lat' dir='ltr'>Rex</span> <span class='ocrx_word' id='word_1_1457' title='bbox 1826 2521 1941 2556; x_wconf 79' lang='lat' dir='ltr'>Daciae,</span> <span class='ocrx_word' id='word_1_1458' title='bbox 1958 2519 2130 2556; x_wconf 79' lang='lat' dir='ltr'>Norwegiae,</span> <span class='ocrx_word' id='word_1_1459' title='bbox 2148 2519 2209 2550; x_wconf 70' lang='grc' dir='ltr'><strong>δῖε.</strong></span> <span class='ocrx_word' id='word_1_1460' title='bbox 2231 2519 2264 2549; x_wconf 89' lang='lat'>&amp;</span> <span class='ocrx_word' id='word_1_1461' title='bbox 2282 2520 2443 2548; x_wconf 60' lang='lat' dir='ltr'>Britannice</span> 
     </span>
     <span class='ocr_line' id='line_1_172' title="bbox 1385 2561 1459 2588; baseline 0.014 -1"><span class='ocrx_word' id='word_1_1462' title='bbox 1385 2561 1459 2588; x_wconf 85' lang='lat' dir='ltr'>Dux.</span> 
     </span>
    </p>

    <p class='ocr_par' dir='ltr' id='par_1_24' title="bbox 1378 2593 2444 2827">
     <span class='ocr_line' id='line_1_173' title="bbox 1414 2593 2443 2634; baseline -0.002 -8"><span class='ocrx_word' id='word_1_1463' title='bbox 1414 2595 1527 2634; x_wconf 75' lang='grc' dir='ltr'>ΙΤΕΜ,</span> <span class='ocrx_word' id='word_1_1464' title='bbox 1543 2594 1766 2626; x_wconf 86' lang='lat' dir='ltr'>Concordatum</span> <span class='ocrx_word' id='word_1_1465' title='bbox 1780 2593 1823 2625; x_wconf 88' lang='lat' dir='ltr'>est</span> <span class='ocrx_word' id='word_1_1466' title='bbox 1832 2604 2011 2633; x_wconf 82' lang='lat' dir='ltr'>‚quanquam</span> <span class='ocrx_word' id='word_1_1467' title='bbox 2027 2594 2174 2633; x_wconf 74' lang='lat' dir='ltr'>praesentes</span> <span class='ocrx_word' id='word_1_1468' title='bbox 2192 2594 2368 2626; x_wconf 86' lang='lat' dir='ltr'>Guerrarum</span> <span class='ocrx_word' id='word_1_1469' title='bbox 2378 2593 2443 2624; x_wconf 85' lang='lat' dir='ltr'>Ab-</span> 
     </span>
     <span class='ocr_line' id='line_1_174' title="bbox 1379 2633 2442 2672; baseline -0.002 -8"><span class='ocrx_word' id='word_1_1470' title='bbox 1379 2635 1519 2665; x_wconf 80' lang='lat' dir='ltr'>stinentiae</span> <span class='ocrx_word' id='word_1_1471' title='bbox 1534 2643 1625 2672; x_wconf 84' lang='lat' dir='ltr'>captae</span> <span class='ocrx_word' id='word_1_1472' title='bbox 1638 2635 1671 2665; x_wconf 90' lang='lat'>&amp;</span> <span class='ocrx_word' id='word_1_1473' title='bbox 1687 2635 1764 2664; x_wconf 84' lang='lat' dir='ltr'>initae</span> <span class='ocrx_word' id='word_1_1474' title='bbox 1779 2633 1841 2664; x_wconf 89' lang='lat' dir='ltr'>sunt</span> <span class='ocrx_word' id='word_1_1475' title='bbox 1855 2633 1945 2664; x_wconf 88' lang='lat' dir='ltr'>modo</span> <span class='ocrx_word' id='word_1_1476' title='bbox 1961 2635 1995 2665; x_wconf 91' lang='lat'>&amp;</span> <span class='ocrx_word' id='word_1_1477' title='bbox 2010 2633 2111 2664; x_wconf 88' lang='lat' dir='ltr'>formis</span> <span class='ocrx_word' id='word_1_1478' title='bbox 2124 2643 2155 2664; x_wconf 91' lang='lat' dir='ltr'>ut</span> <span class='ocrx_word' id='word_1_1479' title='bbox 2171 2633 2247 2672; x_wconf 89' lang='lat' dir='ltr'>supra</span> <span class='ocrx_word' id='word_1_1480' title='bbox 2260 2633 2442 2671; x_wconf 69' lang='lat' dir='ltr'>a&amp;um‚non</span> 
     </span>
     <span class='ocr_line' id='line_1_175' title="bbox 1378 2670 2443 2710; baseline -0.001 -7"><span class='ocrx_word' id='word_1_1481' title='bbox 1378 2674 1508 2703; x_wconf 88' lang='lat' dir='ltr'>dicentur</span> <span class='ocrx_word' id='word_1_1482' title='bbox 1521 2672 1567 2702; x_wconf 90' lang='lat' dir='ltr'>vel</span> <span class='ocrx_word' id='word_1_1483' title='bbox 1583 2673 1787 2710; x_wconf 89' lang='lat' dir='ltr'>reputabuntur</span> <span class='ocrx_word' id='word_1_1484' title='bbox 1799 2673 1924 2702; x_wconf 79' lang='lat' dir='ltr'>omnino</span> <span class='ocrx_word' id='word_1_1485' title='bbox 1942 2671 2113 2709; x_wconf 84' lang='lat' dir='ltr'>Generales,</span> <span class='ocrx_word' id='word_1_1486' title='bbox 2132 2682 2187 2703; x_wconf 92' lang='lat' dir='ltr'>nec</span> <span class='ocrx_word' id='word_1_1487' title='bbox 2201 2672 2227 2703; x_wconf 92' lang='lat' dir='ltr'>se</span> <span class='ocrx_word' id='word_1_1488' title='bbox 2241 2671 2394 2702; x_wconf 75' lang='lat' dir='ltr'>eXtendent</span> <span class='ocrx_word' id='word_1_1489' title='bbox 2407 2670 2443 2702; x_wconf 88' lang='lat' dir='ltr'>ad</span> 
     </span>
     <span class='ocr_line' id='line_1_176' title="bbox 1380 2710 2443 2750; baseline -0.002 -9"><span class='ocrx_word' id='word_1_1490' title='bbox 1380 2714 1536 2741; x_wconf 88' lang='lat' dir='ltr'>Dominium</span> <span class='ocrx_word' id='word_1_1491' title='bbox 1548 2711 1581 2740; x_wconf 79' lang='lat' dir='ltr'>de</span> <span class='ocrx_word' id='word_1_1492' title='bbox 1599 2714 1691 2741; x_wconf 83' lang='lat' dir='ltr'>Lorne</span> <span class='ocrx_word' id='word_1_1493' title='bbox 1708 2712 1738 2741; x_wconf 89' lang='lat' dir='ltr'>in</span> <span class='ocrx_word' id='word_1_1494' title='bbox 1754 2710 1864 2748; x_wconf 84' lang='lat' dir='ltr'>Regno</span> <span class='ocrx_word' id='word_1_1495' title='bbox 1878 2710 2000 2748; x_wconf 66' lang='lat' dir='ltr'>Scodae,</span> <span class='ocrx_word' id='word_1_1496' title='bbox 2019 2720 2075 2741; x_wconf 91' lang='lat' dir='ltr'>nec</span> <span class='ocrx_word' id='word_1_1497' title='bbox 2090 2710 2212 2742; x_wconf 89' lang='lat' dir='ltr'>Insulam</span> <span class='ocrx_word' id='word_1_1498' title='bbox 2225 2710 2262 2742; x_wconf 90' lang='lat' dir='ltr'>de</span> <span class='ocrx_word' id='word_1_1499' title='bbox 2277 2710 2397 2750; x_wconf 91' lang='lat' dir='ltr'>Lundey</span> <span class='ocrx_word' id='word_1_1500' title='bbox 2413 2711 2443 2740; x_wconf 91' lang='lat' dir='ltr'>in</span> 
     </span>
     <span class='ocr_line' id='line_1_177' title="bbox 1381 2748 2444 2790; baseline 0 -11"><span class='ocrx_word' id='word_1_1501' title='bbox 1381 2750 1502 2789; x_wconf 69' lang='lat' dir='ltr'>Angli23</span> <span class='ocrx_word' id='word_1_1502' title='bbox 1519 2749 1557 2780; x_wconf 84' lang='lat' dir='ltr'>set</span> <span class='ocrx_word' id='word_1_1503' title='bbox 1579 2748 1752 2780; x_wconf 88' lang='lat' dir='ltr'>Dominium</span> <span class='ocrx_word' id='word_1_1504' title='bbox 1767 2750 1799 2780; x_wconf 89' lang='lat'>&amp;</span> <span class='ocrx_word' id='word_1_1505' title='bbox 1816 2749 1904 2779; x_wconf 88' lang='lat' dir='ltr'>Insula</span> <span class='ocrx_word' id='word_1_1506' title='bbox 1917 2749 2049 2787; x_wconf 73' lang='lat' dir='ltr'>praedieia</span> <span class='ocrx_word' id='word_1_1507' title='bbox 2064 2749 2254 2790; x_wconf 90' lang='lat' dir='ltr'>intelligentur</span> <span class='ocrx_word' id='word_1_1508' title='bbox 2277 2749 2358 2780; x_wconf 91' lang='lat' dir='ltr'>nullo</span> <span class='ocrx_word' id='word_1_1509' title='bbox 2377 2758 2444 2779; x_wconf 88' lang='lat' dir='ltr'>mo-</span> 
     </span>
     <span class='ocr_line' id='line_1_178' title="bbox 1380 2787 2149 2827; baseline 0 -9"><span class='ocrx_word' id='word_1_1510' title='bbox 1380 2788 1419 2819; x_wconf 94' lang='lat' dir='ltr'>do</span> <span class='ocrx_word' id='word_1_1511' title='bbox 1434 2791 1462 2819; x_wconf 90' lang='lat' dir='ltr'>in</span> <span class='ocrx_word' id='word_1_1512' title='bbox 1476 2789 1528 2818; x_wconf 85' lang='lat' dir='ltr'>hiis</span> <span class='ocrx_word' id='word_1_1513' title='bbox 1546 2788 1724 2819; x_wconf 88' lang='lat' dir='ltr'>Guerrarum</span> <span class='ocrx_word' id='word_1_1514' title='bbox 1741 2787 1925 2818; x_wconf 86' lang='lat' dir='ltr'>Abstinentiis</span> <span class='ocrx_word' id='word_1_1515' title='bbox 1938 2789 2149 2827; x_wconf 85' lang='lat' dir='ltr'>comprehensa.</span> 
     </span>
    </p>

    <p class='ocr_par' dir='ltr' id='par_1_25' title="bbox 1380 2825 2443 3013">
     <span class='ocr_line' id='line_1_179' title="bbox 1416 2825 2442 2866; baseline -0.003 -9"><span class='ocrx_word' id='word_1_1516' title='bbox 1416 2826 1524 2865; x_wconf 79' lang='grc' dir='ltr'>ΙτεΜ,</span> <span class='ocrx_word' id='word_1_1517' title='bbox 1544 2825 1763 2858; x_wconf 89' lang='lat' dir='ltr'>Concordatum</span> <span class='ocrx_word' id='word_1_1518' title='bbox 1777 2827 1809 2857; x_wconf 91' lang='lat'>&amp;</span> <span class='ocrx_word' id='word_1_1519' title='bbox 1825 2826 2003 2858; x_wconf 89' lang='lat' dir='ltr'>Conclusum</span> <span class='ocrx_word' id='word_1_1520' title='bbox 2018 2826 2078 2865; x_wconf 83' lang='lat' dir='ltr'>est,</span> <span class='ocrx_word' id='word_1_1521' title='bbox 2097 2825 2178 2866; x_wconf 80' lang='lat' dir='ltr'>quod</span> <span class='ocrx_word' id='word_1_1522' title='bbox 2193 2825 2442 2864; x_wconf 85' lang='lat' dir='ltr'>utraquePartium</span> 
     </span>
     <span class='ocr_line' id='line_1_180' title="bbox 1380 2862 2442 2906; baseline -0.004 -10"><span class='ocrx_word' id='word_1_1523' title='bbox 1380 2866 1577 2904; x_wconf 61' lang='lat' dir='ltr'>praedidtarum</span> <span class='ocrx_word' id='word_1_1524' title='bbox 1593 2865 1736 2897; x_wconf 88' lang='lat' dir='ltr'>Publicari</span> <span class='ocrx_word' id='word_1_1525' title='bbox 1750 2866 1784 2896; x_wconf 78' lang='grc' dir='ltr'>δε</span> <span class='ocrx_word' id='word_1_1526' title='bbox 1801 2864 1954 2896; x_wconf 83' lang='lat' dir='ltr'>Notificari</span> <span class='ocrx_word' id='word_1_1527' title='bbox 1967 2866 2050 2897; x_wconf 85' lang='lat' dir='ltr'>faciet</span> <span class='ocrx_word' id='word_1_1528' title='bbox 2071 2865 2159 2897; x_wconf 72' lang='lat' dir='ltr'>dictas</span> <span class='ocrx_word' id='word_1_1529' title='bbox 2182 2864 2354 2906; x_wconf 81' lang='lat' dir='ltr'>Guerrarum</span> <span class='ocrx_word' id='word_1_1530' title='bbox 2378 2862 2442 2906; x_wconf 55' lang='lat' dir='ltr'>fib-</span> 
     </span>
     <span class='ocr_line' id='line_1_181' title="bbox 1381 2901 2441 2936; baseline -0.005 -1"><span class='ocrx_word' id='word_1_1531' title='bbox 1381 2905 1521 2935; x_wconf 85' lang='lat' dir='ltr'>stinentias</span> <span class='ocrx_word' id='word_1_1532' title='bbox 1534 2904 1659 2935; x_wconf 87' lang='lat' dir='ltr'>Subditis</span> <span class='ocrx_word' id='word_1_1533' title='bbox 1673 2905 1726 2935; x_wconf 90' lang='lat' dir='ltr'>suis</span> <span class='ocrx_word' id='word_1_1534' title='bbox 1742 2905 1770 2934; x_wconf 91' lang='lat' dir='ltr'>in</span> <span class='ocrx_word' id='word_1_1535' title='bbox 1787 2905 1923 2934; x_wconf 88' lang='lat' dir='ltr'>omnibus</span> <span class='ocrx_word' id='word_1_1536' title='bbox 1936 2903 2075 2935; x_wconf 70' lang='lat' dir='ltr'>Marchiis</span> <span class='ocrx_word' id='word_1_1537' title='bbox 2087 2905 2121 2936; x_wconf 91' lang='lat'>&amp;</span> <span class='ocrx_word' id='word_1_1538' title='bbox 2137 2904 2225 2934; x_wconf 88' lang='lat' dir='ltr'>Locis</span> <span class='ocrx_word' id='word_1_1539' title='bbox 2237 2902 2292 2932; x_wconf 87' lang='lat' dir='ltr'>Infi</span> <span class='ocrx_word' id='word_1_1540' title='bbox 2313 2901 2441 2931; x_wconf 85' lang='lat' dir='ltr'>nioribus</span> 
     </span>
     <span class='ocr_line' id='line_1_182' title="bbox 1380 2938 2443 3013; baseline -0.003 -39"><span class='ocrx_word' id='word_1_1541' title='bbox 1380 2943 1519 3013; x_wconf 44' lang='lat' dir='ltr'>{tritissque</span> <span class='ocrx_word' id='word_1_1542' title='bbox 1534 2941 1630 2982; x_wconf 79' lang='lat' dir='ltr'>Regni</span> <span class='ocrx_word' id='word_1_1543' title='bbox 1647 2943 1749 2974; x_wconf 86' lang='lat' dir='ltr'>Primo</span> <span class='ocrx_word' id='word_1_1544' title='bbox 1763 2942 1810 2973; x_wconf 91' lang='lat' dir='ltr'>die</span> <span class='ocrx_word' id='word_1_1545' title='bbox 1823 2941 1964 2974; x_wconf 58' lang='lat' dir='ltr'>Octobris</span> <span class='ocrx_word' id='word_1_1546' title='bbox 1978 2944 2112 2981; x_wconf 76' lang='lat' dir='ltr'>proximo</span> <span class='ocrx_word' id='word_1_1547' title='bbox 2133 2942 2229 2972; x_wconf 82' lang='lat' dir='ltr'>futuro</span> <span class='ocrx_word' id='word_1_1548' title='bbox 2247 2949 2288 2978; x_wconf 87' lang='lat' dir='ltr'>po</span> <span class='ocrx_word' id='word_1_1549' title='bbox 2335 2938 2443 2971; x_wconf 83' lang='lat' dir='ltr'>Datam</span> 
     </span>
    </p>

    <p class='ocr_par' dir='ltr' id='par_1_26' title="bbox 1407 2991 1575 3012">
     <span class='ocr_line' id='line_1_183' title="bbox 1407 2991 1575 3012; baseline -0.006 0"><span class='ocrx_word' id='word_1_1550' title='bbox 1407 2992 1444 3012; x_wconf 68' lang='lat' dir='ltr'>rae</span> <span class='ocrx_word' id='word_1_1551' title='bbox 1455 2991 1575 3012; x_wconf 87' lang='lat' dir='ltr'>entium.</span> 
     </span>
    </p>

    <p class='ocr_par' dir='ltr' id='par_1_27' title="bbox 1378 3015 2438 3175">
     <span class='ocr_line' id='line_1_184' title="bbox 1414 3015 2437 3060; baseline -0.004 -9"><span class='ocrx_word' id='word_1_1552' title='bbox 1414 3020 1711 3051; x_wconf 78' lang='lat' dir='ltr'>CONSERVATORES</span> <span class='ocrx_word' id='word_1_1553' title='bbox 1731 3021 1802 3050; x_wconf 76' lang='lat' dir='ltr'>vero</span> <span class='ocrx_word' id='word_1_1554' title='bbox 1823 3019 1999 3051; x_wconf 79' lang='lat' dir='ltr'>Guerrarum</span> <span class='ocrx_word' id='word_1_1555' title='bbox 2014 3017 2257 3060; x_wconf 73' lang='lat' dir='ltr'>Abstinentiarum</span> <span class='ocrx_word' id='word_1_1556' title='bbox 2278 3025 2332 3053; x_wconf 87' lang='lat' dir='ltr'>pro</span> <span class='ocrx_word' id='word_1_1557' title='bbox 2355 3015 2437 3048; x_wconf 67' lang='lat' dir='ltr'>dieto</span> 
     </span>
     <span class='ocr_line' id='line_1_185' title="bbox 1378 3054 2438 3096; baseline -0.007 -6"><span class='ocrx_word' id='word_1_1558' title='bbox 1378 3058 1619 3090; x_wconf 83' lang='lat' dir='ltr'>Excellentiffimo</span> <span class='ocrx_word' id='word_1_1559' title='bbox 1643 3057 1776 3096; x_wconf 85' lang='lat' dir='ltr'>Principe</span> <span class='ocrx_word' id='word_1_1560' title='bbox 1796 3057 1903 3096; x_wconf 85' lang='lat' dir='ltr'>Jacobo</span> <span class='ocrx_word' id='word_1_1561' title='bbox 1924 3062 2059 3088; x_wconf 86' lang='lat' dir='ltr'>Scotorum</span> <span class='ocrx_word' id='word_1_1562' title='bbox 2083 3059 2168 3093; x_wconf 78' lang='lat' dir='ltr'>Rege,</span> <span class='ocrx_word' id='word_1_1563' title='bbox 2185 3055 2297 3093; x_wconf 80' lang='lat' dir='ltr'>ejusque</span> <span class='ocrx_word' id='word_1_1564' title='bbox 2312 3054 2438 3094; x_wconf 81' lang='lat' dir='ltr'>Regno,</span> 
     </span>
     <span class='ocr_line' id='line_1_186' title="bbox 1378 3092 2438 3135; baseline -0.004 -7"><span class='ocrx_word' id='word_1_1565' title='bbox 1378 3098 1490 3135; x_wconf 77' lang='lat' dir='ltr'>Ten-is,</span> <span class='ocrx_word' id='word_1_1566' title='bbox 1510 3097 1673 3135; x_wconf 84' lang='lat' dir='ltr'>Dominiis,</span> <span class='ocrx_word' id='word_1_1567' title='bbox 1693 3097 1798 3134; x_wconf 89' lang='lat' dir='ltr'>Locis,</span> <span class='ocrx_word' id='word_1_1568' title='bbox 1816 3107 1848 3126; x_wconf 90' lang='lat' dir='ltr'>ac</span> <span class='ocrx_word' id='word_1_1569' title='bbox 1863 3097 1991 3127; x_wconf 89' lang='lat' dir='ltr'>Personis</span> <span class='ocrx_word' id='word_1_1570' title='bbox 2005 3095 2230 3134; x_wconf 84' lang='lat' dir='ltr'>quibuscumque</span> <span class='ocrx_word' id='word_1_1571' title='bbox 2245 3094 2272 3123; x_wconf 90' lang='lat' dir='ltr'>ei</span> <span class='ocrx_word' id='word_1_1572' title='bbox 2294 3092 2438 3132; x_wconf 79' lang='lat' dir='ltr'>Subditis,</span> 
     </span>
     <span class='ocr_line' id='line_1_187' title="bbox 1378 3134 2041 3175; baseline -0.006 -7"><span class='ocrx_word' id='word_1_1573' title='bbox 1378 3138 1440 3169; x_wconf 73' lang='lat' dir='ltr'>tam</span> <span class='ocrx_word' id='word_1_1574' title='bbox 1453 3147 1503 3175; x_wconf 89' lang='lat' dir='ltr'>per</span> <span class='ocrx_word' id='word_1_1575' title='bbox 1517 3136 1641 3166; x_wconf 88' lang='lat' dir='ltr'>Terram</span> <span class='ocrx_word' id='word_1_1576' title='bbox 1659 3136 1745 3173; x_wconf 77' lang='lat' dir='ltr'>quam</span> <span class='ocrx_word' id='word_1_1577' title='bbox 1756 3145 1806 3174; x_wconf 86' lang='lat' dir='ltr'>per</span> <span class='ocrx_word' id='word_1_1578' title='bbox 1821 3134 1922 3173; x_wconf 79' lang='lat' dir='ltr'>Mare,</span> <span class='ocrx_word' id='word_1_1579' title='bbox 1939 3143 2021 3164; x_wconf 88' lang='lat' dir='ltr'>erunt</span> <span class='ocrx_word' id='word_1_1580' title='bbox 2030 3155 2041 3172; x_wconf 86' lang='lat'>,</span> 
     </span>
    </p>
   </div>
   <div class='ocr_carea' id='block_1_14' title="bbox 1414 3208 2354 4012">
    <p class='ocr_par' dir='ltr' id='par_1_28' title="bbox 1414 3208 2354 3892">
     <span class='ocr_line' id='line_1_188' title="bbox 1417 3208 2184 3250; baseline -0.005 -7"><span class='ocrx_word' id='word_1_1581' title='bbox 1417 3213 1521 3244; x_wconf 82' lang='lat' dir='ltr'>David</span> <span class='ocrx_word' id='word_1_1582' title='bbox 1535 3216 1624 3242; x_wconf 84' lang='lat' dir='ltr'>Comes</span> <span class='ocrx_word' id='word_1_1583' title='bbox 1641 3210 1814 3250; x_wconf 81' lang='lat' dir='ltr'>Craufurdiae</span> <span class='ocrx_word' id='word_1_1584' title='bbox 1829 3209 1868 3246; x_wconf 59' lang='grc' dir='ltr'>ὦ·</span> <span class='ocrx_word' id='word_1_1585' title='bbox 1883 3213 2014 3240; x_wconf 78' lang='lat' dir='ltr'>Dominus</span> <span class='ocrx_word' id='word_1_1586' title='bbox 2028 3208 2184 3250; x_wconf 70' lang='lat' dir='ltr'>Lindesc&#39;zy‚</span> 
     </span>
     <span class='ocr_line' id='line_1_189' title="bbox 1416 3245 2354 3288; baseline -0.005 -7"><span class='ocrx_word' id='word_1_1587' title='bbox 1416 3255 1540 3288; x_wconf 76' lang='lat' dir='ltr'>Georgius</span> <span class='ocrx_word' id='word_1_1588' title='bbox 1555 3254 1644 3280; x_wconf 84' lang='lat' dir='ltr'>Comes</span> <span class='ocrx_word' id='word_1_1589' title='bbox 1659 3251 1691 3279; x_wconf 77' lang='lat' dir='ltr'>de</span> <span class='ocrx_word' id='word_1_1590' title='bbox 1707 3249 1829 3288; x_wconf 80' lang='lat' dir='ltr'>Huntley</span> <span class='ocrx_word' id='word_1_1591' title='bbox 1843 3251 1976 3279; x_wconf 87' lang='lat' dir='ltr'>Dominus</span> <span class='ocrx_word' id='word_1_1592' title='bbox 1991 3248 2100 3279; x_wconf 87' lang='lat' dir='ltr'>Gordon</span> <span class='ocrx_word' id='word_1_1593' title='bbox 2115 3247 2153 3284; x_wconf 83' lang='lat'><em>&amp;</em></span> <span class='ocrx_word' id='word_1_1594' title='bbox 2168 3245 2354 3286; x_wconf 78' lang='lat' dir='ltr'>Badzenach,</span> 
     </span>
     <span class='ocr_line' id='line_1_190' title="bbox 1416 3286 1882 3329; baseline -0.009 -10"><span class='ocrx_word' id='word_1_1595' title='bbox 1416 3290 1560 3329; x_wconf 82' lang='lat' dir='ltr'>Johannes</span> <span class='ocrx_word' id='word_1_1596' title='bbox 1579 3293 1711 3318; x_wconf 83' lang='lat' dir='ltr'>Dominus</span> <span class='ocrx_word' id='word_1_1597' title='bbox 1730 3286 1882 3326; x_wconf 82' lang='lat' dir='ltr'>Darneley‚</span> 
     </span>
     <span class='ocr_line' id='line_1_191' title="bbox 1415 3328 1884 3366; baseline -0.006 -9"><span class='ocrx_word' id='word_1_1598' title='bbox 1415 3328 1560 3366; x_wconf 82' lang='lat' dir='ltr'>Johannes</span> <span class='ocrx_word' id='word_1_1599' title='bbox 1578 3331 1711 3357; x_wconf 81' lang='lat' dir='ltr'>Dominus</span> <span class='ocrx_word' id='word_1_1600' title='bbox 1729 3328 1860 3366; x_wconf 83' lang='lat' dir='ltr'>Hennydy</span> <span class='ocrx_word' id='word_1_1601' title='bbox 1873 3349 1884 3365; x_wconf 84' lang='lat'>,</span> 
     </span>
     <span class='ocr_line' id='line_1_192' title="bbox 1415 3364 2111 3401; baseline -0.007 -5"><span class='ocrx_word' id='word_1_1602' title='bbox 1415 3367 1547 3396; x_wconf 82' lang='lat' dir='ltr'>Robertus</span> <span class='ocrx_word' id='word_1_1603' title='bbox 1565 3368 1696 3395; x_wconf 84' lang='lat' dir='ltr'>Dominus</span> <span class='ocrx_word' id='word_1_1604' title='bbox 1712 3364 1776 3393; x_wconf 81' lang='lat' dir='ltr'>Lile</span> <span class='ocrx_word' id='word_1_1605' title='bbox 1786 3386 1796 3401; x_wconf 95' lang='lat'>,</span> <span class='ocrx_word' id='word_1_1606' title='bbox 2099 3373 2111 3386; x_wconf 75' lang='grc' dir='ltr'><strong>ο</strong></span> 
     </span>
     <span class='ocr_line' id='line_1_193' title="bbox 1417 3402 1816 3439; baseline -0.008 -5"><span class='ocrx_word' id='word_1_1607' title='bbox 1417 3407 1552 3434; x_wconf 83' lang='lat' dir='ltr'>Patricius</span> <span class='ocrx_word' id='word_1_1608' title='bbox 1569 3406 1700 3432; x_wconf 83' lang='lat' dir='ltr'>Dominus</span> <span class='ocrx_word' id='word_1_1609' title='bbox 1717 3402 1816 3439; x_wconf 78' lang='lat' dir='ltr'>Halis,</span> 
     </span>
     <span class='ocr_line' id='line_1_194' title="bbox 1415 3439 1903 3478; baseline -0.006 -7"><span class='ocrx_word' id='word_1_1610' title='bbox 1415 3445 1583 3472; x_wconf 83' lang='lat' dir='ltr'>Laurentius</span> <span class='ocrx_word' id='word_1_1611' title='bbox 1599 3444 1731 3470; x_wconf 85' lang='lat' dir='ltr'>Dominus</span> <span class='ocrx_word' id='word_1_1612' title='bbox 1750 3439 1884 3478; x_wconf 83' lang='lat' dir='ltr'>Oliphant</span> <span class='ocrx_word' id='word_1_1613' title='bbox 1893 3463 1903 3478; x_wconf 88' lang='lat'>,</span> 
     </span>
     <span class='ocr_line' id='line_1_195' title="bbox 1419 3477 1898 3516; baseline -0.008 -6"><span class='ocrx_word' id='word_1_1614' title='bbox 1419 3479 1582 3511; x_wconf 82' lang='lat' dir='ltr'>Willielmus</span> <span class='ocrx_word' id='word_1_1615' title='bbox 1599 3482 1731 3508; x_wconf 86' lang='lat' dir='ltr'>Dominus</span> <span class='ocrx_word' id='word_1_1616' title='bbox 1748 3477 1898 3516; x_wconf 77' lang='lat' dir='ltr'>Borthuic,</span> 
     </span>
     <span class='ocr_line' id='line_1_196' title="bbox 1415 3515 1890 3557; baseline 0 -10"><span class='ocrx_word' id='word_1_1617' title='bbox 1415 3518 1562 3557; x_wconf 84' lang='lat' dir='ltr'>Johannes</span> <span class='ocrx_word' id='word_1_1618' title='bbox 1577 3515 1654 3556; x_wconf 72' lang='lat' dir='ltr'>Roffl</span> <span class='ocrx_word' id='word_1_1619' title='bbox 1669 3517 1705 3547; x_wconf 87' lang='lat' dir='ltr'>de</span> <span class='ocrx_word' id='word_1_1620' title='bbox 1722 3515 1890 3554; x_wconf 86' lang='lat' dir='ltr'>Halkhede,</span> 
     </span>
     <span class='ocr_line' id='line_1_197' title="bbox 1415 3554 1867 3596; baseline -0.002 -11"><span class='ocrx_word' id='word_1_1621' title='bbox 1415 3556 1560 3595; x_wconf 78' lang='lat' dir='ltr'>Johamzes</span> <span class='ocrx_word' id='word_1_1622' title='bbox 1574 3555 1674 3596; x_wconf 82' lang='lat' dir='ltr'>Lundy</span> <span class='ocrx_word' id='word_1_1623' title='bbox 1692 3555 1728 3585; x_wconf 89' lang='lat' dir='ltr'>de</span> <span class='ocrx_word' id='word_1_1624' title='bbox 1746 3554 1867 3592; x_wconf 89' lang='lat' dir='ltr'>eodem,</span> 
     </span>
     <span class='ocr_line' id='line_1_198' title="bbox 1415 3593 1818 3634; baseline -0.002 -11"><span class='ocrx_word' id='word_1_1625' title='bbox 1415 3594 1537 3633; x_wconf 87' lang='lat' dir='ltr'>Jacobus</span> <span class='ocrx_word' id='word_1_1626' title='bbox 1552 3593 1659 3634; x_wconf 78' lang='lat' dir='ltr'><em>Ogylby</em></span> <span class='ocrx_word' id='word_1_1627' title='bbox 1676 3593 1712 3623; x_wconf 89' lang='lat' dir='ltr'>de</span> <span class='ocrx_word' id='word_1_1628' title='bbox 1729 3593 1780 3624; x_wconf 88' lang='lat' dir='ltr'>Arl</span> <span class='ocrx_word' id='word_1_1629' title='bbox 1807 3616 1818 3631; x_wconf 88' lang='lat'>,</span> 
     </span>
     <span class='ocr_line' id='line_1_199' title="bbox 1414 3603 1941 3671; baseline -0.002 -10"><span class='ocrx_word' id='word_1_1630' title='bbox 1414 3633 1544 3662; x_wconf 78' lang='lat' dir='ltr'>Robertus</span> <span class='ocrx_word' id='word_1_1631' title='bbox 1560 3631 1711 3671; x_wconf 85' lang='lat' dir='ltr'>Hamylton</span> <span class='ocrx_word' id='word_1_1632' title='bbox 1725 3632 1760 3662; x_wconf 91' lang='lat' dir='ltr'>de</span> <span class='ocrx_word' id='word_1_1633' title='bbox 1779 3603 1941 3670; x_wconf 45' lang='lat' dir='ltr'>frugalior„</span> 
     </span>
     <span class='ocr_line' id='line_1_200' title="bbox 1417 3670 1987 3709; baseline -0.002 -8"><span class='ocrx_word' id='word_1_1634' title='bbox 1417 3670 1581 3701; x_wconf 76' lang='lat' dir='ltr'>Willielmus</span> <span class='ocrx_word' id='word_1_1635' title='bbox 1598 3670 1675 3701; x_wconf 87' lang='lat' dir='ltr'>Balz</span> <span class='ocrx_word' id='word_1_1636' title='bbox 1693 3670 1729 3701; x_wconf 90' lang='lat' dir='ltr'>de</span> <span class='ocrx_word' id='word_1_1637' title='bbox 1747 3671 1987 3709; x_wconf 80' lang='lat' dir='ltr'>Lammyngton,&#39;</span> 
     </span>
     <span class='ocr_line' id='line_1_201' title="bbox 1416 3707 1954 3749; baseline 0 -11"><span class='ocrx_word' id='word_1_1638' title='bbox 1416 3709 1561 3748; x_wconf 86' lang='lat' dir='ltr'>Johannes</span> <span class='ocrx_word' id='word_1_1639' title='bbox 1578 3709 1709 3749; x_wconf 65' lang='lat' dir='ltr'>Kennydy</span> <span class='ocrx_word' id='word_1_1640' title='bbox 1728 3709 1762 3739; x_wconf 91' lang='lat' dir='ltr'>de</span> <span class='ocrx_word' id='word_1_1641' title='bbox 1780 3707 1954 3747; x_wconf 87' lang='lat' dir='ltr'>Blarquhan,</span> 
     </span>
     <span class='ocr_line' id='line_1_202' title="bbox 1414 3747 1868 3788; baseline 0.002 -12"><span class='ocrx_word' id='word_1_1642' title='bbox 1414 3747 1560 3786; x_wconf 84' lang='lat' dir='ltr'>Johannes</span> <span class='ocrx_word' id='word_1_1643' title='bbox 1577 3750 1679 3788; x_wconf 79' lang='lat' dir='ltr'>Wemys</span> <span class='ocrx_word' id='word_1_1644' title='bbox 1694 3747 1730 3777; x_wconf 90' lang='lat' dir='ltr'>de</span> <span class='ocrx_word' id='word_1_1645' title='bbox 1747 3748 1868 3784; x_wconf 83' lang='lat' dir='ltr'>eodem,</span> 
     </span>
     <span class='ocr_line' id='line_1_203' title="bbox 1417 3785 1923 3821; baseline -0.004 -5"><span class='ocrx_word' id='word_1_1646' title='bbox 1417 3788 1460 3816; x_wconf 92' lang='lat' dir='ltr'><em>W</em></span> <span class='ocrx_word' id='word_1_1647' title='bbox 1460 3785 1582 3815; x_wconf 87' lang='lat' dir='ltr'>illielmus</span> <span class='ocrx_word' id='word_1_1648' title='bbox 1600 3786 1729 3816; x_wconf 77' lang='lat' dir='ltr'>Rothven</span> <span class='ocrx_word' id='word_1_1649' title='bbox 1746 3786 1782 3816; x_wconf 90' lang='lat' dir='ltr'>de</span> <span class='ocrx_word' id='word_1_1650' title='bbox 1798 3786 1902 3816; x_wconf 84' lang='lat' dir='ltr'>eodem</span> <span class='ocrx_word' id='word_1_1651' title='bbox 1912 3807 1923 3821; x_wconf 85' lang='lat'>‚</span> 
     </span>
     <span class='ocr_line' id='line_1_204' title="bbox 1414 3821 2053 3892; baseline -0.003 -38"><span class='ocrx_word' id='word_1_1652' title='bbox 1414 3823 1607 3892; x_wconf 24' lang='lat' dir='ltr'>ffirlGilbertus</span> <span class='ocrx_word' id='word_1_1653' title='bbox 1623 3823 1793 3864; x_wconf 84' lang='lat' dir='ltr'>Johnestonn</span> <span class='ocrx_word' id='word_1_1654' title='bbox 1810 3824 1846 3855; x_wconf 91' lang='lat' dir='ltr'>de</span> <span class='ocrx_word' id='word_1_1655' title='bbox 1864 3821 2053 3861; x_wconf 84' lang='lat' dir='ltr'>Elpbinston,</span> 
     </span>
    </p>

    <p class='ocr_par' dir='ltr' id='par_1_29' title="bbox 1414 3871 1997 4009">
     <span class='ocr_line' id='line_1_205' title="bbox 1457 3871 1542 3900; baseline 0.012 -9"><span class='ocrx_word' id='word_1_1656' title='bbox 1457 3873 1464 3891; x_wconf 94' lang='lat'>1</span> <span class='ocrx_word' id='word_1_1657' title='bbox 1477 3871 1542 3900; x_wconf 73' lang='lat' dir='ltr'>nes,</span> 
     </span>
     <span class='ocr_line' id='line_1_206' title="bbox 1416 3899 1889 3938; baseline 0.002 -9"><span class='ocrx_word' id='word_1_1658' title='bbox 1416 3899 1564 3938; x_wconf 81' lang='lat' dir='ltr'>Johannes</span> <span class='ocrx_word' id='word_1_1659' title='bbox 1580 3901 1697 3930; x_wconf 77' lang='lat' dir='ltr'>Dundas</span> <span class='ocrx_word' id='word_1_1660' title='bbox 1713 3900 1749 3930; x_wconf 91' lang='lat' dir='ltr'>de</span> <span class='ocrx_word' id='word_1_1661' title='bbox 1766 3900 1889 3938; x_wconf 90' lang='lat' dir='ltr'>eodem,</span> 
     </span>
     <span class='ocr_line' id='line_1_207' title="bbox 1414 3938 1997 4009; baseline -0.002 -42"><span class='ocrx_word' id='word_1_1662' title='bbox 1414 3938 1558 4009; x_wconf 59' lang='lat' dir='ltr'>{ohannes</span> <span class='ocrx_word' id='word_1_1663' title='bbox 1574 3939 1649 3978; x_wconf 87' lang='lat' dir='ltr'>Roffe</span> <span class='ocrx_word' id='word_1_1664' title='bbox 1667 3939 1703 3969; x_wconf 92' lang='lat' dir='ltr'>de</span> <span class='ocrx_word' id='word_1_1665' title='bbox 1720 3938 1947 3976; x_wconf 84' lang='lat' dir='ltr'>Montgrenane‚</span> <span class='ocrx_word' id='word_1_1666' title='bbox 1992 3973 1997 3978; x_wconf 44' lang='grc' dir='ltr'>Ι</span> 
     </span>
    </p>

    <p class='ocr_par' dir='ltr' id='par_1_30' title="bbox 1444 3970 2036 4012">
     <span class='ocr_line' id='line_1_208' title="bbox 1444 3970 2036 4012; baseline -0.01 -3"><span class='ocrx_word' id='word_1_1667' title='bbox 1444 3985 1455 4009; x_wconf 87' lang='lat' dir='ltr'>t</span> <span class='ocrx_word' id='word_1_1668' title='bbox 1472 3977 1632 4008; x_wconf 79' lang='lat' dir='ltr'>Edwardus</span> <span class='ocrx_word' id='word_1_1669' title='bbox 1651 3975 1782 4009; x_wconf 81' lang='lat' dir='ltr'>Crechton</span> <span class='ocrx_word' id='word_1_1670' title='bbox 1799 3978 1836 4009; x_wconf 84' lang='lat' dir='ltr'>de</span> <span class='ocrx_word' id='word_1_1671' title='bbox 1852 3970 2036 4012; x_wconf 73' lang='lat' dir='ltr'>Kirlqntnk,</span> 
     </span>
    </p>
   </div>
  </div>
 </body>
</html>
