2555 4266
686 204 800 247 ET
884 203 1152 248 ACTA

1235 178 1718 250 PusstioA.
2245 228 2293 259 ,η

0 292 122 325 Ann.D.
134 294 177 332 la,
197 300 260 332 quae
275 300 324 329 per
338 300 388 321 eos
403 287 617 328 Appunrstuata,
635 289 808 329 Conventa,
827 290 992 330 Conclusa,
1011 288 1190 324 &Concor-
1226 287 1424 320 Elizabetham
1448 296 1541 331 Regem
1565 294 1602 330 ὦ·
1625 298 1754 333 Reginam
1774 297 1909 342 Castellae,
1929 301 2067 337 Legionis,
2087 303 2277 339 Arragonum,
2295 302 2369 333 Anti.
2384 301 2426 333 D*

17 341 100 372 1490.

0 376 58 401 Hm.
80 381 105 406 7.

20 412 30 422 ὁ

9 1568 25 1583 ⁸
48 1569 117 1596 XII.

7 1618 75 1644 420.

136 333 199 363 data
218 332 320 362 fuerint
331 351 342 367 ,
371 328 518 367 Vallandi,
546 330 731 367 Roborandi,
751 331 784 361 &
800 330 973 368 Securandi,
992 340 1041 366 per
1056 328 1133 359 Fidei
1144 328 1192 358 In-

138 370 347 407 terpofitionem
359 369 393 399 &
404 367 602 406 Juramenturn
619 369 648 398 in
664 368 779 399 Animas
792 368 898 399 nostras
917 367 1130 403 Praestandum,
1162 404 1178 409 Ν

173 409 218 439 Ac
236 405 272 436 de
291 407 324 436 ὃ(
343 405 422 443 super
444 408 576 436 omnibus
593 408 626 437 δε
645 407 755 445 lingulis
773 405 921 437 Praemiffis
935 415 968 435 ac
986 405 1192 448 Dependentiis

136 448 172 477 ab
190 445 293 476 eisdem
314 453 415 474 ornnes
429 445 462 475 &
474 445 655 475 omnimodas
671 445 850 480 Securitates,
871 443 1043 480 Cautiones,
1065 442 1192 472 Promis-

133 486 175 520 sa,
193 483 407 521 obligationes,
427 482 546 520 Poenas,
567 482 765 519 Astrit‘tiones,
783 493 816 513 ac
833 483 937 512 Literas
953 481 1074 520 sigillatas
1092 480 1192 524 validas

136 523 171 554 &
185 521 315 551 efficaces
329 531 379 559 pro
399 522 477 552 Parte
495 522 587 552 nostra
601 521 806 558 Promittendi,
826 518 1172 563 Concedendi,Faciendi
1182 541 1191 555 ‚

141 559 315 597 Expediendi
332 583 341 598 ,
367 560 531 597 Tradendi,
549 562 583 591 δι’
600 558 992 625 Deliberandi,15]uramenta,
1010 558 1193 594 Securitates,

141 598 316 636 Cautiones‚
335 598 553 635 Promiffiones‚
572 597 785 636 obligationes,
826 606 921 629 oenaS,
938 597 1057 634 aliasque
1074 597 1194 633 Literas,

142 637 295 667 consimilis
318 636 438 668 effeffiffis
458 638 492 669 ὅ(
513 637 619 674 vigoris
634 659 643 673 ,
667 644 700 664 ex
714 635 794 665 disto
808 633 969 673 Sereniffimo
983 639 1053 673 Rege
1067 634 1196 665 Consan-

141 676 249 715 guineo
263 675 362 705 nostro
375 675 495 706 Petendi
507 676 540 705 &
557 673 736 710 Recipiendi.
1138 712 1143 716 ”

179 713 220 743 Et·
229 715 393 751 generaliter
405 715 500 743 omnia
515 711 659 742 Praemiffii
673 712 705 742 δε
721 710 934 742 Praemissorum
953 712 1058 749 singula
1079 711 1197 742 Facien-

139 751 190 790 di,
207 752 383 783 Excercendi
395 753 428 782 ὃς
444 749 624 785 Exequendi,
637 758 720 785 prout
735 752 773 780 eis
788 750 886 780 melius
904 750 1042 780 videbitur
1057 750 1197 788 expedire,

143 801 209 828 quae
224 792 308 821 talem
322 798 482 827 tant-amque
500 789 566 817 Vim
583 788 616 819 ὃ(
635 787 781 819 Effostum
796 789 927 819 volumus
943 791 1071 828 optinere
1083 799 1116 820 ac
1130 789 1150 818 si
1166 799 1198 818 ea

146 831 176 861 in
192 831 305 867 propria
317 828 436 858 Persona
451 826 623 862 fecissemus,

179 867 348 904 Caeteraque
365 865 463 895 omnia
487 864 631 894 Praemisl‘i
653 865 687 894 δε
707 875 808 896 eorum
833 865 940 903 fingula
965 876 1084 904 quoquo
1108 866 1199 897 modo

145 906 345 937 concernentia
360 903 510 940 Faciendi,
528 903 688 940 Firmandi,
705 904 739 934 &
757 914 808 941 pro
819 903 901 934 Parte
915 904 1008 935 nostra
1025 905 1199 942 Perimpleri-

144 945 174 974 di
195 955 228 975 ac
244 943 341 973 debite
355 941 520 979 Exequendi
530 964 540 979 ,
565 951 629 978 quae
643 941 712 972 Nos
727 942 818 972 facere
831 943 973 980 possemus
989 944 1007 973 fi
1022 945 1201 981 personaliter

145 981 354 1016 intereffernus,
371 981 457 1010 etiam
476 981 495 1010 si
512 979 623 1018 Maiora
637 980 689 1011 fint
704 982 737 1012 δε
754 980 921 1012 Mandatum
934 982 970 1013 de
984 982 1024 1012 sui
1038 992 1134 1013 natura
1143 991 1204 1013 nia-

147 1022 191 1059 gis
204 1021 315 1057 exigant
329 1019 460 1057 speciale,

186 1058 388 1088 promittentes
398 1079 408 1094 ,
423 1056 501 1087 bona
518 1056 587 1087 Fide
601 1058 634 1088 ὅτ
652 1057 681 1086 in
695 1056 795 1088 Verbo
816 1058 911 1097 Regio
925 1080 935 1096 ,
954 1059 1051 1089 omnia
1065 1059 1098 1090 &
1113 1058 1204 1097 singu-

147 1096 190 1134 la,
207 1105 271 1134 quae
284 1105 332 1133 per
346 1095 437 1126 dicstos
454 1094 686 1132 Commiffarios,
705 1095 857 1134 Oratores,
877 1097 1093 1133 Procuratores,
1112 1097 1204 1133 Lega-

142 1143 192 1165 tos
207 1157 217 1172 ,
242 1133 398 1171 Deputatos
414 1156 423 1171 ,
447 1135 480 1165 &
505 1133 639 1164 Nuncios
661 1134 772 1164 nostros
798 1135 994 1172 Appunetuata
1012 1159 1022 1175 ,
1046 1135 1204 1173 Promiffa,

149 1171 314 1210 Conclusa,
333 1174 365 1202 &
382 1171 567 1203 Concordata
582 1171 685 1202 fuerint
704 1174 731 1202 in
747 1174 800 1203 hac
817 1173 915 1210 Parte,
934 1173 1004 1204 Nos
1018 1175 1108 1211 Rata,
1130 1174 1205 1204 Gra-

146 1219 174 1241 ta
185 1234 194 1249 ,
214 1212 247 1241 &
260 1211 357 1242 Firma
368 1211 511 1241 habituros
527 1211 559 1241 &
573 1211 783 1249 observaturos,
802 1213 834 1242 &
851 1212 996 1249 1'Jperiiide
1022 1214 1128 1243 Lireras
1150 1222 1206 1242 no-

150 1250 218 1281 stras
237 1250 367 1280 Parentes
387 1249 636 1286 Confirmatorias,
656 1248 876 1286 Ratificatorias,
895 1252 927 1280 &
945 1250 1162 1288 Approbatorias
1177 1252 1205 1280 in

149 1289 243 1357 {orma
265 1289 372 1357 deblltlslis
381 1287 494 1319 efficaci
515 1288 547 1319 &
564 1288 702 1318 autentica
716 1287 844 1327 daturos,
862 1288 1017 1320 secundum
1033 1290 1111 1328 quod
1131 1291 1160 1320 in
1176 1299 1207 1319 ea

164 1336 233 1357 uerit
248 1337 324 1357 conc
367 1336 425 1357 um.

187 1403 221 1435 Iri
237 1405 316 1443 cujus
332 1404 389 1434 Rei
401 1401 617 1434 Testimonium
630 1403 680 1433 has
699 1403 805 1435 Literas
825 1403 933 1435 nostras
950 1403 1009 1434 fieri
1023 1403 1142 1435 fecimus
1156 1402 1196 1434 Pa

153 1450 253 1474 tentes.

190 1518 259 1549 Dat.
278 1518 311 1548 &
330 1518 396 1548 Ast.
416 1519 443 1547 in
459 1517 544 1555 Opido
560 1517 593 1546 de
608 1517 723 1547 Medina
739 1517 785 1547 del
797 1522 912 1557 Campo,
933 1518 1020 1549 Anno
1033 1528 1047 1548 a
1066 1518 1213 1548 Nativita-

153 1566 183 1587 te
201 1557 325 1588 Domini
344 1556 500 1585 Millesimo
514 1579 524 1593 ,
543 1555 672 1593 Quadrin
693 1557 846 1595 entelimo,
863 1557 1066 1596 octuagesimo
1082 1559 1100 1576 ’¹‘
1117 1567 1217 1596 nono,

155 1595 215 1626 Die
229 1597 298 1625 vero
315 1594 458 1625 vicerim&
471 1593 545 1625 seXta
559 1594 665 1624 Mensis
680 1608 691 1624 ι
705 1594 796 1633 Iartii,

524 1669 710 1701 Praesentibus
724 1670 830 1702 ibidem
839 1696 849 1710 ‚

191 1748 410 1779 venerabilibus
424 1747 457 1777 &
475 1746 601 1786 Egregiis
614 1746 689 1777 Viris
704 1747 858 1787 Dominis,

193 1786 320 1817 Roderico
337 1787 369 1815 de
383 1785 476 1815 leoa
491 1784 702 1823 Computatore
717 1785 839 1823 Maiori,

191 1825 232 1856 Et
250 1824 384 1855 D0&ore
397 1824 524 1854 Roderico
538 1823 710 1853 Maldonado
724 1824 757 1853 de
771 1825 930 1863 Talanara,

194 1864 329 1894 Necnon
343 1862 487 1892 Fernando
503 1861 614 1892 Alvari
631 1862 802 1899 Secretari03

195 1901 342 1931 Omnibus
353 1901 517 1931 earumdem
534 1900 720 1931 Serenitatum
734 1900 856 1940 Castellae
867 1923 876 1938 ,
893 1903 1217 1940 Legionis,Aragonum,

158 1939 272 2010 ἑὶιιίἰίίς,
289 1938 350 1974 &a
368 1938 505 1970 Testibus
517 1938 552 1969 ad
567 1938 712 1970 Praemiffa
728 1948 834 1970 vocans
850 1941 1008 1978 pariterque
1022 1950 1121 1980 rogatis
1136 1940 1219 1971 Con-

203 1987 275 2010 aruS.

320 2054 378 2085 Yo
406 2062 457 2085 er„
483 2053 582 2084 Rev.

321 2093 383 2124 Yo
407 2102 458 2124 LA
485 2091 646 2123 Restm.

180 2208 187 2215 ὗ
200 2169 257 2200 AL
267 2178 287 2200 F
296 2179 317 2200 o
327 2177 349 2199 N
359 2178 402 2200 su
414 2180 426 2200 s
450 2177 494 2200 ne
523 2168 626 2200 Avit.
637 2178 657 2201 A
680 2168 849 2200 Secretarius
871 2168 1108 2209 Apostolicusque
1126 2169 1225 2202 Nota-

162 2218 229 2242 nus.

204 2285 242 2316 Et
258 2293 313 2322 ego
326 2281 464 2324 Alfonfiaes
476 2283 509 2313 de
526 2281 621 2313 Avila
629 2283 890 2315 Potentiffimorum
900 2283 1098 2316 Domitiorum
1111 2286 1226 2316 nostro-

165 2334 231 2356 rum
253 2323 475 2362 supradictorum
497 2321 586 2362 Regis
611 2323 644 2353 &
664 2323 785 2362 Reginae
800 2323 966 2354 Secretarius
980 2325 1013 2354 &
1027 2322 1226 2362 Consiliarius,

166 2363 202 2393 &
225 2361 360 2392 Publicus
383 2361 550 2398 Apostolica
571 2361 603 2392 &
628 2360 729 2400 Regali
751 2361 973 2392 Auctoritatibus
990 2361 1145 2401 Notarius,
1164 2364 1228 2401 quia

168 2399 323 2430 Praemisfis
337 2401 472 2430 omnibus
489 2401 522 2430 &
537 2399 662 2437 singulis,
681 2400 752 2430 dum
768 2400 805 2429 fic
815 2422 824 2437 ,
843 2409 873 2430 ut
884 2401 1063 2437 praemittitur
1074 2423 1084 2439 ,
1109 2411 1228 2439 ageren-

167 2447 215 2470 tur
230 2440 262 2469 &
275 2437 390 2477 fierent,
409 2438 463 2467 una
479 2447 549 2467 cum
569 2439 780 2475 praenominatis
793 2437 945 2476 Testibus,
965 2438 1083 2476 praesens
1098 2440 1226 2478 interfui,

171 2487 261 2515 mque
281 2478 380 2506 omnia
404 2477 441 2506 sic
463 2475 521 2506 fieri
542 2477 601 2506 vidi
621 2477 653 2506 &
671 2477 782 2514 audivi,
800 2478 876 2509 &in
898 2476 1013 2508 Noram
1029 2479 1140 2515 recepi,
1159 2479 1225 2509 ideo

168 2515 229 2547 hoc
257 2515 376 2553 praesens
402 2514 555 2545 Publicum
583 2514 830 2553 Instrumentum,
865 2515 956 2546 Manu
978 2516 1087 2547 alterius
1112 2516 1229 2548 fideliter

170 2555 306 2592 scriptum
320 2576 329 2591 ,
354 2554 384 2582 in
409 2563 468 2591 quo
491 2553 638 2590 supradicti
664 2553 789 2584 Domini
811 2552 900 2583 nostri
926 2553 991 2583 Rex
1006 2555 1038 2584 &
1056 2554 1181 2594 Regina,
1200 2557 1228 2585 in

170 2592 237 2623 Mei
249 2602 283 2622 ac
294 2591 428 2622 Testium
446 2592 629 2629 praesatorum
647 2592 804 2629 praesentia,
824 2591 868 2622 sua
884 2594 994 2630 propria
1007 2593 1139 2623 Nomina
1158 2604 1230 2624 con-

171 2631 331 2670 signarunt,
348 2630 384 2660 de
403 2629 542 2660 Mandato
564 2630 732 2660 eorumdem
751 2629 996 2660 Sereniffimorum
1016 2631 1231 2671 Dominorum,

172 2669 265 2708 Signo
278 2669 312 2700 &
328 2668 463 2700 Nomine
479 2669 550 2700 meis
562 2668 673 2700 affueris
688 2669 794 2707 signavi
809 2670 839 2699 in
858 2668 959 2699 Fidem
975 2669 1231 2702 &Testimonium

174 2706 402 2738 Praemifforum.

175 2783 374 2844 HEnrirus
387 2806 397 2822 ,
425 2783 484 2814 Dei
509 2783 596 2823 gratia
612 2806 621 2822 ,
638 2786 698 2814 Rex
713 2782 827 2821 Angliae
844 2782 882 2819 ὠ
897 2786 1036 2823 Franciae,
1052 2783 1091 2819 ό
1104 2788 1238 2815 Dominus

176 2859 198 2890 S
215 2859 222 2888 1
270 2822 427 2860 Hiberniae,
442 2823 596 2861 omnibus,
611 2823 645 2852 ad
661 2833 732 2861 quos
747 2822 893 2860 praesentes
910 2823 1013 2854 Literae
1038 2826 1235 2863 pervenerint,

200 2871 214 2890 a
226 2868 313 2890 utem.

215 2896 296 2928 Cum
321 2899 389 2928 vere
408 2898 490 2928 lateat
510 2899 656 2928 neminem
675 2920 685 2936 ‚
713 2897 849 2930 Civitates
864 2922 874 2935 ,
900 2898 1016 2938 Opida,
1034 2908 1119 2938 atque
1134 2900 1235 2940 Regna

175 2936 322 2968 Bellorum
341 2936 553 2967 Calamitatibus
572 2936 818 2975 Diffidiorumque
838 2937 1016 2968 Turbinibus
1034 2939 1068 2970 ad
1094 2940 1234 2971 nichilum

172 2974 257 3007 fuisse
270 2975 379 3006 redacta
388 2996 398 3012 ,
415 2975 571 3013 eademque
585 2975 660 3006 Pace
673 2975 822 3013 coaluiffe,

214 3013 296 3045 Hinc
309 3013 351 3043 est
367 3012 447 3051 quod
462 3012 550 3051 Nos,

214 3051 337 3089 Propter
352 3051 467 3082 felicem
484 3051 594 3082 Rerum
610 3051 778 3082 Christianae
790 3051 948 3091 Religionis
964 3053 1152 3092 Succursum,
1172 3056 1235 3085 urii-

174 3090 310 3120 versalem
333 3090 451 3128 Regum
472 3099 505 3120 ac
526 3089 699 3130 Regnorum
719 3092 851 3121 omnium
865 3091 1064 3123 Concordiam
1079 3093 1236 3123 desideran—

173 3136 232 3168 τες,
249 3130 283 3160 ὃς
306 3130 432 3159 maxime
454 3138 554 3159 eorum
574 3129 676 3166 quibus
694 3127 841 3167 Sanguinis
866 3129 1017 3161 Vicinitate
1031 3133 1177 3170 conjuneti
1193 3133 1236 3162 su-

177 3176 258 3205 mus,
276 3166 403 3205 quosque
410 3167 469 3206 jam
481 3167 515 3197 ad
534 3167 605 3198 Dies
617 3167 650 3198 &
671 3167 772 3197 Annos
794 3176 902 3198 tnutuae
915 3167 1095 3200 Concordia:
1112 3171 1234 3201 benivo-

175 3205 261 3237 lentia
275 3206 421 3243 complexi
434 3206 548 3244 sumus,

214 3243 265 3275 De
288 3244 477 3276 Fidelitatibus
524 3243 667 3274 Industriis
716 3244 750 3274 &
765 3244 892 3282 providis
905 3244 1235 3285 circumspectionibus,

177 3281 365 3313 Dile&orum
386 3283 421 3314 δε
444 3266 581 3313 Fid'elium
606 3281 674 3326 Con
687 3281 839 3313 iliariorum
859 3283 1042 3322 nostrorum,
1060 3285 1168 3314 Thomae
1181 3289 1233 3315 Sa-

177 3331 251 3356 vage
271 3320 412 3359 utriusque
427 3318 503 3357 Juris
525 3321 665 3351 Dostons
684 3319 775 3352 Com.
799 3321 887 3351 nostri
913 3321 1026 3352 March.
1047 3322 1235 3361 Canceliarii,

178 3359 215 3389 &
234 3358 347 3427 {igidi
364 3357 486 3397 Nanfan
503 3368 557 3399 pro
575 3358 713 3398 Corpore
731 3357 832 3390 nostro
854 3359 974 3398 Militis,
992 3362 1234 3400 quamplurimum

179 3405 238 3427 con
315 3405 355 3427 tes

217 3433 294 3471 Ipsos
306 3419 416 3466 nofiros
429 3444 512 3466 veros
527 3434 561 3465 δε
575 3434 745 3466 indubitatos
757 3433 991 3475 commissarios,
1001 3437 1151 3475 Oratores,
1162 3438 1236 3468 Pro-

179 3481 323 3503 curatores
337 3496 348 3512 ,
372 3474 494 3512 Legatos
505 3496 516 3512 ,
537 3473 698 3513 Deputatos
713 3497 724 3511 ‚
746 3474 779 3505 ὃς
793 3474 929 3506 Nuncios
946 3477 1072 3513 speciales
1089 3477 1236 3516 Facimus,

181 3509 379 3550 Affignamus,
398 3512 590 3550 ordinamus,
607 3514 641 3544 &
656 3511 865 3544 constituimus
879 3524 928 3553 per
945 3514 1114 3553 Praeserites,

219 3548 329 3579 Dantes
345 3550 378 3580 &
393 3550 593 3581 Concedent&
609 3550 712 3581 eisdem
727 3551 877 3590 plenariam
892 3552 1063 3584 Potestatem
1080 3554 1113 3584 &
1125 3553 1235 3584 Αυᾶο·

179 3587 291 3618 ritatem
306 3597 340 3618 ac
354 3587 527 3619 Mandatum
538 3589 667 3627 generale
682 3591 716 3621 &
730 3590 846 3629 speciale
867 3600 921 3628 pro
938 3591 1037 3621 Nobis
1051 3593 1084 3622 ὅ(
1100 3592 1234 3622 Nomine

179 3624 297 3664 nostro,
314 3635 382 3655 cum
396 3626 579 3657 serenissimo
595 3627 629 3657 &
642 3626 831 3659 Illustriffimo
848 3613 981 3666 Principe
997 3629 1165 3669 Regnorum
1182 3634 1236 3660 Ca-

171 3663 262 3705 stelle
273 3686 282 3701 ,
308 3666 454 3702 Legionis,
477 3667 657 3704 Augemmi,
679 3665 823 3707 Siciliaque
836 3669 923 3704 Rege,
941 3667 1042 3705 suaque
1064 3667 1234 3699 Conthorali

179 3703 324 3733 dietorum
340 3702 510 3740 Regnorum
523 3705 642 3741 Regina,
661 3702 884 3744 Consanguineis
897 3704 998 3735 nostris
1011 3707 1170 3746 carisiimis,
1189 3707 1234 3737 seu

179 3750 281 3772 eorum
308 3739 538 3777 Commiffiriis,
562 3740 795 3772 Procuratoribus
808 3766 818 3779 ,
845 3742 994 3780 Deputaris
1009 3766 1019 3782 ,
1044 3745 1077 3774 ὃ(
1096 3745 1235 3783 Νυῃείίε,

179 3778 242 3814 ἀι.
255 3785 338 3818 prout
353 3778 440 3819 sipra
457 3780 529 3807 Dat.
544 3778 678 3809 undecimo
695 3782 750 3810 Die
772 3780 928 3811 Decembris
947 3783 1035 3811 Anno
1055 3785 1139 3821 Regni
1156 3783 1237 3821 nostri

182 3818 305 3859 Quarto.

864 3894 919 3923 Per
931 3893 1015 3933 ipffim
1027 3898 1133 3933 Regem.

976 3970 1134 4003 CLERK

222 4043 388 4076 Inuum
398 4055 433 4077 is
443 4068 453 4084 ‚
476 4045 645 4077 Tractatum
660 4067 670 4082 ,
696 4043 916 4076 concordatum
925 4069 934 4082 ‚
953 4046 987 4077 &
1001 4045 1182 4079 Conclusurn
1195 4047 1237 4078 est

182 4083 265 4123 quod
278 4106 288 4122 ,
311 4084 386 4129 inter
399 4084 534 4122 -ptaefatos
549 4084 708 4115 Altisfimos
724 4084 760 4114 ὃς
784 4081 996 4117 Potentissrmos
1011 4087 1184 4118 seruandam
1197 4085 1237 4123 &-

1228 326 1340 371 Sici-5⁶22
1358 329 1417 375 &ff
1436 332 1469 361 ὅ(
1485 332 1699 364 illustrissimum
1718 335 1879 373 Principem
1902 336 2061 375 Johannem
2075 349 2163 368 eorum
2178 341 2279 370 Pri-no—
2316 351 2400 380 1490.
2415 320 2425 333 ⁸

1222 372 1343 400 gemtum
1364 367 1459 396 Flsmw
1483 370 1520 403 ὠ
1546 373 1686 401 Haeredem
1700 395 1708 410 ,
1727 383 1882 411 eorumque
1898 375 2033 407 Haeredes
2051 378 2083 407 &
2099 377 2280 408 Successor-es
2296 385 2359 407 κιαι,
2379 388 2406 415 7.

1227 411 1261 445 eit
1277 412 1376 433 eorum
1394 405 1571 444 Corporibus
1588 410 1710 448 legitime
1728 422 1903 449 procreatos,
1919 422 1952 442 ex
1966 414 2043 444 Parte
2059 425 2111 444 uria
2147 416 2179 445 &
2197 416 2278 446 Sere-

1227 440 1374 484 nrsfirpum
1389 451 1472 480 atque
1488 445 1712 488 poteritisiim=1m
1728 452 1873 479 ficarium
1894 453 1987 487 Regem
2010 437 2144 490 Angliae3,
2162 455 2195 484 &
2211 453 2278 484 Isiu-

1229 477 1392 509 strislimum
1406 481 1563 512 Arthurum
1579 495 1634 521 elus
1645 489 1671 514 F.
1678 486 1741 515 lium
1758 490 1977 526 Primogenitum,
2003 492 2164 529 eoruiiique'
2176 490 2280 522 Hiere-

1229 515 1275 546 ἀῶ
1289 518 1322 548 &
1337 518 1516 550 Succcisores
1534 531 1568 551 ex
1593 533 1694 553 eorum
1720 524 1898 562 Corporibus
1911 528 2035 565 legitime
2053 539 2228 567 procreatos,
2245 536 2280 560 ex

1229 554 1311 585 Parte
1325 556 1423 593 altera,
1440 567 1595 597 eorumque
1611 560 1727 599 Regna,
1750 563 1900 600 Dominia,
1920 565 2019 595 Patria:
2031 589 2040 603 ,
2057 568 2089 597 δε
2110 567 2186 604 Loca
2203 579 2281 606 quae*

1230 603 1356 631 cumque
1369 618 1379 633 ,
1406 606 1520 627 necnon
1543 607 1642 628 eorum
1666 598 1816 641 Vaiiallos,
1835 602 1974 633 Homines
1988 627 1997 641 ,
2016 606 2047 634 &
2063 606 2195 637 Sabaitos
2209 617 2282 645 proc²

1231 632 1317 662 sentes
1339 634 1372 664 ὃς
1393 634 1501 665 futuros
1518 658 1528 673 ,
1552 638 1608 666 tam
1620 636 1832 678 Ecclesiasticos
1848 644 1931 677 quam
1949 642 2105 680 Seculares,
2123 645 2283 681 cujuscun-

1232 680 1288 709 que
1309 670 1402 702 Status
1414 696 1422 710 ,
1450 673 1566 704 Gradus
1580 698 1589 711 ,
1612 679 1657 705 seu
1678 674 1859 706 Conditionis
1877 678 1979 709 fuerint
1994 702 2004 716 ,
2027 681 2085 710 tam
2101 691 2149 719 per
2164 683 2282 713 Terram

1233 710 1318 746 quam
1342 711 1498 755 petrola-re
1522 714 1555 744 ὃς
1575 713 1670 750 Aquas
1690 714 1786 744 dulces
1803 738 1812 751 ,
1839 724 1870 744 ac
1885 717 2054 755 ubicumque
2071 718 2234 758 Locorum,
2253 721 2286 752 sit

1235 748 1328 785 bona,
1344 749 1434 787 realis,
1455 754 1574 788 sincera,
1595 761 1658 781 vera
1670 775 1678 790 ,
1698 753 1823 789 integra,
1843 753 1983 790 perfecta,
2000 757 2032 786 &
2046 757 2126 786 firma
2143 758 2272 788 Amicitia

1235 784 1403 829 Concordia
1419 811 1427 825 ,
1454 788 1524 827 Liga
1537 812 1547 827 ,
1573 788 1655 819 Unio
1668 813 1677 828 ,
1703 790 1942 829 Confoederatio,
1959 794 1992 823 &
2013 793 2085 832 Pax,
2104 804 2166 833 quae
2183 798 2217 826 ab
2233 781 2286 827 had

1235 823 1293 856 Die
1306 825 1342 856 de
1358 835 1463 857 caetero
1476 828 1642 859 inconcusse
1659 829 1830 860 custodiatur
1843 838 1926 868 atque
1947 831 2143 863 inviolabiliter
2158 835 2290 865 observe=

1238 872 1300 901 tur3

1274 901 1314 932 Ita
1336 903 1415 941 quod
1438 903 1531 935 Partes
1546 904 1698 942 'praediCtae
1721 906 1863 943 (videlicet
1880 929 1889 944 ,
1915 905 2019 943 praefati
2035 906 2159 938 Domini
2173 912 2231 938 Rex
2251 906 2289 944 &

1239 943 1340 978 Regina
1358 941 1497 980 Castellae,
1516 946 1657 981 Legionis,
1676 947 1853 981 Arragonum
1867 966 1878 982 ,
1895 944 2008 984 Siciliae,
2024 944 2083 979 &c.
2104 947 2137 976 δε
2152 950 2210 976 Rex
2225 951 2292 977 An-

1235 978 1297 1016 gliae
1313 1002 1322 1017 ,
1345 991 1482 1021 eorumque
1503 982 1567 1012 Filii
1590 984 1763 1020 Primogeniti
1785 986 1818 1014 &
1849 983 1988 1014 Haeredes
2007 993 2090 1022 atque
2113 985 2292 1016 Suceeffores

1241 1027 1274 1046 ex
1288 1027 1389 1048 eorum
1404 1018 1581 1057 Corporibus
1598 1021 1722 1060 legitime
1738 1023 1893 1060 procreati,
1911 1032 2070 1060 eorumque
2084 1022 2212 1061 Vaffalli,
2231 1024 2296 1054 Ho-

1242 1057 1349 1099 mine&
1364 1057 1397 1087 &
1418 1057 1528 1089 Subditi
1549 1059 1694 1096 praesentes
1716 1063 1729 1076 ⁸
1751 1061 1784 1090 &
1807 1061 1903 1097 futuri)
1925 1061 1975 1090 {int
1991 1061 2049 1090 veri
2066 1061 2172 1091 Fideles
2186 1063 2219 1093 &
2234 1072 2296 1100 per·
2312 1061 2324 1076 ⁸
2344 1059 2411 1088 XH-

1241 1095 1446 1138 petuiUAgrnici,
1463 1095 1650 1136 Concordes,
1670 1098 1796 1137 Alligati,
1815 1098 1897 1128 Uniti
1912 1121 1921 1136 ,
1947 1100 1980 1130 δε
1997 1097 2214 1137 Confoedcrati,
2230 1101 2296 1130 fibi-
2311 1108 2378 1134 421-

1243 1142 1298 1168 que
1319 1136 1380 1169 ipsis
1403 1135 1526 1165 invicem
1542 1137 1647 1173 ubique
1662 1136 1793 1167 locorum
1807 1138 1935 1174 faveant,
1954 1147 2038 1175 atque
2052 1137 2104 1168 sese
2121 1141 2226 1170 mutuis
2238 1138 2296 1169 Of-

1242 1170 1312 1200 ficiis
1337 1172 1537 1215 prosequantur
1553 1198 1563 1212 ,
1587 1176 1620 1205 ὃ(
1640 1174 1760 1205 honesta
1783 1175 1948 1206 Affeffione
1969 1185 2053 1213 atque
2070 1177 2179 1207 Amore
2194 1187 2297 1215 pertra-

1244 1209 1347 1253 &entv
1374 1212 1490 1247 lplisque
1512 1214 1636 1244 invicem
1654 1223 1707 1251 pro
1729 1214 1831 1244 viribus
1853 1214 1904 1244 suis
1924 1215 2130 1245 conservabunt
2144 1215 2297 1253 Honores,

1246 1246 1423 1291 Dignitates,
1440 1250 1472 1279 ὃ(
1483 1249 1551 1288 Jura
1567 1261 1630 1288 quae
1653 1251 1888 1290 inpraesentiarum
1912 1253 2052 1290 possident
2068 1262 2151 1291 atque
2164 1255 2300 1291 imposte-

1245 1296 1310 1315 rum
1332 1286 1512 1322 posstdebunt
1527 1311 1536 1326 ,
1560 1289 1765 1328 Damnumque
1788 1291 1911 1328 ipsorum
1937 1292 1993 1328 pari
2017 1292 2107 1321 modo
2125 1291 2238 1322 fideliter
2252 1293 2302 1322 de·

1246 1324 1362 1354 fendent
1382 1326 1414 1356 ὃ(
1438 1327 1594 1363 impedient
1607 1351 1617 1366 ,
1642 1329 1801 1367 possintque
1820 1330 1906 1359 iidem
1930 1329 2043 1359 vassalli
2059 1352 2068 1367 ,
2087 1329 2248 1368 Homines,
2265 1332 2299 1361 &

1246 1362 1373 1406 Subditi,
1392 1364 1640 1408 tamMercatores
1653 1367 1738 1403 quam
1755 1369 1866 1404 caeteri,
1884 1368 1929 1398 alii
1949 1367 2082 1398 hincinde
2105 1370 2164 1399 tute
2179 1371 2213 1400 &
2232 1369 2300 1399 libe-

1246 1411 1294 1438 re,
1311 1403 1415 1438 abique
1430 1403 1541 1439 alicujus
1556 1404 1682 1435 Licentia
1700 1405 1811 1436 Salvive
1831 1404 2002 1436 Conduetfis
2040 1408 2152 1437 eneralis
2177 1409 2219 1437 vel
2240 1408 2300 1445 spe-

1250 1441 1323 1469 cialis
1349 1440 1489 1471 Petitione
1510 1442 1553 1471 vel
1578 1442 1794 1481 Impetratione,
1812 1445 1841 1473 in
1857 1444 1890 1474 &
1905 1443 1939 1474 ad
1953 1415 2135 1481 praefgtorum
2152 1445 2302 1476 Domino-

1249 1487 1310 1507 rum
1328 1480 1404 1515 Regis
1424 1476 1461 1512 <ly
1481 1482 1587 1517 Reginae
1610 1480 1749 1519 castellae,
1767 1484 1908 1521 Legionis,
1925 1486 2103 1521 Aragonum,
2121 1483 2223 1522 Sicilae,
2242 1483 2303 1519 ὥς.

1249 1516 1282 1547 ὃς
1298 1518 1375 1554 Regis
1388 1516 1501 1554 Angliae
1515 1528 1671 1562 eorumque
1686 1518 1845 1550 Haeredum
1862 1521 1895 1551 &
1918 1520 2119 1552 Successorum
2130 1545 2140 1561 ,
2157 1532 2188 1552 ut
2200 1522 2305 1560 praedi-

1251 1555 1332 1585 <Sturii
1349 1555 1389 1584 est
1400 1578 1410 1593 ,
1430 1555 1546 1593 Portus,
1565 1556 1720 1594 Dominia,
1737 1556 1834 1587 Castra
1845 1581 1854 1595 ,
1883 1557 2018 1589 Civitates
2035 1582 2044 1598 ,
2064 1560 2221 1598 Fortalitia,
2239 1560 2304 1598 Op-

1253 1593 1334 1631 pida,
1347 1593 1574 1632 Jurisdidtiones,
1589 1596 1621 1626 &
1640 1595 1794 1626 Distritstus
1811 1596 2019 1635 quoscumque,
2037 1608 2105 1628 cum
2117 1598 2169 1628 suis
2183 1598 2306 1629 Condu-

1253 1632 1306 1662 &is
1327 1632 1372 1662 vel
1391 1631 1583 1663 accomodans
1607 1633 1739 1664 Navibus
1752 1656 1762 1672 ,
1788 1634 1933 1673 Plaustris,
1950 1635 2112 1674 Vehiculis,
2132 1636 2235 1674 Equis,
2255 1638 2309 1667 Ar-

1253 1671 1379 1708 maturis,
1401 1670 1569 1710 Mercibus,
1587 1672 1619 1702 &
1640 1672 1837 1703 Mercimoniis
1851 1697 1859 1710 ,
1884 1673 2032 1704 Sarcinolis
2047 1698 2056 1711 ,
2078 1675 2178 1711 Bonis,
2197 1677 2228 1705 &
2246 1674 2308 1705 Re-

1252 1709 1304 1739 bus
1326 1709 1548 1747 quibuscumque
1563 1734 1572 1747 ,
1596 1711 1656 1740 tarn
1676 1721 1724 1748 per
1747 1711 1884 1748 Terram,
1905 1713 1990 1750 quarn
2004 1722 2052 1751 per
2068 1712 2152 1743 Mare
2167 1714 2200 1743 δε
2214 1713 2309 1751 Aquas

1254 1747 1364 1785 dulces,
1382 1757 1467 1786 atque
1481 1749 1515 1779 ad
1527 1758 1645 1779 ornnem
1665 1749 1798 1788 Locum,
1817 1751 2061 1788 quotienscunque
2075 1752 2108 1782 &
2126 1761 2310 1790 quocumque

1254 1785 1284 1816 id
1308 1785 1467 1817 faciendum
1487 1787 1543 1828 esse
1563 1787 1694 1818 duxerint
1708 1810 1718 1825 ,
1740 1787 1901 1827 Navigare,
1919 1789 2068 1828 Equitare,
2086 1788 2146 1828 Ire,
2165 1791 2199 1821 ὅ(
2212 1789 2313 1820 Disce-

1255 1824 1339 1863 dere,
1357 1826 1391 1856 &
1417 1826 1445 1855 in
1467 1825 1570 1855 eisdem
1592 1827 1730 1862 quamdiu
1749 1826 1888 1858 voluerint
1906 1829 2002 1859 omnis
2020 1829 2128 1880 generis
2148 1827 2264 1859 Merces
2279 1829 2313 1859 δε

1256 1862 1450 1894 Mercimonia
1469 1863 1574 1894 Emere
1593 1864 1627 1894 &
1654 1863 1786 1895 Vendere
1802 1888 1812 1902 ,
1837 1865 1988 1905 Memare,
2007 1866 2184 1904 benenate,
2202 1866 2315 1897 Morari

1255 1911 1340 1939 atque
1356 1901 1576 1940 perhendinare,
1595 1912 1710 1933 necnon
1726 1904 1762 1933 ab
1776 1903 1878 1935 eisdem
1888 1928 1898 1941 ,
1917 1914 1984 1935 cum
1999 1890 2182 1942 suisfflebus,
2202 1904 2313 1935 Merci-

1256 1941 1326 1977 bus,
1345 1941 1377 1972 &
1394 1940 1597 1971 Mercimoniis
1610 1942 1643 1972 &
1657 1941 1742 1971 Bonis
1761 1942 2004 1980 quibuscumque,
2022 1943 2088 1973 salvi
2103 1944 2134 1974 &
2153 1943 2313 1981 securi,per

1256 1977 1397 2016 Terram,
1415 1978 1512 2016 Mare,
1531 1980 1564 2010 &
1576 1978 1676 2022 'Aquas
1690 1979 1804 2019 dulces,
1824 1980 1913 2010 Abire
1925 1983 1958 2012 ὃ(
1973 1981 2121 2011 Recedere
2134 2004 2143 2020 ,
2159 1982 2192 2013 &
2207 1983 2234 2011 in
2252 1991 2317 2012 om-

1258 2017 1340 2047 nibus
1353 2018 1386 2047 ὃ(
1403 2017 1509 2054 ubique
1522 2019 1557 2048 ita
1570 2016 1646 2055 juste
1660 2019 1693 2049 δε
1709 2018 1829 2048 honeste
1843 2019 2032 2050 tractabuntur
2050 2030 2082 2050 ac
2106 2020 2125 2050 fi
2145 2020 2232 2050 essent
2248 2020 2318 2050 Ori-

1258 2056 1356 2094 ginarii
1379 2056 1412 2085 &
1432 2055 1545 2086 Subditi
1587 2056 1691 2095 roprii3
1710 2056 1842 2094 Juribus,
1860 2057 1988 2095 StatutiS,
2006 2059 2040 2089 &
2056 2058 2316 2089 Consuetudinibus

1261 2095 1411 2125 Locorum
1432 2095 1463 2124 in
1486 2095 1567 2124 omni
1590 2105 1621 2124 us
1641 2094 1751 2131 semper
1771 2096 1869 2133 salvis,
1900 2106 1933 2126 ac
1955 2096 2090 2126 solvendo
2115 2105 2188 2126 tanta
2201 2097 2235 2127 ὃς
2253 2097 2314 2127 talia

1261 2131 1428 2170 Custumas,
1447 2131 1574 2163 Subfidia
1587 2154 1597 2171 ,
1620 2131 1796 2172 Vefflgalia,
1822 2135 1855 2165 &
1872 2134 1922 2165 alia
1939 2133 2079 2172 Deveria‚
2097 2144 2162 2172 quae
2178 2136 2211 2165 &
2229 2136 2317 2172 qualia

1260 2180 1324 2203 ante
1338 2171 1469 2210 Triginta
1486 2171 1587 2201 Annos
1602 2172 1736 2207 proximo
1750 2172 1783 2203 &
1798 2172 1964 2203 immediate
1978 2173 2082 2210 elapsos
2095 2173 2211 2210 pacifice
2226 2174 2317 2204 solve-

1262 2221 1292 2241 re
1311 2209 1516 2240 consueverunt
1530 2233 1539 2246 ,
1564 2210 1802 2248 observenturque
1818 2211 1855 2240 eis
1869 2210 1925 2241 suae
1937 2210 2160 2249 Exemptiones‚
2178 2211 2318 2242 Immuni-

1262 2257 1348 2317 tatess,
1364 2249 1398 2279 &
1422 2247 1569 2287 Privilegia
1591 2248 1642 2278 illis
1666 2249 1841 2286 temporibus
1860 2250 1900 2287 (id
1915 2249 1969 2287 est)
1984 2259 2048 2281 ante
2063 2249 2199 2287 Triginta
2215 2250 2318 2281 Annos

1263 2298 1319 2319 con
1333 2296 1403 2316 ueta.

1304 2325 1413 2362 ITEM,
1431 2322 1668 2363 Concordatum,
1686 2325 1720 2355 &
1737 2323 1914 2356 Conclusam
1930 2325 1971 2356 est
1984 2325 2064 2362 quod
2079 2325 2183 2363 praefati
2198 2325 2321 2357 Domini

1263 2366 1324 2393 Rex
1347 2362 1385 2399 ὀ-
1409 2366 1513 2399 Regina
1536 2362 1657 2401 Castellae
1669 2387 1677 2402 ,
1704 2365 1845 2402 Legionis,
1863 2368 2040 2402 Aragonum,
2059 2363 2173 2402 Siciliae,
2190 2363 2250 2400 (ἄγε.
2269 2375 2320 2395 eo-

1263 2412 1383 2439 rumque
1401 2401 1482 2431 Filius
1505 2403 1700 2439 Primogenitus
1715 2400 1753 2436 ὀ·
1777 2404 1891 2441 Heres,
1908 2413 2065 2440 eorumque
2079 2403 2203 2439 praedicti
2216 2403 2320 2434 Haere-

1264 2441 1312 2471 des
1336 2442 1368 2471 &
1393 2439 1572 2471 Successor&
1586 2462 1595 2478 ,
1621 2441 1805 2477 praefatorum
1829 2440 1954 2472 Domini
1972 2443 2049 2478 Regis
2063 2440 2176 2479 Angliae
2187 2463 2195 2479 ‚
2210 2442 2322 2480 ejusque

1266 2478 1328 2509 filii
1354 2480 1527 2515 Primogeniti
1549 2477 1588 2513 &⁶
1608 2479 1749 2517 Heredis,
1767 2488 1926 2518 eorumque
1939 2479 2142 2516 predictorum
2160 2480 2319 2510 l-laeredum

1267 2520 1301 2549 ἃ
1324 2517 1524 2548 Succefforum
1538 2539 1548 2554 ‚
1574 2516 1714 2548 Hostibus
1729 2541 1739 2554 ,
1767 2516 1911 2556 Inimicis,
1930 2518 2113 2555 Rebellibus,
2133 2517 2324 2549 Persecutori-

1267 2557 1332 2593 bus,
1353 2564 1398 2586 aut
1419 2556 1642 2594 quibuscumque
1665 2556 1844 2593 praesentibus
1864 2557 1897 2587 &
1923 2556 2021 2586 futuris
2034 2579 2044 2594 ,
2060 2565 2159 2586 contra
2174 2557 2323 2595 praefatum

1267 2594 1432 2624 Dominum
1447 2597 1542 2631 Regem
1556 2593 1669 2630 Angliae
1679 2616 1688 2631 ,
1705 2594 1819 2631 ejusque
1831 2593 1929 2624 Filium
1947 2597 2150 2632 Primogenitum
2172 2595 2210 2630 <sy
2227 2598 2325 2625 Haere-

1266 2633 1344 2671 dem,
1363 2642 1522 2670 eorumque
1536 2633 1686 2670 praedictos
1703 2632 1840 2663 Haeredes
1856 2633 1889 2663 &
1904 2633 2082 2663 Succeffores
2094 2657 2102 2670 ,
2123 2643 2170 2670 per
2182 2633 2323 2671 Terram,

1270 2671 1369 2708 Mare,
1386 2671 1429 2701 vel
1445 2671 1539 2708 Aquas
1554 2671 1666 2708 dulces,
1683 2680 1717 2700 ex
1732 2669 1821 2701 Causa
1837 2672 1882 2702 vel
1891 2670 2052 2702 Occaiione
2066 2682 2244 2711 quacumque
2253 2682 2326 2710 prae-

1268 2710 1337 2740 senti
1360 2709 1406 2739 vel
1429 2709 1537 2746 sutura,
1556 2707 1732 2747 Consilium,
1751 2710 1914 2749 Auxilium,
1934 2710 1979 2740 vel
1993 2710 2132 2740 Favorem
2148 2712 2261 2748 publice
2279 2711 2322 2741 vel

1269 2748 1387 2778 occulte
1402 2770 1412 2785 ,
1435 2741 1542 2777 directe
1563 2747 1608 2777 vel
1632 2747 1772 2779 indirecte
1798 2758 1858 2778 non
1881 2748 1987 2779 dabunt
2002 2758 2057 2779 nec
2076 2749 2262 2787 prrstabunt,
2278 2758 2325 2780 aut

1269 2787 1333 2817 alias
1349 2786 1450 2823 quovis
1468 2785 1558 2816 modo
1568 2786 1724 2824 juvabunt,
1743 2795 1797 2817 nec
1815 2786 1948 2817 Subditos
1962 2787 2099 2825 praeditlto
2116 2786 2249 2818 Domino
2262 2790 2326 2825 Regi

1269 2823 1384 2863 Angliae
1403 2825 1494 2854 e'usve
1515 2824 1728 2855 Succefforibus
1752 2825 1890 2862 praeditstis
1916 2824 2045 2856 Rebelles
2069 2826 2098 2855 in
2119 2825 2168 2856 suis
2192 2825 2298 2863 Regnis
2316 2849 2325 2863 ,

1269 2864 1366 2894 Terris
1380 2888 1389 2900 ,
1451 2863 1585 2898 ominiis,
1614 2863 1700 2892 Locis
1721 2862 1836 2894 scienter
1860 2863 2059 2900 Receptabunt
2081 2863 2267 2900 Receptarive
2283 2864 2324 2894 sa-

1269 2904 1360 2939 cient,
1377 2911 1430 2932 riec
1450 2902 1479 2931 in
1504 2901 1606 2931 eisdem
1628 2900 1738 2931 Morari
1763 2909 1810 2932 aut
1833 2901 1977 2932 Auxilium
2001 2901 2045 2932 vel
2068 2900 2208 2933 Pavorem
2221 2902 2325 2933 habere

1290 2948 1448 2972 ermittent:

1270 2951 1289 2979 p
1306 2979 1343 3009 Et
1359 2979 1482 3009 fimiliter
1497 2977 1623 3015 praefatus
1640 2975 1788 3007 Dominus
1804 2979 1864 3006 Rex
1879 2976 1992 3015 Angliae
2002 2999 2012 3015 ,
2029 2977 2142 3016 ejusque
2159 2977 2242 3008 Filius
2264 2980 2325 3008 Pri-

1268 3021 1413 3055 mogem'tus
1436 3015 1473 3051 &
1496 3018 1607 3053 Haeres,
1626 3025 1785 3053 eorumque
1823 3016 1931 3046 raeditsti
1946 3015 2082 3046 Haeredes
2096 3017 2129 3047 δε
2145 3016 2325 3047 Succeffores

1269 3057 1452 3094 praefatorum
1475 3053 1673 3084 Dominorum
1693 3057 1770 3091 Regis
1786 3025 1824 3089 (ξ
1840 3057 1946 3091 Regina
1960 3053 2082 3093 Castellae
2092 3077 2102 3092 ,
2118 3057 2258 3092 Legionis,
2275 3057 2324 3084 A-

1268 3105 1397 3132 ragonum
1416 3117 1425 3132 ,
1450 3092 1546 3122 Siciliae
1564 3115 1573 3129 ,
1599 3091 1659 3127 &c.
1675 3102 1832 3130 eorumque
1853 3092 1917 3122 Filii
1943 3095 2113 3130 Primogeniti
2135 3093 2321 3131 &Haerea'is,

1266 3142 1425 3169 eorumque
1448 3131 1650 3168 praedirstorum
1675 3130 1834 3161 Haeredum
1855 3131 1888 3161 &
1912 3130 2113 3161 Success'orum
2127 3154 2136 3169 ,
2170 3131 2322 3170 Hostibus,

1268 3171 1414 3207 Inimicis,
1434 3169 1616 3206 Rebellibus,
1635 3168 1862 3200 persecutoribus
1877 3169 2100 3207 quibuscumque
2113 3179 2211 3200 contra
2224 3171 2322 3207 praefa-

1269 3219 1311 3240 tos
1334 3209 1480 3239 Dominos
1498 3212 1596 3245 Regem
1621 3206 1659 3242 ό
1684 3209 1813 3245 Reginam
1829 3206 1971 3247 Castellae,
1990 3211 2130 3245 Legionis,
2147 3212 2318 3247 Aragonum,

1266 3247 1378 3285 Siciliae,
1397 3245 1457 3282 &a
1476 3255 1632 3284 eorumque
1647 3245 1744 3275 Filium
1758 3249 1964 3282 Primogenitum
1977 3244 2014 3280 όν
2030 3248 2189 3283 Haeredem,
2205 3257 2321 3277 eorum-

1267 3297 1304 3317 ve
1327 3285 1478 3324 praedietos
1500 3284 1637 3315 l-laeredes
1661 3285 1694 3315 δε
1717 3284 1915 3322 Successore,
1939 3294 1988 3322 per
2003 3283 2136 3323 Terram,
2158 3284 2256 3323 Mare,
2275 3286 2320 3316 vel

1272 3326 1364 3363 Aquas
1383 3323 1478 3354 dulces
1493 3345 1503 3360 ,
1526 3332 1560 3353 eir
1579 3322 1671 3353 Causa
1694 3322 1740 3353 vel
1763 3321 1924 3353 Occasione
1939 3331 2115 3360 quacumque
2130 3323 2256 3360 praesenti
2275 3324 2321 3354 vel

1268 3364 1376 3399 futura,
1397 3361 1554 3391 Consilium
1563 3383 1578 3400 ,
1598 3361 1742 3391 Auxilium
1754 3383 1764 3398 ,
1781 3361 1826 3391 vel
1844 3360 1980 3390 Favorem
1997 3361 2111 3397 publice
2128 3361 2173 3391 vel
2191 3362 2325 3401 occulte,

1269 3402 1376 3432 directe
1392 3401 1436 3430 vel
1451 3400 1587 3430 indirecte
1603 3409 1660 3429 non
1675 3399 1780 3429 dabunt
1795 3409 1847 3429 nec
1865 3399 2033 3435 praestabunt
2043 3421 2051 3436 ‚
2066 3408 2114 3430 aut
2129 3399 2192 3430 alias
2211 3403 2326 3439 quovis-

1271 3440 1361 3470 modo
1383 3440 1522 3477 juvabunt
1537 3463 1545 3476 ,
1576 3448 1629 3468 nec
1651 3438 1784 3467 Subditos
1799 3437 1918 3476 praefatis
1936 3436 2072 3467 Dominis
2087 3441 2152 3475 Regi
2168 3437 2206 3473 &⁴
2219 3442 2326 3477 Regina

1270 3477 1392 3518 castella·
1408 3500 1416 3515 ,
1443 3480 1586 3514 Legionis,
1612 3479 1771 3519 Aragorium
1787 3498 1796 3513 ,
1823 3474 1936 3518 Siciliae,
1953 3472 2013 3518 &a
2034 3484 2171 3520 eorumve
2184 3479 2326 3515 praedic‘tis

1271 3516 1483 3548 Succefforibus
1498 3515 1631 3545 Rebelles
1647 3516 1674 3543 in
1689 3520 1738 3543 luis
1757 3513 1881 3550 Regna,
1899 3513 2012 3550 Terris,
2032 3512 2191 3552 Dominus,
2209 3526 2255 3547 aut
2263 3517 2323 3547 Lo-

1270 3557 1311 3586 cis
1326 3556 1442 3585 scienter
1462 3554 1659 3590 Receptabunt
1676 3551 1864 3588 Receptarive
1879 3551 2000 3588 facient,
2020 3561 2074 3582 nec
2091 3553 2120 3583 in
2135 3554 2238 3584 eisdem
2254 3555 2326 3584 Mo-

1268 3595 1319 3624 rari
1335 3602 1380 3623 aut
1396 3593 1538 3622 Auxilium
1554 3591 1597 3621 vel
1614 3590 1754 3620 Favorem
1771 3590 1872 3619 habere
1885 3590 2056 3628 permittent.

1304 3631 1393 3661 ITEM
1407 3654 1415 3667 ,
1432 3630 1647 3660 Concordatum
1662 3628 1694 3657 &
1710 3626 1886 3657 Conclusum
1901 3626 1941 3656 est
1955 3629 2034 3665 quod
2050 3628 2178 3665 praefatus
2196 3632 2326 3661 Dominus

1267 3672 1328 3699 Rex
1349 3668 1460 3706 Angliae
1476 3690 1485 3705 ,
1511 3668 1622 3704 ejusque
1641 3665 1724 3694 Filius
1748 3667 1939 3706 primogenitus
1964 3664 2003 3701 ό·
2025 3669 2123 3696 Haeres
2136 3690 2145 3705 ,
2169 3678 2327 3706 eorumque

1270 3707 1397 3745 praedic'ti
1414 3705 1548 3736 Haeredes
1560 3706 1593 3736 ὃ(
1609 3703 1806 3739 Succeffores,
1823 3705 1940 3742 praefatis
1956 3703 2090 3735 Dominis
2111 3708 2175 3743 Regi
2191 3704 2229 3740 &
2246 3709 2327 3744 Regi-

1269 3757 1312 3775 nae
1334 3744 1456 3783 Castellae
1472 3766 1481 3781 ,
1507 3746 1629 3780 Legionis
1641 3764 1650 3779 ,
1674 3745 1852 3779 Aragonum,
1870 3741 1985 3781 Siciliae,
2000 3742 2059 3777 &c.
2079 3753 2235 3780 eorumque
2252 3755 2324 3781 prae-

1270 3784 1350 3814 dietis
1363 3782 1533 3813 Haeredibus
1545 3783 1578 3812 ὃς
1592 3780 1928 3818 Succeiioribus,c0ntra
1941 3791 2042 3811 omnes
2052 3781 2194 3818 Principes
2209 3783 2241 3811 ὃς
2258 3782 2327 3813 Ho-

1271 3823 1362 3852 mines
1377 3821 1590 3860 quoscumque,
1608 3819 1655 3855 qui
1669 3827 1717 3847 eos
1733 3817 1852 3849 Laedere
1866 3818 1911 3849 scu
1925 3829 2026 3850 eorum
2047 3819 2156 3849 Statum
2182 3818 2329 3858 Deprava-

1270 3870 1300 3890 re
1316 3860 1361 3890 vel
1383 3860 1495 3897 Regna,
1515 3858 1633 3893 Terras,
1653 3855 1791 3886 Dominia
1805 3879 1815 3895 ,
1841 3857 1874 3887 δε
1897 3857 1977 3887 Loca
1998 3857 2166 3896 impugnare
2181 3858 2226 3888 vel
2246 3860 2329 3890 inva-

1271 3899 1338 3928 dere
1362 3895 1579 3935 quomodolibet
1601 3894 1745 3925 voluerint
1763 3896 1808 3925 vel
1831 3895 1981 3925 moliantur
1996 3918 2006 3932 ,
2033 3896 2077 3925 vel
2101 3904 2199 3926 contra
2214 3898 2329 3929 eosdem

1273 3936 1417 3967 Guerram
1438 3944 1483 3964 aut
1506 3933 1615 3963 Bellum
1636 3932 1727 3964 facere
1747 3933 1792 3962 vel
1810 3942 1927 3964 movere
1943 3933 2160 3971 praesumserint,
2176 3935 2226 3964 sub
2237 3937 2329 3967 modo

1271 3976 1306 4006 &
1327 3973 1420 4004 forma
1441 3971 1618 4009 sequentibus
1628 3993 1638 4008 ‚
1653 3971 1800 4001 Auxilium
1815 3973 1849 4002 &
1865 3971 2047 4009 Adjutorium
2063 3972 2141 4003 bona
2155 3972 2223 4003 Fide
2239 3976 2271 4005 &
2288 3978 2330 4006 ef-

1272 4011 1424 4044 feetualiter
1438 4034 1447 4049 ‚
1472 4012 1540 4041 licut
1563 4009 1687 4040 facerent
1708 4011 1739 4039 in
1756 4009 1891 4049 Negotiis
1914 4009 1966 4039 suis
1988 4011 2124 4048 propriis,
2141 4012 2331 4053 praestabunt,

1294 4051 1403 4081 idelicet

1273 4061 1291 4083 v
1307 4071 1425 4125 Quod',
1452 4086 1471 4116 fi
1494 4085 1643 4123 contingat
1662 4085 1794 4153 praefatgs
1821 4085 1837 4104 ⁶
1857 4083 2006 4116 Dominus
2022 4089 2118 4124 Regem
2133 4085 2172 4124 ό-
2187 4090 2335 4127 Reginam,
2351 4097 2363 4109 ι
2382 4095 2450 4121 ΧΠ,

1430 4143 1436 4149 -
1800 4130 1814 4162 3
2226 4137 2341 4157 eOrum-
2352 4142 2420 4169 42⁸..
