2555 4266
624 181 724 224 ET
788 180 1057 222 ACTA
1122 177 1153 217 P

3 296 10 302 -
20 270 52 302 D
81 272 240 305 Hominibus
251 271 292 302 ad
303 272 398 301 Arma
420 267 518 307 Seipso
532 276 701 307 computato
714 269 748 300 &
762 276 816 306 pro
832 266 903 296 lxxx.
921 264 1084 304 Sagittarriis

0 319 45 350 75·

0 373 2 378 .
15 360 45 385 4.

815 303 937 335 CCxxix
945 303 966 332 l.
984 312 1048 333 xvs.
1067 299 1132 339 vjol.

119 386 248 427 Jobanni
261 382 346 414 Herle
357 383 508 423 Armigero
521 393 575 422 pro
587 383 605 422 ij
621 382 779 413 Hominibus
792 381 833 411 ad
837 383 930 411 Arma
946 378 1043 421 Seipso
1051 385 1135 420 corn-

81 434 178 465 putato
192 425 225 455 &
241 433 294 461 pro
309 421 503 461 xSagiitariis‚
927 415 1036 452 xxxvll.
1056 424 1134 451 ans.

119 498 260 530 Nicholao
286 497 432 535 Longford
457 499 542 530 Militi
563 508 616 538 pro
633 498 662 535 vj
680 495 837 525 Hominibus
863 492 903 521 ad
922 494 1016 521 Arma
1039 488 1135 529 Seipso

83 546 252 576 computato
269 544 300 565 ut
315 537 410 567 Milite
423 537 459 568 ad
475 538 523 576 ijs.
543 547 592 575 per
609 535 701 566 Diem
716 535 809 571 &pro
827 532 854 561 lx
872 530 1041 573 Sagittario,
1097 565 1102 570 .

834 566 963 598 Clxxixl.
980 576 1026 596 xiv
1036 577 1058 596 s.
1073 563 1138 603 v1d.

122 651 252 690 Johanni
274 655 389 681 Courtne
426 650 578 688 Armigero
597 649 646 679 uni
669 646 880 677 Hostiariorum
899 643 1031 687 Canietae
1047 641 1140 684 Regis

87 700 140 729 pro
154 701 206 719 uno
222 692 337 719 Homine
348 702 366 719 a
397 694 492 719 Arma
507 689 540 719 &
550 697 602 724 pro
622 695 658 716 xx
676 685 843 724 Sagstrariis,
933 681 987 720 hjl.
1001 691 1028 718 vj
1037 691 1058 710 s.
1074 690 1100 718 ν]
1111 679 1140 708 d.

124 765 232 796 Fulconi
259 768 374 795 Domino
401 767 562 792 Fitzwaren
578 770 632 800 pro
649 771 669 791 x
686 760 845 791 Hominibus
872 759 913 789 ad
931 761 1024 802 Arma
1041 754 1140 801 §eipso

89 813 277 842 computato,
294 810 325 832 ut
340 805 449 831 Barone
468 801 502 830 ad
521 800 548 830 iv
556 810 578 829 s.
596 809 646 837 per
662 799 752 829 Diem
766 802 799 830 ὃς
813 808 867 837 pro
885 799 902 827 l.
922 798 1104 838 Sagittam&-

850 835 965 874 Cxciijl
993 836 1058 873 vijs.
1079 831 1141 874 chvl.

126 880 256 920 Johanni
276 877 378 908 Blount
398 876 550 913 Armigero
576 883 630 913 pro
648 876 676 914 iij
691 875 850 906 Hominibus
872 875 913 905 ad
927 877 1022 904 Arma
1043 872 1141 914 Scipio

93 927 260 957 computato
275 918 308 947 δι
322 924 376 951 pro
394 924 430 945 xx
446 913 605 952 Sagitariis,
896 913 943 943 lxv
953 912 971 942 l.
990 920 1062 942 x.xs.
1081 920 1107 948 ν]
1116 909 1144 939 d.

129 992 229 1033 Jacobo
257 989 360 1020 Blount
388 990 538 1029 Armigero
570 1001 624 1028 pro
650 991 679 1028 iij
694 990 852 1021 Hominibus
871 989 912 1019 ad
936 991 1030 1019 Arma
1051 985 1148 1030 Seipso

94 1037 261 1069 computato
277 1030 311 1060 &
325 1037 424 1066 proxx
440 1028 609 1068 sagittariis,
893 1029 939 1058 lxv
949 1027 969 1056 l.
989 1028 1061 1058 xixs.
1081 1034 1110 1063 vj
1118 1024 1147 1054 d.

131 1105 279 1138 Willielmo
307 1104 501 1143 Colyngbourne
532 1105 683 1142 Armigero
716 1106 765 1135 uni
787 1103 997 1135 Hostiariorum
1020 1102 1150 1133 Camerae

95 1146 180 1184 Regis
195 1155 249 1183 pro
265 1154 316 1173 uno
330 1146 444 1174 Homine
456 1144 496 1174 ad
506 1147 601 1175 Arma
615 1145 648 1176 &
663 1154 716 1184 pro
731 1144 768 1182 xij
786 1143 953 1183 sagittariis,
974 1143 1059 1172 xxxiv
1070 1141 1150 1217 18ξὲ-

132 1259 248 1291 Ricardo
262 1257 414 1300 Tononstall
422 1258 509 1289 Militi
526 1269 578 1296 pro
596 1269 615 1290 x
632 1256 791 1289 Hominibus
806 1257 846 1286 ad
856 1260 950 1287 Arma
965 1240 1061 1293 Seip'so
1070 1262 1155 1298 coon-

97 1307 197 1337 putato
209 1305 240 1327 ut
259 1298 354 1328 Milite
369 1299 403 1329 ad
417 1298 465 1334 ijs.
480 1306 530 1336 per
538 1297 629 1329 Diem
643 1299 676 1329 &
685 1306 738 1335 pro
752 1295 782 1326 C
795 1296 942 1336 Sagittariis
953 1318 964 1333 ,
981 1291 1155 1368 ΟΟΧενὲἰᾶ.

139 1411 288 1444 {Villielmo
302 1416 428 1453 Meryage
444 1411 593 1450 Armigero
610 1422 663 1449 pro
681 1413 709 1442 ii.
728 1411 886 1442 Hominibus
900 1410 941 1440 ad
951 1411 1045 1440 Arma
1058 1407 1155 1451 Seipso

102 1459 270 1490 computato
285 1452 318 1482 ὃς
332 1461 385 1489 pro
402 1461 448 1490 xvj
469 1451 639 1489 Sagittario,
1027 1445 1066 1477 ll.
1083 1448 1119 1485 xij
1129 1447 1156 1476 d.

140 1527 269 1567 Johanni
282 1531 390 1565 Savage
412 1527 499 1557 Militi
514 1537 566 1564 pro
584 1527 612 1563 iij
631 1526 789 1556 Hominibus
801 1525 842 1555 ad
851 1525 947 1556 'Arma
960 1523 1057 1562 Seipso
1067 1532 1154 1554 com-

103 1576 202 1605 putato
217 1572 249 1594 ut
266 1565 360 1594 Milite
375 1565 407 1595 &
423 1575 475 1602 pro
492 1575 547 1595 xxx
567 1564 731 1603 Sagittariis‚
1082 1562 1127 1600 xcj
1140 1560 1159 1591 l.

137 1640 271 1672 Richardo
289 1643 377 1670 Lowe
397 1639 549 1681 Armigero
564 1650 618 1680 pro
635 1651 687 1671 uno
701 1643 817 1671 Homine
842 1639 882 1670 ad
894 1642 988 1670 Arma
1003 1639 1037 1670 &
1053 1648 1106 1677 pro
1121 1638 1159 1668 iii.

102 1680 272 1720 sagittariis,
987 1679 1033 1716 xiij
1042 1677 1062 1708 l.
1083 1677 1160 1714 xiiis.

142 1759 254 1793 Georgio
280 1758 352 1785 Duci
381 1754 527 1786 Clarentiae
547 1765 599 1794 pro
623 1758 686 1786 Cxx
708 1754 866 1785 Hominibus
888 1755 929 1785 ad
948 1757 1042 1785 Arma
1062 1752 1160 1792 Seipso

103 1803 273 1833 computato
290 1802 323 1823 ut
338 1796 411 1823 Duce
429 1794 462 1825 ad
482 1795 526 1832 xiij
534 1805 554 1823 s.
575 1795 638 1824 ivd.
677 1805 707 1824 er
731 1794 820 1824 Diem
837 1818 847 1832 ,
874 1795 906 1824 &
923 1803 974 1830 pro
988 1792 1095 1830 Viginti
1110 1801 1163 1822 eo-

103 1844 166 1864 rum
189 1832 314 1863 Militum
340 1833 457 1868 quilibet
471 1833 504 1862 ad
521 1834 569 1863 iis.
588 1843 637 1870 per
688 1835 760 1869 iem,
778 1832 812 1863 &
830 1833 895 1862 xcix
913 1833 969 1863 aliis
983 1830 1162 1861 Hominibus

104 1872 139 1902 ad
164 1873 252 1902 Arma
271 1871 389 1905 milibet
404 1870 439 1900 ad
454 1870 526 1909 xijd.
544 1880 593 1909 per
610 1871 715 1909 Diem,
734 1872 768 1902 &
786 1870 851 1899 vid.
871 1871 939 1900 ultra
957 1869 994 1899 de
1009 1868 1163 1907 Regardo,

105 1912 139 1943 ὃς
153 1920 206 1949 pro
221 1907 304 1939 Mille
317 1910 488 1947 Sagittariis,
775 1907 986 1946 MMMCxciij
996 1906 1016 1937 l.
1037 1910 1064 1946 vj
1074 1918 1096 1937 s.
1113 1906 1164 1938 xd.

146 1987 166 2007 4*
184 1985 312 2025 Johanm'
327 1988 424 2015 Comiti
432 1985 566 2016 Ormonde
580 1995 633 2024 pro
642 1984 751 2016 Duobus
759 1984 916 2015 Hominibus
928 1983 970 2012 ad
976 1986 1071 2013 Arma
1085 1982 1166 2020 Seip-

109 2026 140 2058 so
153 2033 322 2064 computaio
339 2032 371 2054 ut
386 2027 507 2064 comite,
524 2035 557 2055 ac
573 2035 625 2063 pro
639 2026 694 2061 xvj
712 2027 886 2063 sagittariis,
923 2021 1022 2060 lxxiijl.
1039 2023 1064 2061 xj
1072 2032 1094 2052 s.
1112 2022 1130 2061 ij
1137 2021 1163 2051 d.

149 2106 248 2141 Rogero
264 2100 377 2140 Bekeley
394 2111 454 2132 uno
468 2101 646 2132 Valettorum
669 2101 757 2141 Regis
780 2100 817 2132 de
840 2098 960 2131 Corona
975 2109 1029 2137 pro
1043 2109 1095 2129 uno
1108 2100 1168 2128 Ho-

112 2146 183 2173 mine
195 2141 235 2170 ad
246 2143 340 2170 Aima
355 2141 388 2171 &
401 2150 453 2178 pro
464 2143 518 2170 Sex
539 2143 714 2179 Sagittariis,
940 2137 1002 2168 xxl.
1021 2140 1049 2168 ix
1058 2148 1080 2168 s.
1098 2138 1127 2176 vj
1138 2137 1165 2167 d.

149 2215 283 2248 Nicholao
308 2215 405 2256 Darby
429 2215 585 2254 Armigero
608 2227 663 2255 pro
688 2226 741 2247 uno
762 2218 878 2246 Homine
896 2216 938 2245 ad
956 2218 1050 2245 Arma
1067 2217 1101 2247 &
1116 2225 1169 2253 pro

112 2257 244 2298 Qatuor
258 2257 428 2292 imaginariis,
903 2264 941 2286 xv
949 2253 968 2284 l.
988 2256 1055 2293 xviij
1063 2264 1084 2284 s.
1103 2255 1130 2293 vj
1139 2254 1167 2284 d.

149 2333 250 2371 Egideo
266 2331 413 2371 Daubeney
425 2330 576 2369 Armigero
593 2341 646 2369 pro
668 2334 701 2361 iv
731 2331 890 2362 Hominibus
913 2330 954 2360 ad
964 2333 1059 2361 Arma
1072 2330 1170 2369 seipso

113 2379 303 2410 computato,
320 2370 354 2401 &
370 2379 420 2409 pro
437 2369 452 2400 l
461 2373 636 2410 sagittariis,
977 2369 1079 2407 th'jl.
1098 2371 1134 2409 xij
1143 2371 1170 2401 d.

148 2448 257 2479 Thomae
272 2446 345 2487 Wst
361 2446 512 2485 Armigero
532 2455 585 2484 pro
598 2454 714 2487 quatuor
730 2447 890 2477 Hominibus
913 2446 955 2476 ad
965 2449 1059 2476 Arma
1073 2446 1171 2485 Seipst»

108 2495 300 2528 computate,
316 2487 352 2516 ὃς
367 2495 420 2523 pro
431 2496 494 2515 xxx
512 2489 686 2524 sagittariis,
1011 2493 1068 2515 xcv
1077 2485 1097 2515 l.
1116 2486 1143 2524 xj
1151 2496 1174 2515 s.

149 2563 256 2594 Thomae
271 2562 372 2592 Warde
385 2560 537 2602 Armigero
552 2572 606 2601 pro
620 2573 672 2592 uno
684 2564 799 2592 Homine
812 2561 853 2592 ad
863 2564 958 2592 Arma
967 2585 976 2597 ‚
1003 2560 1038 2591 &
1051 2571 1104 2599 pro
1117 2564 1172 2591 Sex

115 2605 289 2640 Sagittariis,
955 2598 1017 2629 xxl.
1036 2601 1064 2630 ix
1071 2611 1092 2629 s.
1110 2600 1137 2639 vj
1144 2601 1172 2630 d.

154 2675 303 2707 WiHieImo
328 2679 444 2707 Domino
462 2676 611 2717 Hastynges
623 2687 677 2715 pro
692 2676 727 2706 xl
740 2677 900 2708 Hominibus
916 2677 957 2706 ad
967 2679 1061 2706 Arma
1077 2676 1174 2714 Seipso

118 2723 286 2754 computato
294 2737 304 2753 ,
313 2722 344 2744 ut
354 2718 478 2754 Baroue,
487 2717 519 2747 &
529 2726 582 2754 pro
591 2717 739 2757 Trescentis
745 2719 902 2754 sagittariis
911 2738 921 2754 ,
938 2714 1174 2792 ΒΟΞΞξΙςνἜῘαΖΙ.

156 2819 286 2870 Gafflido
305 2831 379 2858 Gate
396 2829 486 2860 Militi
507 2840 561 2869 pro
582 2834 696 2871 quinque
719 2830 880 2862 Hominibus
900 2830 941 2860 ad
959 2832 1054 2860 Arma
1078 2831 1175 2869 Seipso

119 2877 290 2907 compumto
304 2875 337 2896 ut
351 2867 464 2906 Milite,
1036 2868 1074 2900 Cl
1083 2869 1102 2900 l.
1120 2871 1147 2908 iij
1154 2881 1176 2900 s.

154 2943 261 2975 Thomae
275 2942 404 2980 Barough
419 2942 508 2975 Militi
522 2953 574 2982 pro
590 2949 645 2974 xvi
661 2945 818 2975 Hominibus
827 2945 868 2974 ad
873 2947 967 2975 Arma
981 2945 1078 2983 Seipso
1094 2956 1177 2976 com-

119 2991 217 3020 putato
237 2982 271 3012 ad
289 2983 316 3011 iv
325 2994 346 3011 s,
366 2991 414 3019 per
437 2981 524 3012 Diem
542 3005 552 3020 ,
574 2983 608 3013 ὃ(
630 2993 679 3023 per
695 2983 810 3022 speciale
822 2983 994 3014 VVaranturn
1010 2984 1046 3014 de
1065 2984 1175 3015 Privato

121 3021 239 3060 sigillo,
257 3022 291 3052 &
306 3030 358 3058 pro
376 3019 430 3049 clx
447 3023 621 3060 Sagittariis,
779 3020 990 3053 CCCClxxxlv
998 3021 1018 3052 l.
1038 3024 1064 3061 xj
1070 3034 1092 3052 s.
1112 3024 1139 3062 vj
1148 3024 1175 3053 d.

159 3095 307 3127 Willielmo
328 3097 427 3127 Laken
449 3097 603 3137 Armigero
626 3108 680 3138 pro
702 3109 753 3128 uno
765 3100 881 3128 Homine
891 3098 932 3127 ad
943 3101 1053 3136 Arma,
1073 3100 1106 3130 &
1124 3109 1177 3137 pro

123 3134 218 3166 Tribus
230 3138 402 3175 sagittariis,
1010 3139 1055 3176 xiij
1064 3137 1083 3167 l.
1102 3139 1148 3176 xiij
1155 3149 1177 3168 s.

162 3211 266 3241 David
283 3214 407 3242 Gammes
428 3211 582 3252 Armigero
604 3222 656 3250 pro
673 3224 725 3243 uno
748 3215 863 3243 Homine
886 3213 926 3243 ad
944 3216 1055 3253 Arma,
1073 3215 1105 3245 &
1125 3224 1177 3249 pro

122 3248 218 3278 {stibus
232 3253 403 3290 Sagittariis,
1011 3252 1082 3290 xiijl.
1103 3254 1148 3291 xiij
1157 3264 1178 3283 s.

164 3323 283 3354 Gilberto
297 3325 394 3356 Yalbot
413 3325 566 3366 Armigero
578 3337 632 3365 pro
646 3327 741 3358 Tribus
754 3327 912 3358 Hominibus
924 3328 966 3357 ad
976 3330 1068 3358 Arma
1081 3329 1177 3369 Seipso

126 3366 358 3403 computato„&
372 3375 425 3403 pro
445 3375 487 3394 xx
503 3369 673 3406 sagittariis,
927 3367 973 3397 lxv
980 3367 1001 3396 l.
1020 3368 1094 3398 xixs.
1113 3369 1177 3407 vid.

165 3437 312 3484 Willielmo
326 3441 471 3483 Radmylde
484 3442 639 3482 Armigero
654 3452 708 3481 pro
719 3454 771 3474 uno
783 3445 898 3474 Homine
914 3443 955 3473 ad
962 3447 1057 3474 Arma
1072 3445 1106 3475 ὃς
1123 3423 1176 3483 pro

128 3479 182 3506 Sex
194 3479 363 3517 Sagittariis,
962 3492 997 3512 xx
1006 3482 1026 3512 l.
1041 3485 1095 3514 ixs.
1114 3484 1176 3522 de.

163 3552 307 3582 Edmundo
317 3553 387 3582 Holt
404 3556 452 3584 uni
460 3554 637 3588 Valettorum
647 3557 739 3596 Regis
751 3558 788 3589 de
801 3558 920 3590 Corona
932 3569 985 3598 pro
995 3570 1050 3589 uno
1060 3562 1176 3591 Homine

128 3591 168 3621 ad
182 3594 291 3628 Arma,
308 3591 342 3621 &
357 3601 408 3628 pro
423 3592 520 3623 duobos
531 3598 706 3636 Sagittariis,
953 3599 978 3637 xj
986 3597 1004 3627 l.
1024 3599 1091 3637 vijs.
1110 3600 1137 3638 vj
1149 3600 1176 3629 d.

168 3666 314 3697 Willielmo
329 3667 478 3711 Tyntpetley
494 3669 673 3701 Gentilmam
687 3672 720 3702 &
729 3671 866 3702 Servienti
883 3683 950 3703 curn
967 3673 1110 3710 Magistro
1119 3674 1177 3713 Jo-

127 3705 217 3736 hanne
233 3709 344 3735 Morton
359 3704 478 3735 Clerico
493 3706 667 3738 Rotulorum
676 3708 859 3740 Cancellariae
868 3711 974 3749 Regis,
993 3722 1044 3749 pro
1057 3724 1108 3742 uno
1117 3716 1176 3743 Ho-

128 3749 198 3775 mine
209 3745 250 3774 ad
261 3747 370 3783 Arma,
389 3744 421 3774 &
438 3753 491 3781 pro
508 3748 559 3774 xiii
572 3749 746 3786 sagittariis,
971 3752 1052 3788 xxxvj
1061 3751 1081 3782 l.
1099 3753 1146 3790 viij
1153 3763 1175 3781 s.

165 3823 284 3850 Henrico
298 3818 470 3850 Wentworth
482 3819 594 3858 Juniori
611 3821 765 3859 Armigero
778 3833 831 3860 pro
842 3826 875 3853 iv
891 3826 1047 3857 Hominibus
1061 3829 1102 3857 ad
1113 3831 1176 3858 Ar-

104 3870 107 3871 ⁷
129 3868 174 3887 ma
190 3859 286 3897 Scipio
298 3868 483 3897 componite,
501 3860 535 3890 &
551 3869 603 3897 pro
621 3863 695 3889 xxiv
712 3863 885 3900 sagittariis,
964 3865 1035 3903 lxxij
1044 3865 1062 3896 l.
1080 3869 1145 3905 xviij
1153 3878 1174 3896 s.

167 3933 296 3971 Johanni
308 3939 377 3966 Dnci
387 3934 540 3974 Norffblciae
555 3945 606 3973 pro
623 3935 658 3964 xl
673 3936 830 3967 Hominibus
841 3938 882 3968 ad
888 3942 981 3969 Arma
987 3940 1084 3979 seipso
1094 3953 1178 3974 com-

128 3981 230 4013 putato
244 3979 275 4001 ut
288 3977 381 4013 Duce,
401 3976 433 4006 &
449 3984 501 4013 pro
516 3977 583 4004 CCC
601 3978 772 4014 sagittariis,
892 3978 1002 4017 Mxiijl.
1018 3981 1072 4019 xvij
1080 3992 1102 4011 s.
1124 3982 1177 4012 xd.

169 4047 502 4119 Tzlgzxyinssunffgmery
517 4053 667 4081 Baneretto
685 4051 719 4083 δε
736 4050 824 4083 Militi
839 4062 894 4090 pro
914 4052 1048 4095 Corpore
1057 4056 1182 4089 Domini

1192 148 1600 217 UB-LICA.
2176 193 2225 231 57

1174 255 1261 299 Regis
1278 270 1330 298 pro
1349 270 1370 289 x
1386 261 1543 291 Hominibus
1559 262 1599 291 ad
1611 264 1704 291 Arma
1719 261 1814 300 Seipso
1834 272 2000 301 computato
2010 288 2019 303 ‚
2044 272 2076 294 ut
2091 267 2224 293 Baneret-
2247 261 2323 293 Ann-
2340 261 2381 292 D.

1921 302 2076 341 CCCvijl.
2093 303 2140 340 ijs.
2161 303 2224 339 vjd.
2248 308 2361 372 ΕῙΪΤΞ·

1178 306 1225 336 to,
1242 299 1274 329 ὅ(
1290 308 1342 335 pro
1358 302 1471 328 Centum
1487 303 1645 337 sagittariis
1656 322 1665 337 ‚

1215 372 1364 402 lVillielmo
1386 374 1517 403 Brandon
1538 373 1624 403 Militi
1642 385 1694 412 pro
1710 386 1761 406 uno
1774 378 1888 407 Homine
1903 378 1943 407 ad
1953 382 2045 408 Arma
2061 386 2226 416 computato

1176 418 1207 441 ut
1223 411 1334 449 Milite,
1353 412 1385 441 &
1401 421 1454 448 pro
1469 415 1509 440 xii
1524 415 1697 451 Sagittariis,
2022 419 2103 455 xxxvj
2112 416 2131 446 l.
2151 418 2196 455 viij
2205 427 2227 446 s.

1214 486 1342 526 Johanni
1357 489 1429 516 Duci
1444 485 1572 524 Suffivltiae
1588 496 1641 522 pro
1659 487 1693 516 xl
1709 489 1867 519 Hominibus
1877 489 1916 518 ad
1927 493 2019 519 Arma
2034 491 2128 529 Seipso
2143 501 2228 523 com-

1177 535 1276 564 putato
1291 533 1322 555 ut
1336 527 1412 554 Duce
1426 524 1459 555 &
1474 534 1527 561 pro
1546 527 1614 553 CCC
1630 528 1800 564 sagittariis,
1970 528 2051 566 Mxiij
2062 529 2081 558 l.
2100 533 2152 568 xvij
2162 542 2184 560 s.
2200 530 2237 560 d:

1220 600 1368 631 Willielmo
1378 599 1482 639 Truffil
1494 600 1578 629 Militi
1594 609 1646 636 pro
1653 599 1706 638 sex
1723 601 1880 630 Hominibus
1893 601 1933 630 ad
1940 604 2031 631 Arma
2039 603 2133 640 Seipso
2148 614 2231 634 com-

1180 648 1278 679 putato
1290 647 1322 669 ut
1336 639 1431 669 Milite
1446 641 1477 669 &
1494 648 1546 676 pro
1560 637 1590 667 lx
1603 641 1776 676 Sagittariis,
1922 639 2026 669 szxix
2037 640 2055 670 l.
2073 651 2116 671 xiv
2124 654 2145 671 s.
2168 645 2194 680 vj
2203 643 2229 673 d.

1218 715 1350 745 Richardo
1367 714 1465 744 Corbet
1481 714 1569 744 Militi
1584 723 1636 751 pro
1653 715 1684 750 i.7‘
1703 714 1863 743 Hominibus
1881 714 1920 744 ad
1932 717 2024 745 Arma
2040 715 2135 752 Seipso
2149 727 2231 747 cotn-

1182 763 1281 792 putato
1297 761 1328 783 ut
1341 753 1453 791 Milite,
1471 754 1505 784 δε
1521 763 1572 792 pro
1584 763 1627 782 xx
1642 755 1814 789 Sagittariis,
2063 754 2162 791 vanjl,
2182 767 2199 786 v
2208 767 2230 786 ς,

1219 830 1348 869 Johanni
1367 828 1524 870 angefeld
1542 829 1693 868 Armigero
1718 839 1770 866 pro
1781 840 1834 858 uno
1849 831 1964 860 Homine
1975 829 2015 857 ad
2027 832 2120 858 Arma
2134 830 2166 860 &
2182 840 2233 866 pro

1185 870 1271 900 trihus
1281 872 1454 907 sagittariis,
2072 870 2116 906 xiij
2123 867 2143 898 l.
2162 870 2206 906 xiij
2215 880 2236 898 s.

1225 944 1374 976 Willielmo
1389 941 1511 984 Alforde
1531 943 1701 976 Gentilman
1716 954 1769 983 pro
1781 956 1832 975 uno
1849 947 1964 975 Homine
1977 944 2018 974 ad
2030 947 2123 974 Arma
2136 944 2168 975 &
2188 955 2239 983 pro

1186 985 1282 1016 Tribus
1292 988 1465 1023 Sagittariis,
2075 985 2118 1020 xiij
2128 983 2146 1013 l.
2167 985 2210 1021 xiij
2218 995 2240 1013 s.

1226 1061 1370 1091 Edwardo
1377 1063 1493 1090 Domino
1500 1058 1575 1100 Lifle
1591 1069 1644 1098 pro
1660 1059 1702 1097 vij
1721 1059 1879 1098 Hominibus
1892 1060 1932 1090 ad
1941 1063 2034 1090 Arma
2052 1060 2148 1098 Seipso
2158 1070 2242 1091 corn·

1189 1108 1286 1138 putato
1301 1107 1332 1129 ut
1344 1102 1453 1129 Barone
1470 1100 1503 1131 ὃ(
1521 1109 1574 1137 pro
1593 1098 1606 1128 l
1621 1101 1794 1136 Sagittario,
2009 1098 2128 1137 Clxxijl.
2149 1101 2212 1135 xviij
2220 1109 2241 1129 s.

1229 1175 1358 1214 Johanni
1380 1174 1490 1216 Asteley
1513 1174 1601 1205 Militi
1617 1183 1650 1204 ac
1664 1173 1812 1205 Baneretto
1830 1183 1882 1211 pro
1896 1185 1947 1204 uno
1964 1176 2078 1204 Homine
2095 1176 2134 1204 ad
2151 1178 2244 1205 Arma

1192 1223 1361 1252 computato
1378 1221 1409 1243 ut
1430 1216 1578 1243 Baneretto
1599 1214 1633 1244 ad
1648 1215 1704 1244 ivs.
1725 1223 1773 1250 per
1790 1212 1879 1243 Diem
1895 1215 1928 1243 ὃς
1945 1223 1998 1250 pro
2015 1215 2057 1250 xij
2077 1217 2248 1280 Sagliztfsiis,

2109 1260 2126 1280 x
2137 1262 2155 1282 v·
2178 1276 2183 1281 .
2201 1261 2248 1282 xs.

1230 1328 1361 1367 Johanni
1374 1326 1478 1365 Forsier
1494 1327 1645 1366 Armigcro
1660 1337 1714 1365 pro
1728 1338 1779 1358 uno
1791 1331 1906 1358 Homine
1921 1328 1961 1358 ad
1972 1331 2065 1358 Arma
2080 1329 2114 1360 &
2127 1338 2179 1366 pro
2199 1331 2227 1358 V
2227 1331 2252 1357 i-

1193 1371 1264 1405 ginti
1278 1370 1449 1405 Sagittario,
2037 1366 2090 1397 liil.
2111 1377 2168 1404 ης.
2188 1365 2250 1404 vjd.

1234 1442 1367 1474 Nicholao
1382 1441 1502 1480 Wortley
1516 1451 1569 1480 pro
1582 1453 1633 1472 uno
1647 1444 1763 1473 Homine
1778 1442 1818 1472 ad
1829 1445 1922 1473 Arma
1937 1444 1970 1475 &
1986 1453 2038 1482 pro
2052 1443 2079 1511 iyl
2088 1446 2256 1510 §Digitum-ii}²

2034 1492 2059 1520 xj
2080 1507 2085 1512 .
2105 1492 2170 1520 vijs.
2192 1492 2218 1519 ν]
2248 1504 2255 1511 .

1234 1557 1363 1599 Johanni
1377 1560 1494 1588 Domino
1509 1555 1626 1587 Cobham
1643 1567 1695 1595 pro
1710 1568 1732 1587 v
1747 1558 1904 1588 Hominibus
1918 1558 1959 1588 ad
1963 1561 2055 1588 Arma
2064 1558 2160 1595 Seipso
2171 1566 2255 1589 com-

1200 1607 1298 1636 putato
1309 1605 1341 1627 ut
1356 1599 1465 1626 Bai-one
1477 1599 1510 1627 &
1526 1606 1577 1634 pro
1593 1595 1606 1625 l
1618 1600 1790 1634 sagittariis,
2096 1596 2161 1627 Clix
2168 1596 2187 1627 l,
2208 1607 2253 1627 vs.

1237 1676 1256 1694 *
1275 1673 1405 1713 Johanni
1422 1671 1529 1703 Punche
1548 1673 1597 1702 uni
1618 1671 1796 1703 Valettorum
1822 1671 1911 1711 Regis
1934 1673 1970 1703 de
1993 1671 2184 1740 Coronauplro
2202 1683 2257 1717 ‚¹.‘.⁷¹⁰
2280 1676 2299 1741 ἒ
2320 1677 2375 1704 XI.

2091 1720 2137 1750 Xllj
2160 1721 2258 1750 ,X11Js.
2301 1724 2348 1751 47.

1200 1716 1317 1745 Homine
1333 1713 1374 1742 ad
1381 1715 1475 1743 Arma
1492 1713 1525 1743 δε
1539 1721 1591 1749 pro
1606 1710 1691 1740 tn‘bus
1704 1714 1862 1748 Sagittariis
1871 1733 1882 1749 ,

1236 1788 1365 1828 Johanni
1379 1785 1522 1818 Arundell
1537 1787 1625 1817 Militi
1638 1797 1691 1826 pro
1708 1788 1730 1825 ij
1750 1786 1909 1816 Hominibus
1922 1787 1964 1816 ad
1968 1790 2062 1818 Arma
2072 1787 2116 1818 Sei
2120 1787 2169 1824 pso
2177 1798 2260 1818 com-

1201 1836 1301 1867 putato
1316 1834 1348 1857 ut
1365 1826 1460 1856 Milite
1477 1826 1510 1856 &
1525 1835 1577 1864 pro
1589 1837 1632 1855 xx
1644 1829 1802 1864 Sagittarn‘s
1811 1847 1822 1863 ‚
2016 1825 2079 1864 lle.
2102 1827 2147 1864 vii)
2155 1837 2177 1855 s.
2200 1828 2225 1864 vj
2233 1826 2261 1856 d.

1239 1903 1368 1944 Johanni
1387 1905 1475 1933 Parre
1492 1900 1579 1931 Militi
1594 1911 1648 1939 pro
1664 1901 1798 1939 Corpore
1817 1902 1941 1932 Domini
1956 1902 2039 1941 Regis
2055 1912 2107 1940 pro
2128 1913 2149 1931 x
2167 1905 2264 1932 Homi-

1204 1943 1252 1973 bus
1263 1943 1305 1973 ad
1315 1946 1410 1973 Arma
1426 1940 1522 1980 Seipso
1538 1950 1709 1979 computato
1723 1948 1754 1970 ut
1772 1940 1867 1971 Mlite
1884 1944 1916 1972 ὃς
1940 1950 1992 1979 pro
2012 1945 2125 1970 Centum
2138 1944 2261 1978 Sagitta-

1204 1985 1253 2012 riis
1262 2005 1272 2020 ,
2017 1978 2157 2017 CCxcviij
2165 1980 2185 2009 l.
2205 1982 2230 2018 vj
2241 1979 2268 2010 d.

1246 2056 1397 2089 Willielmo
1421 2055 1496 2096 Roffl
1520 2055 1776 2088 Contrarotulatori
1792 2056 2014 2088 Ordinationum
2030 2055 2118 2095 Regis
2135 2066 2187 2093 pro
2201 2056 2267 2086 duo-

1210 2097 1257 2128 bus
1271 2096 1430 2126 Hominibus
1449 2096 1489 2125 ad
1498 2098 1592 2125 Arma
1608 2095 1702 2133 Seipso
1723 2105 1890 2134 computato
1907 2097 1941 2127 ad
1960 2097 1990 2127 iv
1998 2106 2020 2125 s.
2039 2105 2088 2131 ner
2106 2094 2214 2133 Diem,
2232 2096 2266 2125 δί

1207 2147 1260 2175 pro
1273 2136 1359 2166 decem
1375 2137 1547 2173 sagittariis,
2006 2133 2072 2172 xi'vij
2081 2133 2099 2163 l.
2120 2143 2183 2164 xvs.
2204 2144 2229 2172 vj
2237 2133 2265 2163 d.

1245 2213 1348 2244 David
1357 2211 1433 2249 Gogh
1453 2211 1607 2250 Armigem
1632 2221 1686 2250 pro
1709 2223 1761 2242 uno
1783 2214 1898 2243 Homine
1913 2212 1954 2242 ad
1964 2214 2057 2242 Arma
2072 2211 2106 2242 ad
2126 2211 2162 2250 xij
2171 2211 2198 2241 d.
2217 2221 2266 2249 per

1209 2251 1298 2282 Diem
1313 2253 1346 2283 ὃς
1367 2252 1392 2288 vj
1399 2252 1425 2280 d.
1446 2251 1518 2281 ultra
1534 2251 1570 2281 de
1584 2250 1721 2287 Regardo
1735 2254 1768 2282 δε
1784 2261 1836 2287 pro
1855 2254 1896 2289 xij
1914 2251 2046 2281 Homibus
2057 2250 2097 2279 ad
2101 2253 2195 2279 Arma
2212 2260 2264 2280 vo-

1209 2293 1276 2322 catis
1291 2290 1407 2322 Escuers
1421 2290 1535 2328 quilibet
1552 2290 1585 2320 ad
1600 2290 1647 2327 viij
1657 2289 1684 2319 d.
1705 2299 1754 2327 per
1770 2289 1861 2320 Diem
2019 2289 2073 2327 xiiij
2084 2288 2104 2319 l.
2124 2289 2182 2320 ivs.
2205 2289 2230 2327 vj
2241 2288 2267 2318 d.

1248 2370 1364 2397 Henrico
1379 2369 1476 2396 Comiti
1489 2364 1695 2396 Northumbriae
1710 2375 1762 2403 pro
1781 2365 1812 2396 lx
1828 2365 1987 2396 Hominibus
2006 2366 2047 2396 ad
2060 2368 2153 2395 Arma
2171 2364 2267 2403 Seipso

1211 2415 1379 2444 computato
1401 2413 1432 2434 ut
1452 2408 1553 2434 Comite
1569 2404 1603 2434 ad
1623 2405 1649 2442 vj
1659 2415 1680 2433 s.
1699 2404 1778 2443 viijdy
1796 2415 1844 2443 per
1868 2404 1957 2435 Diem
1979 2414 2012 2435 ac
2027 2405 2150 2436 Novem
2165 2413 2268 2434 eorum

1213 2446 1386 2483 computans
1405 2451 1437 2473 ut
1457 2442 1594 2473 Militibus
1617 2443 1733 2480 quilibet
1755 2442 1788 2472 ad
1808 2444 1855 2480 ijs.
1875 2453 1922 2480 per
1937 2442 2025 2473 Diem
2037 2467 2045 2480 ,
2064 2443 2097 2473 &
2113 2453 2165 2480 pro
2179 2443 2235 2472 aliis
2249 2442 2267 2472 l.

1212 2483 1391 2514 Hominibus
1411 2481 1443 2512 ad
1464 2482 1552 2512 Arma
1568 2481 1687 2518 quilibet
1707 2481 1741 2511 ad
1760 2482 1794 2520 xij
1802 2483 1829 2511 d.
1846 2492 1893 2519 per
1916 2481 2005 2511 Diem
2021 2483 2054 2512 ὅ(
2072 2482 2100 2518 vj
2108 2482 2136 2512 d.
2152 2481 2222 2511 ultra
2233 2481 2270 2510 dc

1213 2521 1346 2561 Regardo
1356 2544 1366 2560 ,
1382 2522 1414 2552 &c
1429 2530 1482 2558 pro
1500 2518 1600 2550 CCC1
1618 2518 1783 2559 sagittariis,
1891 2518 2072 2550 MCCxlixl.
2092 2521 2168 2551 xivs.
2188 2521 2233 2558 viij
2243 2520 2270 2549 d.

1251 2598 1356 2629 Thomae
1380 2595 1565 2637 Patyngeham
1588 2606 1647 2627 uno
1675 2596 1857 2627 Provisorum
1883 2597 1915 2626 &-
1938 2595 2160 2626 Condustorum
2177 2596 2273 2627 Caria-

1215 2638 1328 2674 giorum
1342 2638 1374 2667 Sc
1391 2636 1612 2666 ordinationum
1628 2635 1717 2673 Regis
1732 2635 1850 2672 ejusdem
1860 2635 1965 2665 Thomae
1979 2636 2010 2664 ad
2025 2637 2060 2674 xij
2071 2636 2096 2665 d.
2112 2646 2161 2673 per
2172 2635 2272 2673 Dic-m,

1214 2678 1248 2707 &
1269 2686 1322 2713 pro
1334 2676 1387 2715 sex
1409 2674 1568 2704 Hominibus
1591 2678 1697 2704 vocatis
1721 2673 1899 2714 Charytmen
1925 2674 2051 2711 quolibet
2071 2675 2102 2703 ad
2122 2674 2202 2711 viijd.
2222 2684 2271 2711 per

1215 2713 1323 2752 Diem,
1342 2723 1457 2744 necnon
1481 2722 1534 2749 pro
1552 2723 1614 2741 xxx
1632 2712 1789 2742 Hominibus
1812 2716 1918 2742 vocatis
1938 2716 2060 2741 Cameris
2085 2713 2213 2749 quolibet
2236 2712 2269 2742 ad

1215 2754 1242 2791 vj
1251 2753 1279 2783 d.
1297 2763 1344 2790 per
1360 2751 1468 2788 Diem,
1487 2751 1536 2781 sub
1547 2750 1761 2781 Gubernatione
1776 2750 1912 2788 Johannis
1926 2754 2053 2787 Siurgeon
2072 2750 2202 2788 Magistri
2214 2751 2272 2780 Or—

1213 2791 1388 2821 dinationum
1411 2790 1497 2828 Regis
1523 2789 1559 2819 de
1579 2789 1734 2825 hujusmodi
1755 2788 1847 2819 Vadiis
1860 2790 1911 2819 suis
1927 2811 1937 2827 ,
1959 2790 2106 2827 videlicet,
2127 2800 2178 2827 pro
2194 2790 2273 2819 dicio

1214 2831 1309 2868 primo
1324 2829 1478 2867 Quarterio
1494 2837 1543 2866 per
1559 2837 1657 2857 manus
1672 2828 1800 2865 proprias
2200 2829 2243 2865 xcj
2254 2826 2273 2856 l.

1255 2905 1384 2945 Johanni
1396 2908 1513 2943 Brygges
1529 2903 1584 2934 alio
1599 2904 1785 2940 Provisorutn
1797 2904 1831 2935 &
1843 2902 2065 2933 Condueiorum
2077 2902 2274 2941 caragiorum

1216 2945 1250 2975 &
1273 2944 1493 2974 Ordinationutn
1515 2941 1605 2979 Regis
1626 2944 1661 2973 de
1682 2942 1774 2972 Vadiis
1787 2942 1907 2976 eiusdem
1922 2941 2063 2979 Johannis
2079 2943 2112 2972 ad
2134 2942 2168 2979 xij
2180 2943 2204 2970 α’.
2225 2951 2272 2977 per

1218 2983 1308 3013 Diem
1318 2984 1366 3020 ,δε
1381 2986 1434 3012 Sex
1442 2984 1587 3011 Hominum
1600 2988 1755 3010 vocatorum
1770 2980 1944 3010 Chareotmen
1957 2979 2102 3017 cujussibet
2114 2981 2146 3009 ad
2159 3003 2168 3017 ,
2184 2980 2229 3016 viij
2241 2979 2270 3009 d.

1218 3032 1268 3059 per
1275 3021 1503 3059 Diem‚necn0n
1518 3030 1580 3048 xxx
1594 3021 1739 3048 Hominum
1755 3026 1910 3048 vocatorum
1923 3022 2035 3048 carters
2049 3019 2193 3057 cujussibet
2208 3019 2235 3055 vj
2243 3019 2271 3048 d.

1217 3071 1265 3098 per
1282 3059 1389 3097 Diem,
1408 3059 1458 3088 sub
1475 3057 1691 3087 Gubernatione
1706 3057 1775 3087 dicti
1790 3056 1931 3094 Johannis
1943 3059 2090 3096 Sturgeon,
2194 3058 2239 3095 xcj
2250 3057 2270 3086 l.

1255 3135 1390 3165 Richardo
1406 3137 1513 3171 Copcote
1527 3133 1631 3163 Tertio
1646 3132 1827 3164 Provisorum
1843 3135 1876 3165 &
1893 3132 2112 3163 Conduetorum
2129 3133 2273 3171 &regio-

1220 3185 1284 3206 rum
1302 3176 1337 3205 &
1361 3173 1586 3203 ordinationum
1604 3171 1691 3210 Regis
1708 3172 1745 3203 de
1760 3172 1854 3202 vadiis
1868 3172 1990 3210 ejusdem
2007 3172 2135 3201 Richar-„v'i
2153 3177 2186 3200 zm
2203 3172 2271 3209 xxjd.

1219 3223 1267 3251 per
1278 3213 1364 3242 Diem
1371 3234 1381 3248 7
1389 3211 1422 3240 &
1429 3214 1481 3239 Sex
1489 3213 1636 3239 Hominum
1650 3218 1806 3240 vocatorum
1815 3210 1985 3240 chamin-eo
1990 3211 2136 3245 cujussibet
2145 3210 2178 3238 ad
2188 3212 2235 3247 viij
2243 3210 2270 3239 d.

1218 3262 1268 3291 per
1287 3251 1391 3285 Diem,
1410 3258 1523 3278 necnon
1538 3259 1600 3277 xxx
1615 3251 1761 3278 Hominum
1776 3258 1931 3278 vocatorum
1949 3252 2056 3277 Carters
2073 3249 2118 3285 cuj
2124 3247 2220 3278 „llibet
2233 3248 2273 3279 ad

1217 3291 1245 3329 vj
1253 3291 1280 3320 d.
1299 3299 1346 3327 per
1364 3287 1526 3325 Diem,sub
1543 3287 1759 3318 Gubernatione
1776 3288 1844 3318 dieti
1855 3287 1996 3326 Johannis
2005 3290 2148 3324 Sturgeon,
2168 3287 2212 3325 xcj
2223 3286 2242 3316 l.

1254 3370 1354 3397 Simoni
1369 3368 1504 3397 Paxmam
1517 3366 1571 3395 olio
1589 3364 1771 3395 Provisorum
1786 3366 1819 3396 ἃ
1835 3363 2055 3395 Condustomm
2074 3363 2269 3403 Cariagiorum

1217 3407 1252 3437 &
1276 3406 1498 3436 Ordinationum
1524 3404 1613 3439 Regis
1638 3404 1673 3433 de
1696 3404 1788 3433 Vadiis
1807 3403 1927 3436 ejusdem
1944 3405 2056 3430 Simonis
2076 3403 2109 3432 ad
2127 3402 2200 3440 xijd.
2221 3414 2270 3440 per

1199 3474 1201 3477 ,
1219 3445 1325 3482 Diem,
1344 3445 1377 3474 &
1392 3447 1444 3474 Sex
1460 3446 1603 3472 Honinum
1619 3450 1774 3471 vocatorum
1790 3441 1960 3470 charictmen
1976 3440 2121 3472 cuiussibet
2133 3442 2168 3471 ad
2185 3443 2230 3480 viij
2241 3443 2269 3472 d,

1217 3493 1266 3522 per
1284 3484 1371 3513 Diem
1385 3507 1394 3519 ,
1421 3491 1533 3512 necnon
1552 3492 1614 3510 xxx
1631 3483 1774 3509 Hominum
1791 3486 1945 3508 vocatorum
1962 3481 2056 3508 Cartes
2071 3479 2219 3517 cujussibet
2235 3482 2269 3510 nd

1216 3523 1280 3561 vja'.
1298 3532 1346 3560 per
1363 3520 1470 3558 Diem,
1490 3521 1540 3550 sub
1555 3519 1771 3549 Gubernatione
1786 3517 1854 3546 dim·
1869 3515 2011 3554 Johannis
2025 3520 2171 3556 Sturgeon‚
2198 3520 2240 3556 κς]
2250 3519 2268 3548 Ι,

1256 3598 1376 3635 'Johanni
1403 3595 1540 3625 Moklowe
1566 3594 1683 3625 Clerico
1703 3592 1850 3630 vigil-amri
1877 3591 2097 3624 ordinationum
2123 3594 2211 3631 Regis
2233 3594 2268 3625 ad

1217 3638 1254 3675 xij
1262 3638 1288 3666 d.
1308 3646 1356 3673 per
1375 3634 1463 3664 Diem
1481 3636 1513 3663 <St
1532 3643 1618 3661 xxxv
1636 3634 1781 3660 Hominum
1793 3630 1995 3660 Laboratorum
2010 3642 2180 3663 vocatorum
2199 3636 2268 3662 Ma-

1216 3685 1354 3711 nyonerers
1371 3695 1379 3710 ‚
1404 3671 1506 3710 casters
1524 3670 1559 3707 of
1573 3670 1648 3703 Dyks
1672 3672 1730 3697 and
1750 3668 1874 3697 Trenchis
1887 3671 1920 3699 &
1934 3669 2052 3700 aliorum
2069 3672 2197 3708 Operum
2216 3681 2266 3701 ne-

1217 3712 1396 3744 eeiliiriorum
1420 3720 1446 3738 ιιι
1468 3709 1564 3738 eadem
1588 3707 1716 3736 Oxdinar.
1737 3706 1882 3747 cujussibet
1904 3707 1937 3737 ad
1965 3710 1991 3745 vj
2001 3710 2026 3738 d.
2048 3719 2096 3746 per
2114 3709 2203 3738 Diem
2228 3711 2265 3740 de

1215 3750 1376 3790 hujusmodi
1393 3747 1486 3777 Varius
1499 3747 1550 3776 suis
1566 3745 1696 3775 videlicet
1710 3754 1764 3783 pro
1775 3744 1855 3776 dicto
1872 3747 1966 3783 primo
1981 3748 2134 3785 Quareerjo
2149 3757 2197 3783 per
2206 3758 2266 3777 ma-

1216 3800 1267 3820 nus
1282 3789 1420 3828 proprias,
1624 3795 1632 3802 ·
1994 3785 2111 3814 lxxxivl.
2132 3785 2184 3822 iijs.
2204 3787 2231 3823 vj
2241 3786 2268 3815 d.

1255 3863 1403 3895 lVillielmo
1418 3860 1516 3890 Warde
1534 3859 1568 3890 de
1576 3858 1674 3889 Vadiis
1691 3858 1812 3897 eJusdem
1831 3860 1974 3890 Willielmi
1988 3861 2020 3890 ad
2037 3862 2071 3898 xij
2078 3861 2105 3891 A.
2119 3870 2168 3897 per
2178 3861 2266 3893 Diem

1217 3906 1250 3935 &
1270 3913 1354 3932 xxxv
1373 3904 1516 3930 Hominum
1542 3907 1711 3929 vocatorum
1730 3900 1923 3938 stlanyonerers
1939 3922 1950 3937 ,
1975 3898 2034 3933 ἀπ’.
2059 3898 2205 3937 cujussibet
2232 3901 2267 3931 ad

1218 3942 1280 3981 vjd.
1298 3951 1346 3979 per
1362 3939 1451 3968 Diem
1991 3937 2109 3967 lxxxivl.
2127 3939 2185 3976 iijs.
2204 3941 2266 3977 vjd.

1257 4017 1362 4047 Thomae
1379 4013 1502 4053 Bcsteney
1517 4012 1550 4042 ad
1566 4013 1600 4051 xij
1610 4013 1636 4042 d.
1657 4023 1705 4050 per
1718 4013 1824 4049 Diem,
1843 4013 1876 4042 δε
1890 4023 1976 4042 xxx-v
1991 4016 2136 4044 Hominum
2151 4027 2270 4048 vocato-

1218 4067 1284 4088 rum
1291 4057 1483 4092 Manyonerers
1488 4073 1500 4089 ,
1508 4050 1567 4087 &a
1574 4051 1716 4090 cujussibet
1725 4052 1760 4119 ali—d1
1766 4053 1794 4089 vj
1804 4051 1831 4081 d.
1840 4061 1889 4089 per
1899 4051 1988 4082 Diem
1995 4052 2105 4090 ‚lxxxiv
2115 4053 2136 4085 l.
2144 4055 2198 4095 iijs,
2205 4057 2274 4127 ffli-
