2555 4266
696 219 730 263 13
758 221 799 263 Tr
883 222 920 262 A&
959 221 997 262 (3
1034 219 1075 261 fis*
1111 221 1149 261 ti
1232 216 1266 259 l?
1305 218 1350 258 IJ'
1388 221 1420 261 13
1460 220 1492 262 t,
1537 223 1558 262 31
1587 222 1626 264 (3
1654 222 1702 265 zi.

2250 237 2300 283 73

0 307 127 341 Ann.D.
143 309 311 341 Confimilia
326 306 428 338 Brevia
446 305 604 346 diriguntur
619 306 818 338 Escaetoribus
831 307 1003 345 subscriptis,
1023 308 1055 337 in
1070 305 1202 337 Comita-
1240 303 1439 335 Concedimus
1460 306 1540 344 quod
1557 308 1645 339 iidem
1661 310 1822 339 Benedictus
1837 311 1870 342 ὃς
1886 306 2052 341 Laurentino*
2067 311 2112 342 seu
2128 321 2229 343 eorum
2255 315 2292 344 al·
2308 312 2384 343 Anu.
2402 308 2445 344 D·

1238 351 1282 372 ter
1298 342 1396 372 habeat
1411 344 1442 373 &
1457 347 1590 388 percipiat
1602 347 1637 377 de
1652 347 1755 385 Valore
1772 350 1805 379 &
1825 348 2025 380 AEstimatione
2038 352 2171 380 omniurn
2186 353 2220 382 ὃς
2237 352 2290 381 sm-
2329 360 2418 390 1494.

1237 380 1369 418 gulorum
1388 380 1534 412 Mercium
1549 385 1581 414 &
1596 384 1706 415 Rerum
1721 386 1887 424 Venalium‚
1906 398 1970 424 quae
1981 390 2010 417 in
2024 389 2106 419 dictis
2119 390 2291 424 Civitate&
2311 394 2373 417 Hm.
2394 399 2419 417 ³.

21 356 109 387 1493-

0 390 60 414 Hm.
79 395 107 422 7.

57 872 105 903 οἳ

0 941 72 974 Ααη.
87 940 130 971 D.

15 989 103 1018 1494·

0 1024 47 1048 dn.
62 1029 88 1053 9.

0 1063 30 1086 Η.
51 1068 76 1093 7.

0 1101 56 1125 Far.
77 1105 104 1130 9.

0 1139 34 1165 H.
47 1144 60 1169 7

0 1183 34 1202 rn.
47 1183 88 1209 ¹7·

309 347 383 377 tibus
398 345 571 385 subscriptis,
589 346 640 376 sub
655 347 757 378 eadem
774 346 871 384 Data,
889 345 1038 383 videlicet,

183 424 326 465 Efiaetori
340 425 417 460 Regis
433 425 462 452 in
478 426 550 452 Com
569 422 686 463 Somerfi
701 423 739 458 &¹
755 423 843 462 Dorfi

181 465 322 501 Esc'aetori
338 464 415 498 Regis
430 465 459 491 in
474 466 546 492 Com.
564 465 654 491 Oxon.
673 461 712 496 ῤ’
728 462 812 490 Berk.

181 502 324 540 Efiaetori
340 502 418 537 Regis
437 504 466 530 in
484 504 556 530 Com.
573 504 649 529 Surr.
669 499 707 534 ό»
724 498 825 538 Suffix.
1187 536 1191 540 ⁵

179 539 322 579 Escaetori
339 541 416 576 Regis
435 542 464 568 in
484 543 556 568 Com.
573 538 665 568 Glouc.
685 548 717 566 ac
733 536 866 566 Mart-hiis
881 533 992 565 Walliae
1012 534 1096 563 eidem
1117 537 1206 563 Comi-

247 581 321 606 tatui
338 577 542 615 adjacentibus,

184 616 289 646 Dilebio
304 619 382 652 Regis
396 616 504 654 Majori
520 618 652 645 Civitatis
658 613 721 652 fitae
746 611 894 642 Londoniae
913 621 944 641 ac
971 610 1112 650 Efiaetori
1129 613 1207 649 Regis

255 658 284 684 in
297 656 390 684 eadem
404 658 538 684 Civitate.

179 730 219 762 Et
237 731 411 762 Mandatum
426 729 468 762 est
482 729 642 767 MilitibuS,
660 730 721 761 &c.

429 855 479 886 De
500 850 724 898 Temporalibus
748 849 917 895 Commffls.

148 939 275 997 REX
289 940 441 976 omnibus,
458 937 492 968 ad
507 945 594 977 quos,
613 938 673 968 &c.
691 937 826 969 Salutem.

260 979 358 1010 Sciatis
376 977 473 1016 quod,
492 978 575 1007 certis
594 977 861 1007 considerationibus
882 977 951 1007 Nos
970 975 1120 1015 specialiter
1135 985 1201 1007 ῐῑιοἆ

145 1018 291 1055 ventibus,
309 1017 346 1047 de
361 1017 458 1047 Gratia
475 1016 568 1046 nostra
580 1015 708 1055 speciali,
726 1026 758 1046 ac
771 1025 805 1046 ex
825 1024 899 1046 certa
918 1016 1041 1047 Scientia
1063 1018 1097 1048 &
1119 1025 1201 1045 mero

144 1053 232 1085 Motu
245 1055 362 1094 nostris,
378 1053 580 1086 Conceffimus
595 1055 629 1084 &
651 1064 700 1092 per
725 1054 876 1085 Praelentes
901 1053 1098 1094 Concedimus
1121 1054 1203 1083 Dile-

143 1093 195 1123 ‹sto
211 1095 245 1125 &
260 1094 349 1124 Fideli
365 1093 535 1124 Consiliario
549 1092 648 1122 nostro
661 1095 777 1122 Henrico
798 1095 876 1123 Dene
896 1092 988 1123 Priori
1010 1092 1129 1123 Domus
1146 1093 1202 1122 sive

143 1131 287 1163 Prioratfis
300 1133 336 1163 de
356 1133 510 1172 Lanthony
526 1130 696 1161 Custodiam
709 1132 842 1162 omnium
852 1131 1070 1169 Temporalium
1085 1130 1203 1170 Episco-

143 1170 226 1208 patiis
242 1171 423 1210 Bangorensis
435 1181 506 1202 cum
519 1170 714 1208 Pertinentiis,
729 1180 762 1200 ac
779 1171 879 1199 omnia
900 1168 997 1199 Exitus
1018 1171 1051 1201 &
1072 1169 1204 1199 Proficua

142 1210 313 1241 eorumdem
327 1219 528 1248 quaecumque,
544 1218 656 1239 necnon
673 1209 864 1246 quascumque
878 1206 1029 1238 Portiones
1043 1208 1075 1238 &
1089 1208 1204 1239 Pensio-

143 1256 194 1278 nes
207 1258 272 1286 quae
287 1249 402 1286 Nobis,
421 1258 470 1287 per
482 1247 614 1277 Mortem
629 1247 721 1278 ultimi
738 1246 868 1286 Episcopi
879 1246 953 1276 Loci
968 1246 1097 1283 praedicti
1112 1247 1144 1277 &
1162 1256 1204 1275 ra·

143 1288 223 1318 tione
238 1288 400 1318 Vacationis
416 1287 543 1325 ejusdem
557 1284 759 1324 Episcopatus,
778 1285 873 1323 aliquo
890 1285 980 1315 modo
992 1285 1134 1323 pertinent
1148 1284 1205 1315 five

141 1327 281 1365 pertinere
295 1326 423 1364 poterint
435 1333 482 1356 aut
496 1325 617 1361 debent,

179 1363 351 1395 Habendam
368 1366 401 1396 &
414 1363 586 1395 Tenendam
599 1361 770 1393 Custodiam
793 1362 960 1400 praedi&am
980 1362 1064 1392 eidem
1089 1364 1207 1392 Henrico

146 1403 180 1433 ὅτ,
201 1403 351 1441 Affignatis
370 1402 423 1432 suis
438 1425 448 1440 ,
475 1403 530 1432 un‘a
551 1411 620 1432 cum
642 1401 774 1431 Exiribus
798 1402 832 1431 &
856 1401 995 1431 Proficuis
1014 1401 1174 1439 praediffis,
1191 1411 1208 1430 a

143 1449 277 1478 tempore
299 1441 403 1471 Mortis
429 1441 557 1478 praedicti
579 1449 668 1478 nuper
686 1439 842 1478 Episcopi,
865 1440 1000 1477 quamdiu
1023 1439 1207 1477 Temporalia

144 1480 281 1517 praedicta
297 1481 324 1509 in
340 1479 477 1509 Manibus
488 1478 589 1508 nostris
602 1478 778 1514 contigerint
791 1488 934 1509 remanere
949 1501 959 1516 ,
983 1477 1086 1515 absque
1111 1477 1206 1515 aliquo

145 1518 246 1548 Nobis
262 1518 306 1548 vel
322 1517 491 1548 Haeredibus
504 1517 604 1547 nostris
620 1526 672 1553 pro
689 1515 842 1546 Praemiffis
850 1516 1013 1546 Reddendo
1027 1525 1073 1546 aut
1086 1515 1208 1546 Solven-

142 1558 201 1594 do,
217 1565 264 1586 aut
278 1555 464 1594 Compotum
481 1556 546 1586 inde
558 1554 692 1585 faciendo
703 1578 712 1592 ,
730 1556 764 1584 ἃ
777 1554 880 1592 absque
900 1556 1096 1592 impetitione,
1114 1555 1206 1592 impe-

142 1594 290 1633 dimento,
310 1595 539 1632 perturbatione,
558 1594 603 1624 seu
618 1594 780 1632 gravamine
795 1592 898 1622 Nostri
917 1593 962 1622 vel
977 1592 1136 1623 Haeredum
1150 1603 1205 1623 no-

141 1632 282 1670 strorum,
296 1632 544 1671 Justiciariorum,
564 1632 763 1667 Escaetorum,
782 1630 1007 1669 Vicecomitum,
1025 1631 1206 1670 Ballivorum,

142 1672 188 1701 seu
205 1671 328 1702 aliorum
348 1671 564 1701 Officiariorum
587 1670 632 1700 seu
657 1668 859 1699 Ministrorum
881 1669 1045 1700 nostrorum
1069 1680 1219 1709 quorum«

143 1717 286 1748 cumque,
305 1709 344 1739 Et
360 1709 441 1748 quod
455 1708 577 1747 expressa
593 1709 700 1738 mentio
714 1708 751 1738 de
769 1717 839 1738 vero
853 1707 957 1738 Valore
968 1718 1064 1739 annuo
1079 1718 1127 1740 aut
1135 1709 1210 1739 Cer-

142 1749 264 1778 titudine
277 1748 495 1778 Praemifforum
513 1748 558 1777 seu
573 1747 690 1784 alicujus
705 1756 825 1785 eorum,
845 1756 893 1777 aut
909 1747 945 1777 de
962 1748 1019 1777 aliis
1036 1747 1131 1778 Donis
1150 1748 1207 1778 five

143 1786 386 1817 Conceffionibus
401 1786 485 1816 eidem
498 1788 616 1815 Henrico
633 1795 682 1822 per
699 1785 767 1815 Nos
790 1795 853 1815 ante
879 1786 942 1815 haec
966 1794 1096 1823 tempora
1118 1787 1210 1826 factis,

141 1825 172 1855 in
190 1824 374 1856 Praesentibus
387 1826 508 1854 minime
522 1824 596 1854 faita
611 1823 722 1861 existit,
740 1832 787 1853 aut
800 1823 894 1861 aliquo
910 1824 1022 1855 statuto
1037 1848 1047 1861 ,
1066 1825 1155 1863 Actu,
1174 1826 1208 1855 s1-

142 1873 180 1893 ve
197 1863 387 1894 Ordinatione
402 1863 468 1893 inde
481 1864 511 1892 in
528 1863 703 1892 contrarium
719 1861 810 1898 faeta,
830 1862 923 1901 edita,
939 1862 995 1893 five
1011 1863 1150 1903 ordinata,
1159 1873 1206 1895 aut

143 1902 235 1969 aliqua
247 1902 300 1932 aii-{t
317 1902 381 1938 Re,
400 1900 512 1939 Causa,
531 1901 575 1931 vel
591 1900 714 1931 Materia
734 1910 914 1940 quacumque
926 1923 936 1938 ,
954 1911 1014 1931 non
1030 1901 1171 1933 obstante.

199 1950 216 1968 n
231 1941 310 1970 cu'us
342 1942 404 1972 &c.

180 1951 276 2010 TesteJ
285 1963 368 2018 Rege
383 1977 457 2017 apud
474 1982 605 2009 Cantetur.
622 1977 750 2008 Decimo
763 1977 846 2008 tertio
861 1976 920 2008 Die
937 1977 1047 2015 Aprilis.

614 2057 668 2085 Per
686 2057 779 2092 Breve
797 2054 828 2084 de
844 2056 964 2085 Privato
979 2054 1078 2092 Sigillo.

460 2185 520 2217 Pro
544 2180 771 2217 Mercatoribus
794 2183 899 2216 Itali-e.

246 2270 279 2304 X
290 2271 440 2309 omnibus,
459 2269 494 2301 ad
510 2281 597 2310 quos,
614 2271 674 2303 &o
693 2269 827 2301 Salutem.

267 2310 344 2348 Qia
360 2310 486 2340 nonnulli
501 2309 678 2340 Mercatores
696 2311 730 2341 &
746 2310 790 2339 alii
804 2308 916 2339 Subditi
931 2308 1013 2346 hujus
1037 2307 1135 2345 Regni
1157 2318 1211 2339 tioi

150 2345 198 2378 stri
216 2349 328 2388 Angli-ae
347 2349 451 2380 habent
475 2350 666 2379 intentionem
683 2370 692 2386 ,
717 2347 786 2378 Deo
805 2348 918 2378 volente
933 2370 943 2386 ‚
963 2347 1058 2378 Partes
1076 2348 1210 2387 Exteras,

151 2389 275 2417 maxime
291 2387 359 2424 ipsas
372 2387 474 2426 Italiae,
493 2397 563 2417 cnm
579 2387 631 2418 suis
647 2387 764 2425 propriis
778 2386 822 2417 seu
839 2386 988 2417 conduffls
1002 2386 1035 2415 N
1038 2387 1146 2423 avibus,
1154 2385 1211 2416 Bo-

80 2446 88 2453 .
127 2445 132 2450 -
149 2426 208 2463 nis,
228 2427 261 2456 ὃ(
278 2426 427 2456 Mercibus
441 2426 629 2470 frequentare,
648 2434 678 2457 ut
693 2434 772 2455 tanto
787 2425 919 2456 libentius
933 2427 1041 2463 quanto
1056 2424 1210 2456 liberius&

149 2465 336 2494 commodius
355 2466 384 2494 in
406 2466 443 2494 eis
458 2488 467 2500 ,
487 2474 555 2494 cum
582 2466 647 2494 illuc
669 2465 872 2502 applicuerint,
897 2464 1021 2502 poterint
1041 2463 1211 2502 conversari,

28 2522 36 2529 ·
70 2518 73 2521 Δ
89 2523 96 2529 .
145 2503 275 2534 volente-3
287 2502 416 2540 ipsorum
432 2503 531 2539 Quieti
546 2504 579 2533 &
596 2502 718 2534 Utilitati
733 2512 870 2540 quantum
886 2501 1030 2541 possumus
1051 2502 1208 2540 providere,

144 2550 179 2571 ac
193 2551 242 2578 per
256 2541 457 2580 Experimenta
472 2542 588 2571 aliarum
602 2541 766 2571 Nationum
782 2551 833 2578 pro
847 2550 927 2571 certo
940 2542 1056 2571 scientes
1076 2550 1208 2579 oportere

146 2579 219 2610 inter
233 2580 304 2618 ipsos
316 2581 438 2617 aliquem
454 2579 654 2618 Magistratum
677 2579 847 2618 peculiarem
866 2580 932 2618 erigi
952 2581 986 2610 &
1008 2580 1113 2617 creari,
1130 2580 1210 2617 cujus

141 2617 260 2656 Judicio
274 2620 307 2649 ὅ(
327 2618 506 2648 Diffinitioni
521 2619 596 2648 Lites
609 2620 644 2650 &
654 2617 872 2654 Contentiones,
887 2628 954 2655 quas
969 2618 1040 2648 inter
1056 2618 1128 2656 ipsos
1135 2618 1210 2648 Sub-

147 2657 223 2686 ditos
237 2657 350 2687 nostros
364 2656 541 2687 Mercatores
557 2657 601 2687 seu
617 2658 699 2694 alios,
725 2657 794 2686 dum
816 2658 845 2686 in
869 2656 919 2686 illis
942 2655 1068 2687 Partibus
1089 2654 1208 2687 Moram

148 2697 297 2732 traxerint,
315 2696 431 2725 suboriri
446 2697 614 2735 contigerit,
631 2694 761 2729 submitti
772 2695 904 2732 debeant,

185 2734 322 2773 Cumque
337 2734 522 2764 intelleximus
538 2738 688 2764 Civitatem
704 2731 851 2773 Pisanum,
869 2734 942 2763 inter
955 2733 1005 2763 alia
1024 2732 1088 2764 loca
1110 2733 1210 2772 Italiae,

102 2796 107 2802 .
147 2774 274 2803 maxime
295 2777 309 2790 ⁴⁵
330 2773 479 2810 propitiam
495 2774 619 2803 futuram
634 2781 784 2814 aptamque
801 2773 834 2803 δε
849 2773 1072 2804 convenientem
1087 2782 1140 2810 pro
1149 2773 1211 2804 Re-

146 2810 261 2841 sidentia
277 2811 476 2841 Mercatorum
492 2811 659 2841 nostrorum
671 2811 847 2849 hujulmodi,

186 2848 234 2880 De
249 2850 271 2879 F
273 2849 439 2880 idelitatibus
454 2850 553 2887 igitur,
567 2850 759 2880 Probitatibus
772 2874 781 2887 ,
797 2851 829 2880 ὃ(
847 2850 963 2888 egregiis
976 2848 1002 2879 V
1004 2848 1210 2888 irtutibus,Di-

147 2887 288 2918 lectorum
303 2885 418 2925 Nobis,
436 2887 578 2917 Benedicti
592 2891 702 2916 Bonum·
717 2889 750 2918 &
766 2891 914 2917 Laurentii
929 2890 1040 2917 Bomuci
1061 2888 1208 2919 Mercato-

147 2937 211 2956 rum
228 2927 264 2957 de
280 2926 362 2956 Luca
375 2926 530 2963 pleniffirne
544 2926 738 2963 confidentes,
755 2926 790 2955 de
807 2926 906 2956 Gratia
922 2926 1016 2955 nostra
1028 2927 1156 2965 speciali,
1175 2927 1208 2957 &

147 2966 181 2996 ad
199 2966 338 2995 humilem
353 2964 594 3004 Supplicationem
611 2964 808 2995 Merca-torum
824 2964 920 3004 Regni
933 2964 1024 2994 nostri
1038 2965 1162 3003 Angliae,
1175 2966 1208 2995 &

145 3005 266 3034 aliorum
278 3004 467 3034 Subditorum
484 3003 648 3033 nostrorum
663 3003 757 3033 Partes
772 3002 875 3040 Italiae,
896 3003 929 3033 &
941 3003 1084 3042 praecipue
1100 3003 1210 3033 dictam

150 3046 304 3072 Civitatem
332 3045 461 3082 Pisanum
482 3041 661 3080 Portumque
683 3041 792 3071 ibidem
814 3041 962 3079 Partesque
980 3042 1137 3079 adjacentes
1154 3041 1210 3071 fre-

147 3082 360 3119 quentantium,
380 3080 592 3118 frequentareve
606 3082 634 3110 in
648 3080 743 3110 futuro
757 3079 933 3118 volentium,
949 3080 1020 3118 ipsos
1034 3081 1211 3110 Benedictum

148 3121 183 3150 ὅ(
198 3123 380 3149 Laurentium
394 3120 575 3158 conjunctim
593 3119 626 3149 &
647 3118 758 3149 divisim
779 3118 954 3149 Praeficimus
968 3141 978 3156 ,
995 3118 1207 3149 Constituimus

148 3160 183 3189 δε
200 3158 372 3188 Ordinamus
385 3158 523 3188 Consules
544 3158 576 3188 &
602 3157 784 3188 Praesidentes
803 3158 883 3195 supet
902 3157 994 3188 Fastis
1015 3158 1149 3188 omnium
1173 3158 1207 3187 &

147 3197 324 3235 singulorum
339 3196 525 3227 Subditorum
539 3195 701 3226 nostrorum
715 3196 748 3225 ad
763 3195 868 3226 dietam
885 3195 1042 3226 Civitatem
1059 3196 1209 3234 Partesque

146 3236 225 3274 illic,
242 3244 272 3266 ut
286 3236 482 3273 praemittitur,
500 3236 653 3273 adjacente:
669 3234 889 3272 confluentium,

184 3273 350 3312 Damusque
361 3274 394 3305 ὂς
409 3272 606 3304 Concedimus
620 3273 725 3304 eisdem
744 3274 888 3302 Benedidi‘o
903 3273 936 3304 ὃς
952 3275 1104 3303 Laurentio
1120 3272 1210 3303 &eo-

146 3321 210 3342 rum
226 3314 355 3350 utrique,
373 3320 511 3349 quantum
525 3313 554 3342 in
575 3312 672 3342 Nobis
687 3312 748 3350 est,
768 3312 939 3342 Facultatem
961 3313 995 3343 δε
1018 3311 1211 3350 Potestatem,

148 3350 269 3390 Causas,
288 3350 469 3390 Qiaestiones
480 3373 490 3388 ,
506 3350 719 3381 Controversias
737 3361 820 3389 atque
836 3350 912 3380 Lites
926 3374 935 3388 ,
953 3360 1020 3388 quas
1046 3351 1116 3381 inter
1135 3350 1209 3388 ipsos

147 3390 282 3421 Subditos
298 3390 412 3420 nostros
427 3391 457 3419 in
474 3389 601 3420 Partibus
616 3390 754 3427 praedicris
767 3390 878 3419 moveri
893 3389 1059 3428 contigerit,
1079 3389 1208 3419 Audien—

147 3428 197 3467 di,
212 3428 409 3466 Discutiendi,
436 3429 643 3466 Terminandi,
667 3429 700 3458 ὃ(
723 3427 894 3458 Diffiniendi
909 3450 919 3466 ,
942 3427 1094 3458 summarie
1116 3428 1149 3459 &
1173 3427 1208 3457 de

98 3488 101 3490 -
146 3467 254 3506 plano,
270 3467 327 3497 fine
339 3467 461 3505 Strepitu
479 3468 512 3497 ὃς
528 3466 613 3507 figura
625 3466 748 3505 judicii,
768 3468 898 3505 quotiens
919 3466 954 3496 ad
976 3466 1004 3496 id
1025 3475 1073 3504 per
1097 3466 1210 3496 alteram

146 3505 278 3536 Partium
293 3505 454 3543 hujusmodi
469 3505 674 3536 Diffidentium
694 3506 838 3544 requisitus
851 3505 952 3543 fuerit,
970 3513 1127 3542 caeteraque
1143 3514 1210 3534 om-

147 3544 196 3573 nia
210 3543 242 3573 &
258 3543 363 3582 singula
382 3544 533 3581 Faciendi,
551 3544 745 3582 Excercendi,
764 3546 796 3575 &
815 3543 1009 3583 Expediendi,
1026 3544 1085 3573 tam
1109 3544 1137 3572 in
1155 3542 1209 3581 Ju-

149 3582 229 3612 dicio
242 3582 327 3618 qu'atn
345 3590 435 3618 exrra,
451 3593 514 3620 quae
528 3584 561 3612 ad
580 3582 724 3613 Officium
740 3581 912 3613 Consulatus
923 3581 1212 3612 &Praesidentiaehu-

143 3620 273 3659 jusmodi
286 3619 401 3658 dejure
417 3621 461 3650 seu
475 3619 689 3651 Consuetudine
703 3622 818 3652 aliarum
828 3621 995 3651 Nationum
1009 3620 1131 3658 spectare
1145 3619 1211 3649 nos-

152 3668 267 3696 cuntur,

191 3696 364 3727 Mandantes
376 3696 510 3726 omnibus
531 3696 565 3726 &
585 3697 698 3733 fingulis
718 3696 844 3727 Subditis
862 3696 964 3726 nostris
983 3697 1146 3734 antedictis,
1161 3706 1212 3727 cu-

147 3736 316 3776 juscumque
330 3734 441 3772 Status,
457 3733 589 3772 Gradus,
608 3734 742 3772 Ordinis,
767 3734 919 3772 Dignitatis
933 3757 942 3772 ,
964 3735 997 3765 &
1021 3734 1210 3766 Praeeminen-

151 3777 198 3805 tiae
214 3775 350 3811 existant,
369 3776 428 3803 tarn
448 3771 657 3802 Mercatoribus
674 3775 759 3811 quam
775 3773 848 3809 aliis,
865 3773 913 3811 qui
941 3773 972 3802 in
993 3772 1090 3804 futuro
1114 3776 1147 3804 ad
1169 3774 1212 3803 di-

150 3812 232 3843 ἅπτει
247 3815 399 3843 Civitatem
416 3809 546 3849 Pifiznam
561 3810 719 3840 Portumve
734 3811 778 3841 seu
795 3811 875 3840 Loca
898 3810 956 3840 illic
979 3812 1129 3848 adjacentia
1149 3813 1209 3843 Ac-

152 3851 270 3889 cedere,
287 3850 485 3887 Concurrere,
504 3848 654 3886 Habitare,
669 3849 715 3878 seu
731 3849 865 3879 Refidere
888 3851 1062 3888 curaverint,
1085 3852 1214 3888 quatinus

151 3888 261 3919 eisdem
273 3890 417 3918 Benedieto
433 3889 466 3919 ὃς
482 3889 635 3916 Laurentio
652 3887 679 3915 in
703 3888 855 3916 excercitio
879 3886 929 3916 suo
951 3887 1054 3918 Officii
1072 3888 1211 3919 Consula-

153 3926 199 3958 tus
214 3927 346 3958 antedicti
361 3927 536 3958 Obedientes
561 3925 612 3954 sint
627 3947 636 3962 ,
662 3924 826 3955 Affistentes
840 3948 850 3962 ,
876 3926 910 3956 &
930 3924 1169 3963 obtemperantes
1183 3929 1213 3958 in

154 3966 309 4003 omnibus,
326 3975 411 4004 prout
429 3965 523 4003 decet,
655 3998 661 4000 ,

192 4003 249 4040 Et,
268 4005 331 4040 quia
343 4004 444 4043 dignus
455 4004 496 4033 est
512 4002 664 4040 Operarius
681 4000 830 4038 Mercede,
848 4009 930 4038 atque
947 4000 1033 4031 iidem
1050 4004 1213 4033 Benedietus

152 4043 186 4074 δε
202 4045 371 4071 Laurentius
393 4045 471 4072 tanto
499 4041 661 4079 diligentius
686 4038 828 4069 Officium
851 4039 1013 4077 hujusmodi
1038 4051 1091 4077 pro
1109 4043 1213 4073 Pacifi-

153 4081 248 4113 candis
260 4080 442 4110 Subditorum
458 4079 622 4110 nostrorum
637 4077 812 4108 Differentiis
827 4087 1008 4116 exequantur,
1021 4083 1128 4116 quanto
1144 4081 1211 4110 Me-

150 4123 201 4154 rita
220 4121 251 4149 ὃς
269 4118 365 4148 §mdia
382 4118 428 4146 sua
443 4119 478 4148 ab
492 4121 531 4150 eis
544 4118 647 4157 gratius
662 4117 800 4148 intellecta
811 4118 1012 4156 cognoverint,
1030 4117 1210 4149 Volumus&

201 4161 275 4188 Tom-
293 4159 326 4188 V-
345 4158 378 4187 P.
396 4158 446 4186 IV.

1238 420 1388 461 Portu'per
1401 418 1535 462 Subditos
1549 422 1659 452 nostros
1677 424 1835 461 hujusmodi
1855 427 1946 455 rnodo
1968 425 2143 457 Mercatorio
2162 427 2229 457 Emi
2246 437 2292 459 aut

1238 455 1334 500 Vendi
1349 465 1515 495 contlgertt,
1533 459 1678 494 ,Quartam
1691 463 1804 491 Partem
1817 467 1894 492 unius
1913 466 2016 492 Durati
2033 465 2065 494 de
2085 464 2202 505 quolibet
2221 469 2289 496 Cen-

1238 500 1345 522 tenarto
1362 497 1542 533 Ducatorum‚

1278 531 1464 576 Praesentibus
1477 534 1612 571 quamdiu
1625 535 1722 566 Nobis
1733 536 1865 575 placuerit
1883 539 1911 568 in
1925 539 2059 570 omnibus
2075 541 2108 572 &
2122 552 2171 579 per
2193 543 2290 573 omnia

1241 571 1380 613 valituris,
1398 572 1492 602 donec
1512 571 1559 602 has
1587 573 1692 603 Literas
1715 575 1820 605 nostras
1843 587 1890 613 per
1910 579 2114 609 intimationem
2132 581 2292 619 publicam,

1239 609 1343 639 eisdem
1358 610 1504 639 Benedit‘i‘o
1518 610 1551 641 &
1565 613 1716 640 Laurentio
1731 613 1885 643 faciendam
1895 638 1904 653 ‚
1923 615 1990 644 Nos
2002 625 2048 646 aut
2060 618 2154 655 aliquis
2173 619 2287 650 Succes-

1238 647 1333 678 sorum
1348 648 1513 678 nostrorum
1527 648 1645 687 Regum
1659 650 1771 688 Angliae
1784 651 1840 680 aliis
1854 651 1952 683 Literis
1967 653 2125 686 Parentibus
2134 657 2293 688 duxerimus

1239 696 1286 717 aut
1299 686 1406 717 duxerit
1420 686 1621 718 Revocandas.

1275 725 1310 756 In
1329 726 1421 762 cujus,
1439 726 1500 756 &c.

1293 763 1382 794 Teste
1394 764 1476 803 Rege
1492 763 1567 804 apud
1588 763 1857 805 Wstmonasterium,
1875 766 2008 797 vicesimo
2021 769 2097 800 sexto
2120 770 2165 802 die
2181 771 2291 810 Aprilis<

1683 843 1736 871 Per
1749 844 1842 871 Breve
1855 841 1888 871 de
1902 843 2022 872 Privato
2035 844 2132 881 Sigillor

1410 989 1460 1020 Do
1481 985 1740 1021 Gummunicando
1756 1000 1825 1022 cum
1844 991 1923 1035 Rege
1953 991 2122 1023 Scotorum.

1334 1073 1364 1104 X
1379 1073 1530 1110 omnibus,
1545 1072 1578 1103 ad
1597 1083 1685 1113 quos,
1702 1074 1764 1106 δίε.
1785 1073 1922 1105 Salutem.

1354 1111 1448 1141 Sciatis
1463 1112 1543 1149 quod
1558 1112 1627 1142 Nos
1636 1134 1645 1150 ‚

1239 1072 1324 1130 RE

1273 1149 1323 1180 De
1341 1150 1551 1188 Fidelitatibus,
1570 1149 1729 1187 industriis,
1754 1150 1788 1182 ὃς
1808 1151 1933 1191 providis
1955 1143 2096 1183 Circums
2108 1151 2267 1184 effionibus
2283 1177 2294 1192 ,
2313 1146 2388 1179 Ann.
2403 1150 2447 1182 D,-

1238 1186 1421 1218 Dilectorum
1435 1189 1468 1219 &
1482 1188 1620 1219 Fidelium
1639 1188 1874 1222 Conffliartorum
1887 1190 2065 1229 nostrorum,
2116 1193 2245 1223 everendi
2261 1195 2292 1224 in

2335 1196 2423 1224 149b

1238 1225 1355 1256 Christo
1368 1225 1455 1256 Patris
1471 1227 1581 1256 Ricardi
1595 1226 1780 1267 Dunolmenfis
1793 1228 1914 1267 Eptfiopi
1929 1228 2066 1260 Custodis
2085 1231 2191 1261 Privati
2212 1231 2365 1270 Sigilastn-
2384 1236 2411 1259 9-

1237 1264 1257 1294 li
1271 1264 1375 1303 nostri,
1392 1264 1498 1294 Thomae
1513 1268 1604 1295 Dacre
1618 1266 1654 1296 de
1669 1265 1764 1296 Dacre
1778 1266 1880 1297 Militis
1895 1267 2030 1307 Depurati
2044 1268 2295 1300 PraecariffimiSe-
2314 1268 2350 1292 Η·
2371 1273 2396 1299 7·

1239 1304 1424 1342 cundogeniti
1437 1303 1525 1333 nostri
1537 1306 1650 1333 Hemici
1666 1307 1752 1334 Ducix
1772 1305 1893 1334 Eborum
1914 1304 2050 1336 Custodi-s
2072 1307 2298 1339 Westtnerchia-
2315 1308 2382 1330 3⁶0¹*-
2402 1311 2429 1337 9·

1240 1352 1303 1372 rum
1320 1341 1479 1372 nostrarum
1497 1341 1589 1372 versus
1605 1342 1748 1380 Scotiarn,
1767 1342 1910 1373 Willielmi
1924 1344 2002 1382 ZJIer
2018 1342 2123 1375 Militis
2148 1345 2297 1384 Capitanei
2316 1345 2350 1368 Η·
2372 1349 2399 1375 7·

1241 1381 1323 1412 Villae
1340 1380 1373 1410 &
1388 1379 1481 1410 Castri
1495 1379 1657 1410 nostrorum
1671 1380 1808 1418 Berwici,
1824 1382 1962 1421 Cristofori
1974 1382 2116 1423 Moresby,
2135 1385 2168 1416 ὃς
2183 1385 2298 1424 Johan-
2317 1389 2354 1406 '⁷³-
2375 1388 2416 1405 *θ’

1241 1424 1282 1450 nis
1295 1423 1463 1459 Cartyngton
1478 1419 1723 1456 quamplurimum
1739 1419 1928 1458 confidentes,

1277 1457 1351 1496 Ipsos
1371 1456 1481 1486 nostros
1497 1467 1578 1486 veros
1591 1459 1624 1488 δε
1641 1458 1813 1488 indubitatos
1828 1458 1976 1497 Oratores,
1986 1458 2185 1493 Procuratores
2201 1462 2297 1494 Com÷

1242 1496 1400 1539 miffarios,
1419 1494 1594 1538 Deputatos,
1615 1495 1755 1535 Legatos,
1777 1497 1811 1526 &
1830 1496 1965 1527 Nuncios
1988 1498 2114 1536 speciales
2141 1485 2273 1532 Fadimus
2286 1526 2297 1541 ,

1242 1533 1468 1570 CenstituimuS,
1486 1533 1675 1572 Ordinamus,
1696 1534 1728 1564 &
1743 1533 1921 1571 Deputamus
1936 1545 1985 1574 per
2010 1536 2178 1577 Praesenres,

1280 1573 1389 1603 Dantes
1401 1572 1434 1601 ὃ(
1449 1571 1648 1602 Concedentes
1662 1572 1776 1609 eisdem,
1787 1573 1918 1611 Qiatuor
1934 1574 2081 1605 &Tribus
2095 1587 2194 1608 eorum
2207 1579 2217 1615 (
2227 1589 2299 1617 quo-⁷

1242 1621 1306 1642 rum
1322 1610 1468 1649 praefatum
1485 1610 1637 1648 Episcopum
1651 1620 1741 1640 unum
1753 1610 1806 1641 esst:
1821 1612 1970 1648 volumus)
1998 1613 2149 1649 plenariam
2172 1616 2300 1648 Potesta-

1244 1660 1302 1681 [em
1317 1652 1351 1681 ὅς
1374 1648 1580 1679 Audioritatem
1598 1668 1607 1687 ,
1632 1658 1665 1679 ac
1693 1648 1864 1679 Mandatum
1888 1650 2014 1687 generale
2034 1653 2067 1682 δε
2087 1653 2221 1692 speciale,
2246 1665 2301 1694 pro

1242 1689 1342 1720 Nobis
1357 1689 1390 1717 &
1405 1687 1539 1718 Nomine
1554 1687 1671 1725 nostro,
1691 1697 1760 1717 cum
1774 1686 1960 1719 Illustriffimo
1976 1688 2108 1729 Principe
2122 1691 2304 1730 consangui-

1245 1738 1300 1758 neo
1313 1727 1345 1758 ὃς
1361 1725 1514 1756 Confratre
1534 1725 1635 1756 nostro
1648 1726 1801 1756 Cariffimo
1815 1726 1921 1765 Jacobo
1936 1730 2070 1758 Scotorum
2083 1732 2163 1767 Rege,
2179 1733 2224 1762 seu
2243 1732 2302 1769 ejus

1245 1765 1431 1802 Oratoribus,
1449 1763 1698 1806 Procuratoribus,
1718 1763 1927 1795 Commissariis
1940 1788 1950 1803 ,
1969 1765 2120 1804 Deputatis
2137 1791 2147 1806 ,
2175 1769 2303 1809 Legatis,

1246 1806 1280 1835 &
1300 1804 1427 1834 Nunciis
1443 1803 1627 1833 sufficientem
1651 1802 1826 1833 Potestatem
1848 1804 1883 1834 &
1903 1803 2110 1841 Auctoritatem
2133 1807 2170 1837 ab
2197 1809 2302 1839 eodem

1245 1842 1466 1880 Consanguineo
1484 1841 1584 1871 nostro
1601 1841 1635 1872 ad
1649 1842 1708 1871 hoc
1722 1841 1902 1880 habentibus,
1918 1844 1976 1872 tarn
1993 1843 2029 1873 de
2045 1845 2078 1874 &
2094 1845 2174 1884 super
2189 1847 2208 1865 ³*
2227 1857 2303 1886 vera,

1245 1881 1344 1918 firma,
1363 1882 1396 1911 &
1412 1879 1477 1910 reali
1490 1880 1523 1910 &
1539 1888 1671 1918 perpetua
1694 1879 1769 1910 Pace
1785 1889 1868 1918 atque
1892 1879 2058 1913 Concordia
2079 1907 2088 1920 ,
2113 1884 2198 1923 quam
2216 1885 2252 1915 de
2269 1886 2304 1916 δε

1245 1919 1324 1957 super
1337 1919 1459 1958 Treugis
1474 1918 1508 1948 &
1522 1918 1696 1961 Guetrarurn
1712 1917 1914 1955 Abstinentiis,
1931 1919 2025 1959 Ligis,
2044 1921 2196 1959 AmicitiiS,
2213 1923 2303 1955 &In-

1245 1958 1417 1997 telligentiis,
1433 1966 1467 1987 ac
1482 1956 1799 1996 confoederationibus,
1814 1956 2045 1997 Imperpetutim,
2065 1960 2110 1990 vel
2127 1962 2161 1991 ad
2183 1962 2302 1993 Termi*

1244 2008 1315 2028 num
1330 1996 1406 2028 Vitae
1419 1994 1523 2025 nostrae
1540 1996 1573 2027 &
1586 1995 1657 2026 dieti
1672 1994 1886 2033 Consanguinei
1903 1996 2008 2035 nostri,
2032 1998 2075 2029 vel
2100 1998 2134 2029 ad
2160 1999 2305 2040 Longiora

1244 2037 1290 2067 seu
1305 2035 1424 2066 Minora
1439 2033 1604 2072 Tempora,
1619 2034 1695 2071 juxta
1711 2043 1814 2064 eorum
1829 2034 2027 2074 discretiones,
2043 2036 2177 2068 duraturis
2189 2061 2199 2076 ,
2218 2049 2251 2070 ac
2265 2040 2303 2071 de

1246 2074 1370 2113 &super
1388 2082 1491 2103 mutuo
1506 2073 1538 2103 &
1555 2073 1694 2103 amicabili
1706 2071 1864 2104 Intercursu
1886 2073 2032 2104 Mercium
2055 2076 2089 2106 &
2112 2075 2302 2110 Mercandisa-

1246 2123 1310 2144 rum
1324 2137 1334 2152 ,
1348 2116 1420 2142 inter
1433 2112 1492 2141 Nos
1505 2112 1539 2142 &
1555 2111 1655 2141 affetum
1667 2111 1894 2151 consanguineum
1910 2112 2043 2151 nostrum,
2059 2124 2092 2144 ac
2108 2114 2304 2154 Regnaffera

1247 2163 1308 2190 ras,
1326 2151 1483 2188 Dominia,
1499 2150 1618 2189 Patrias,
1637 2151 1670 2181 &
1685 2150 1765 2181 Loca
1782 2150 1876 2181 nostra
1891 2158 1974 2189 atque
1988 2153 2049 2189 sua,
2068 2152 2214 2193 Subditos,
2232 2155 2301 2185 Alli-

1248 2200 1345 2231 gatOS,
1362 2189 1516 2227 Varianos,
1534 2189 1671 2227 Amicos,
1686 2188 1925 2227 confoederatos,
1942 2190 1976 2220 &
1989 2190 2171 2224 Adhaerentes
2189 2193 2304 2224 nostros

1247 2238 1331 2268 atque
1344 2228 1407 2259 suos
1419 2226 1627 2267 quoscumque,
1644 2227 1780 2258 hincinde
1791 2227 1930 2266 ineundis,
1947 2231 2146 2270 percutiendis,
2162 2232 2303 2269 paciscen-

1248 2269 1308 2306 dis,
1327 2266 1481 2307 capiendis,
1502 2266 1724 2306 componendis,
1743 2266 1777 2297 &
1790 2265 1937 2304 habendis,

1284 2308 1330 2338 Ac
1345 2307 1380 2337 de
1393 2306 1427 2336 &
1437 2305 1518 2342 super
1529 2305 1665 2335 omnibus
1678 2306 1711 2336 &
1730 2304 1842 2343 singulis
1863 2304 2107 2339 Contentionibus
2123 2331 2132 2346 ,
2157 2309 2308 2348 Quaestioi

1246 2347 1346 2383 nibus,
1363 2344 1537 2375 Guerrarum
1553 2343 1780 2381 occasionibus,
1799 2343 1916 2386 Cauiis,
1934 2343 2081 2384 Qerelis,
2109 2346 2234 2386 Litibus,
2252 2349 2306 2379 At-

1246 2384 1403 2423 temptatis,
1417 2383 1450 2413 &
1467 2382 1644 2420 Demandis,
1662 2382 1718 2412 una
1731 2391 1800 2412 cum
1813 2381 1866 2412 suts
1882 2381 2127 2423 Circumstantiis,
2146 2385 2307 2424 Emergen-

1246 2425 1340 2461 tibus,
1359 2421 1572 2459 Incidentlbus,
1591 2420 1843 2460 Dependentibus,
1861 2421 1894 2452 &
1912 2420 2069 2460 Connexis,
2087 2433 2150 2461 quae
2163 2427 2307 2455 interNos

1247 2464 1280 2494 ὃς
1290 2459 1438 2500 praefatum
1455 2460 1680 2498 consanguineum
1695 2458 1828 2498 nostrum,
1842 2469 1876 2489 ac
1891 2459 2010 2498 Regna,
2027 2462 2138 2500 Terras,
2155 2462 2306 2502 Dominia,

1247 2501 1367 2537 Patri-as,
1386 2501 1419 2530 &
1436 2499 1517 2529 Loca
1534 2521 1544 2537 ,
1562 2498 1712 2540 Subditos,
1733 2497 1879 2540 Valsallos,
1897 2499 2050 2537 Alligatos,
2071 2499 2304 2542 Confoederaros,

1247 2540 1281 2570 ὃ(
1302 2539 1485 2570 Adhaerentes
1508 2536 1621 2567 nostros
1642 2538 1676 2567 &
1696 2540 1758 2566 tuos
1780 2540 1977 2574 quoicumque
1999 2538 2151 2577 praedictos
2171 2540 2306 2573 hincinde

1246 2578 1368 2615 pendere
1385 2575 1583 2615 dinoscuntur,
1597 2576 1670 2613 apud
1686 2574 1866 2618 Calflstreme‚
1887 2577 1988 2613 quinto
2010 2577 2126 2607 decimo
2147 2577 2206 2609 Die
2225 2579 2308 2618 Junii

1245 2617 1378 2656 proximo
1393 2615 1489 2646 futuro
1500 2637 1510 2652 ,
1528 2615 1575 2645 vel
1589 2614 1654 2644 alibi
1669 2615 1698 2643 in
1713 2613 1768 2643 alio
1792 2613 1879 2643 Loco
1899 2621 1945 2644 aut
1966 2614 2071 2654 Locis,
2096 2616 2130 2646 &
2156 2616 2308 2655 Tempore

1245 2656 1302 2685 five
1317 2654 1492 2694 temporibus
1514 2652 1766 2689 convenientibus,
1793 2660 1895 2682 mutuo
1915 2652 2032 2683 Assensu
2057 2655 2198 2692 utriusque
2218 2656 2309 2687 Partis

1245 2694 1372 2726 Partium
1387 2692 1583 2732 praedictarum
1597 2690 1760 2730 affignandis
1772 2691 1804 2721 &
1818 2690 1998 2728 deputandis,
2024 2691 2224 2724 Conveniendi
2243 2718 2253 2732 ,
2272 2696 2307 2726 ὃς

1247 2733 1318 2763 inibi
1333 2730 1500 2768 Tradtandi,
1519 2729 1778 2767 Communicandi,
1797 2727 2307 2771 Concordandi,Paciscendi,C0m-

1245 2770 1388 2841 pjonendi,
1405 2768 1647 2838 Αὲρυῃὲὶυαηάἰ,
1665 2777 1699 2798 ac
1720 2767 1843 2807 plenarie
1862 2767 1896 2797 δε
1920 2769 2028 2808 integre
2051 2768 2252 2801 Concludendi
2271 2772 2306 2803 ὅτ,

1281 2818 1436 2840 etermtnan
1457 2818 1465 2837 1

1287 2848 1333 2879 Ac
1347 2849 1433 2878 etiam
1447 2831 1533 2877 uiiam
1548 2846 1629 2876 aliam
1647 2847 1761 2875 Dietam
1780 2845 1811 2875 in
1840 2844 1941 2875 talitms
1969 2844 2055 2876 Loco
2079 2846 2113 2876 &
2131 2847 2305 2887 Tempore,

1248 2895 1332 2925 prout
1346 2887 1384 2916 eis
1399 2885 1501 2917 melius
1517 2885 1608 2915 visum
1622 2884 1706 2914 fuerit
1722 2885 1755 2914 ὃς
1769 2892 1903 2921 quatenus
1919 2892 1989 2922 opus
2001 2884 2099 2922 fuerit,
2117 2884 2305 2917 Statuendi&

1247 2924 1470 2964 Appunetuandi
1480 2946 1490 2962 ,
1506 2924 1539 2954 &
1555 2923 1625 2952 inibi
1639 2923 1674 2952 de
1687 2922 1720 2952 &
1736 2921 1816 2959 super
1829 2921 1964 2951 omnibus
1977 2923 2011 2952 δε
2028 2923 2138 2960 tingulis
2153 2923 2308 2955 Praemiffis

1247 2966 1280 2996 &
1294 2965 1329 2995 ab
1342 2965 1380 2993 eis
1393 2963 1630 3003 qualitercumque
1644 2959 1876 2999 Dependentibus
1885 2959 2042 2989 Traeiandi
2052 2983 2060 2997 ,
2077 2960 2307 2994 communican-

1247 3003 1294 3041 di,
1313 3000 1531 3038 Conveniendi,
1549 2998 1774 3036 Concordandi,
1795 2997 2028 3040 Appuntsstuandi‚
2046 3000 2078 3030 ὃς
2092 2999 2208 3031 finaliter
2221 3000 2307 3032 Con«

1247 3041 1379 3072 cludendi
1393 3041 1426 3071 δε
1442 3038 1632 3070 Terminandi
1648 3060 1658 3076 ,
1682 3045 1750 3067 curn
1771 3035 1976 3073 Prorogattone
1999 3036 2139 3076 Dierum,
2163 3039 2244 3069 Tem
2286 3057 2300 3064 -

1248 3090 1331 3117 rum,
1352 3080 1385 3110 δί
1400 3079 1561 3114 Locorum,
1578 3075 1776 3113 Praemiffaque
1794 3076 1894 3104 omnia
1906 3074 1940 3104 &
1955 3075 2058 3114 singula
2074 3076 2229 3116 Firmandi,
2268 3089 2304 3109 ο.

1247 3118 1383 3155 borandi,
1398 3119 1431 3149 &
1447 3115 1648 3153 Afl'ecurandi,
1667 3122 1750 3152 atque
1760 3112 1961 3152 Juramentum
1977 3114 2006 3143 in
2027 3115 2163 3145 Animam
2176 3116 2303 3148 nostram

1245 3156 1400 3188 Praestandi

1285 3179 1415 3226 Necnor'i
1429 3193 1465 3224 de
1479 3193 1512 3223 ὃ(
1528 3191 1606 3229 super
1620 3189 1779 3228 hujusmodi
1793 3189 1998 3228 Appunetuatis
2013 3191 2046 3221 ὃς
2067 3190 2226 3231 Conclufis,
2245 3200 2304 3224 cae·

1246 3234 1364 3272 terisque
1378 3232 1512 3263 omnibus
1524 3232 1558 3262 &
1574 3229 1684 3268 singulis
1696 3228 1842 3259 Praemiffa
1865 3229 2101 3267 qualitercumque
2124 3240 2304 3262 concernen-

1247 3274 1339 3309 tibus,
1358 3281 1423 3310 quae
1437 3280 1505 3301 cum
1517 3268 1637 3307 praefato
1653 3266 1848 3306 Confimguineo
1863 3266 1948 3305 nostro
1959 3289 1968 3303 ,
1986 3267 2030 3296 seu
2052 3270 2109 3305 ejus
2128 3268 2304 3300 Commissa-

1245 3313 1310 3349 riis,
1328 3309 1562 3341 Procuratoribus
1576 3330 1585 3345 ,
1603 3306 1750 3345 Deputatis
1801 3305 1926 3343 Legata,
1949 3306 1982 3335 &
2002 3304 2038 3334 N
2041 3307 2128 3336 unciis
2155 3308 2306 3339 antedictis

1246 3349 1465 3389 Appunetuata,
1479 3346 1680 3391 Concordatar,
1698 3346 1730 3375 &
1746 3329 1887 3387 Conclusa
1901 3344 2020 3386 fuerint,
2037 3344 2143 3387 Literas
2156 3346 2256 3376 validas
2269 3347 2304 3378 δε

1246 3388 1376 3419 efficaces
1389 3397 1442 3427 pro
1457 3386 1538 3416 Parte
1555 3384 1650 3414 nostra
1669 3382 1809 3413 [radendi
1825 3383 1858 3413 &
1876 3381 2071 3420 Deliberandi,
2099 3383 2132 3413 &
2155 3384 2305 3416 deliberari

1339 3427 1347 3455 i
1391 3426 1436 3456 ndi

1246 3427 1450 3502 Prisirdeiiiesque'
1460 3463 1522 3493 alias
1535 3460 1689 3492 confimilis
1701 3458 1818 3491 effecius
1836 3459 1868 3488 δε
1883 3458 1986 3497 vigoris
1997 3468 2032 3488 ex
2047 3459 2129 3491 altera
2144 3459 2230 3491 Parte
2246 3460 2306 3492 fieri

1247 3504 1441 3542 Requirendi,
1459 3501 1610 3541 Exigendi,
1626 3499 1769 3540 Petendi,
1782 3499 1814 3529 &
1831 3496 2014 3540 Recipiendi,

1286 3544 1323 3574 Et
1337 3541 1495 3581 generaliter
1514 3540 1610 3570 omnia
1631 3537 1777 3567 Praemissa
1794 3536 1828 3566 &
1845 3535 2059 3578 *Praetuttiorum
2088 3535 2192 3577 fingula
2217 3547 2304 3576 eaque

1248 3583 1488 3620 qualitercumque
1505 3576 1702 3617 concernentia
1717 3573 1868 3617 Faciendi,
1887 3573 2069 3611 Exequendi‚
2087 3576 2120 3607 &
2145 3576 2304 3615 Expediena

1248 3622 1293 3657 di,
1311 3621 1348 3650 ita
1363 3620 1397 3650 &
1414 3618 1517 3647 eodem
1533 3615 1625 3644 modo
1639 3618 1708 3643 licut
1724 3613 1794 3643 Nos
1809 3614 1856 3650 ipit
1871 3612 2026 3642 faceremus
2041 3613 2074 3643 &
2097 3613 2190 3644 facere
2208 3614 2304 3651 poste-

1248 3669 1310 3688 mus
1322 3659 1341 3688 si
1355 3659 1385 3687 in
1403 3656 1514 3696 propria
1527 3652 1648 3683 Persona
1659 3651 1754 3681 nostra
1768 3649 1961 3680 interessemus
1969 3673 1980 3688 ,
1998 3652 2083 3681 etiam
2096 3652 2130 3683 δε
2145 3653 2164 3682 fi
2181 3654 2243 3682 talia
2252 3653 2305 3683 sint

1249 3706 1312 3735 quae
1328 3696 1364 3726 de
1377 3695 1403 3725 sc
1424 3692 1591 3724 Mandatum
1608 3690 1694 3727 magis
1709 3690 1818 3727 exigant
1836 3689 1971 3725 speciale,

1285 3735 1485 3764 Promittentes
1500 3753 1509 3767 ,
1528 3729 1604 3759 bona
1627 3728 1696 3758 Fide
1718 3729 1751 3758 &
1775 3728 1804 3756 in
1822 3725 1924 3756 Verbo
1944 3726 2040 3766 Regio
2082 3728 2151 3759 Nos
2171 3727 2305 3768 Ratum3

1249 3773 1393 3808 Gratum,
1413 3773 1445 3802 ὅ(
1463 3770 1588 3800 Firmum
1602 3767 1743 3796 habituros
1755 3774 1850 3796 totum
1868 3765 1901 3795 δε
1923 3766 2037 3803 quicqui
2079 3776 2128 3805 per
2151 3766 2304 3806 Oratores,

1248 3811 1480 3846 Commillarios,
1500 3806 1673 3842 DeputatOS,
1695 3805 1813 3843 Legatos
1826 3826 1835 3841 ,
1853 3804 1887 3834 &
1908 3803 1943 3833 N
1946 3807 2045 3834 uncios
2067 3804 2177 3834 nostros
2195 3805 2304 3836 antedi-

1248 3851 1310 3880 c'tos
1328 3849 1453 3884 Actum,
1473 3843 1616 3880 Gestum,
1635 3842 1680 3872 seu
1693 3843 1882 3874 Procuratutn
1897 3842 1980 3873 fuerit
1993 3843 2023 3872 in
2038 3841 2197 3881 Praemiffis,
2214 3844 2261 3874 seu
2273 3853 2305 3875 a·

1247 3890 1326 3928 liquo
1340 3884 1559 3917 Praemifforum.

1269 3926 1319 3960 ,1η
1334 3927 1427 3961 cujus,
1444 3924 1505 3953 &c-
1902 3958 1907 3963 ,

1303 3963 1392 3997 Teste
1406 3962 1490 4000 Rege
1504 3957 1577 3998 apud
1594 3957 1861 3998 westmonasterium,
1879 3956 2016 3988 vicesimo
2030 3955 2155 3989 secundo
2167 3957 2217 3990 die
2223 3957 2308 3991 Maii,

1859 4035 1913 4063 Per
1930 4031 2012 4072 ipfitm
2029 4034 2134 4071 Regem.

2270 4152 2318 4181 De

2321 1859 2342 1879 ²¹³
2361 1856 2430 1890 ΧΠ.

2325 1907 2391 1935 555·
