2555 4266
163 150 240 190 144

28 266 115 301 146⁷.
159 261 299 300 utriusque
314 260 463 296 nostrum,
481 258 549 289 hinc
565 259 631 288 inde
643 259 794 295 habendo,

197 299 367 337 Caeteraque
381 298 479 328 omnia
494 299 527 328 ὃς
545 297 666 336 fingula,
685 307 751 335 quae
765 305 818 335 pro
833 295 917 326 Bono
928 294 1104 326 Intercursfis
1128 292 1231 333 praedi-

162 339 203 371 ἂί
220 339 370 369 necesfaria
384 338 489 367 fuerint
503 337 536 367 &
551 344 711 375 oportuna,
729 334 903 364 Faciendum
919 334 953 364 &
977 333 1214 370 Excetcendum,

202 378 422 414 Promittentes‚
442 374 519 406 bona
534 374 604 404 Fide
619 376 652 405 ὅ(
668 374 768 404 Verbo
781 372 895 411 Regio,
914 371 985 403 Nos
999 373 1111 403 Ratum
1125 395 1136 410 ,
1154 370 1232 401 Gra-

161 426 244 454 tum,
264 415 412 454 firmum,
428 415 462 445 ὃς
477 413 581 444 Stabile
594 413 737 442 habituros
750 420 847 441 totum
864 412 897 442 &
913 411 1047 449 quicquid
1063 421 1114 449 per
1139 409 1233 440 dieios

164 453 400 491 Commiffarios,
419 453 636 488 Procuratores,
654 450 687 480 &
710 450 869 486 Deputatos
890 449 1021 487 nostros,
1044 451 1132 487 0230,
1149 449 1234 487 [Sep-

164 492 258 532 tem‚]
279 496 352 531 Sex,
370 492 517 532 Qinque,
534 491 684 529 thuor,
701 489 733 519 &
749 492 813 517 Tres
826 497 947 526 eorum,
972 487 1107 517 Nomine
1122 487 1235 522 nostr0‚

167 533 278 563 Actum
293 531 350 562 sive
364 531 489 562 Getium
505 530 608 559 fuerint
622 528 652 557 in
679 526 848 565 Praemiffis,
875 527 931 558 five
953 526 1047 565 aliquo
1069 525 1236 556 Praemiffo-

165 581 240 602 turn.

202 608 236 639 ln
255 610 351 647 cujus,
384 609 448 640 &c.

223 647 312 678 Teste
329 656 359 679 ut
373 648 459 686 supra.

9 309 77 334 Em·-
95 315 123 338 4-

569 724 622 752 Per
638 721 720 762 ipsam
736 725 832 759 Regem
850 717 888 754 ὦ»
907 717 940 749 de
959 721 1053 756 Data,
1071 717 1134 754 &a

214 856 264 888 De
282 854 375 888 Salvo
393 850 545 886 Conduffu
561 861 617 896 pro
635 844 908 891 Ambaffiatoribus
927 849 1015 894 Regis
1043 846 1187 879 Francia.

10 942 90 973 Anu.
106 940 146 971 D.

33 981 122 1018 1467.

10 1023 63 1047 Aa.
81 1021 98 1045 6

234 940 260 971 E
270 940 301 971 X
311 965 319 977 ,
339 950 386 979 per
402 938 508 969 Literas
523 936 580 966 snas
594 933 738 972 Parentes,
757 944 806 972 per
822 932 990 964 Dimidium
1007 932 1129 973 Annum
1145 936 1239 973 proxi-

254 989 305 1009 mo
321 978 446 1008 futurum
461 978 618 1012 duraturas,
637 974 673 1005 de
687 973 787 1004 Gratia
800 972 846 1003 sua
861 972 987 1008 speciali,
1003 971 1123 1007 sulcepit
1143 977 1173 998 in
1189 967 1238 998 sal-

171 1028 242 1048 vurn
258 1019 289 1048 δι’.
304 1017 430 1047 securum
447 1014 639 1045 ConduCturn
657 1013 762 1050 Regis,
777 1021 809 1042 ac
824 1012 852 1041 in
869 1010 1103 1046 Proreetionem,
1121 1006 1239 1037 Tuitio-

10 1062 40 1085 Ε.
55 1067 83 1092 4.
170 1066 249 1093 nem,
268 1056 300 1086 δε
322 1054 528 1084 Lefeniionexn
544 1054 601 1082 suas
616 1052 744 1087 speciales
757 1049 933 1080 Lodowicum
941 1046 1108 1087 Bastardum
1123 1045 1238 1075 deBur-

11 1099 75 1124 lova.
92 1105 127 1124 m,
168 1095 219 1124 bon
234 1097 362 1124 Comitem
377 1094 408 1122 de
422 1091 565 1131 Rmffillon
582 1090 769 1131 Admirallum
786 1089 924 1125 Franciae,
940 1085 1114 1125 Magistrum
1124 1083 1241 1124 Johan-

12 1144 40 1172 3.
168 1145 228 1163 nem
252 1137 282 1162 de
305 1135 474 1171 Papa-nourr,
494 1131 666 1161 ijassssmum
686 1131 795 1158 Petrum
812 1129 958 1164 Poignant,
974 1124 1147 1164 Magistrum
1164 1123 1240 1153 Wil-

168 1171 286 1201 helmum
299 1175 456 1210 Campanis,
475 1171 506 1201 Sc
528 1196 530 1198 ,
555 1195 569 1197 ,,
582 1196 587 1199 ,
600 1170 696 1198 iarum
711 1165 873 1204 Johannem
888 1167 992 1202 Parys,
1008 1163 1191 1196 Confiliarios
1203 1173 1238 1194 ac

168 1209 388 1241 Ambaffiatores
404 1209 547 1240 Cariffimi
565 1207 776 1244 Com-anguinei
792 1207 869 1242 Regis
883 1205 1023 1233 Lodoewici
1035 1206 1161 1232 Franciae
1177 1202 1238 1233 Ad-

166 1249 275 1281 versarii
292 1248 400 1287 Regis,
419 1250 448 1278 in
462 1248 598 1286 Regnum
618 1244 710 1282 Regis
724 1243 858 1281 Angliae,
876 1252 909 1273 ac
922 1243 974 1273 alia
989 1241 1139 1279 Dominia,
1172 1239 1239 1271 uris-

166 1288 322 1325 diitionffi,
342 1288 374 1318 δε
391 1287 547 1317 Territoria
566 1284 654 1323 Regis
671 1291 879 1321 quaecumque,
896 1291 965 1311 cum
983 1280 1112 1311 C2ntum
1163 1280 1238 1311 erso-

172 1329 214 1358 nis
231 1327 258 1356 in
274 1326 424 1357 Contitiva
440 1326 502 1363 sua,
519 1323 579 1359 &a
596 1330 677 1361 prout
691 1326 721 1351 in
737 1324 839 1350 caeteris
853 1322 884 1349 de
896 1320 1033 1350 Conduc‘i‘u
1049 1321 1164 1350 Literis.

202 1364 293 1396 Teste
307 1365 388 1405 Rege
402 1364 477 1403 apud
500 1360 757 1402 westmonasterium
767 1383 777 1399 ,
794 1358 969 1390 duodecimo
984 1358 1030 1390 die
1048 1358 1201 1390 Februarii.

399 1443 453 1471 Per
471 1440 554 1480 ipfism
574 1442 688 1478 Regem,
707 1437 746 1474 (ῥ’
761 1437 793 1467 de
811 1440 893 1468 Data
903 1437 1055 1476 praedift'a,
1073 1434 1135 1472 &c.

13 1595 29 1608 ι
47 1592 102 1619 XL
319 1571 341 1594 *
351 1573 400 1605 Dc
418 1566 591 1604 Traezando
610 1579 682 1601 cum
698 1565 892 1611 Adverfizrio
907 1567 1048 1599 Francia.

12 1639 94 1707 5755
168 1657 296 1717 REX
310 1658 466 1694 omnibus,
483 1656 518 1687 ad
535 1665 625 1694 quos,
641 1654 702 1685 &c.
722 1652 856 1683 Salutem.

12 1706 91 1738 Am,
104 1705 145 1736 D,
246 1697 347 1728 Sciatis
362 1696 441 1735 quod
451 1719 460 1733 ,

34 1745 121 1784 1467,
206 1735 254 1766 De
276 1735 486 1772 Fidelitatibus,
511 1731 840 1769 Circumspeffionibus,
863 1730 897 1761 &
928 1728 1077 1760 Industriis
1104 1728 1240 1760 cariffimi

11 1788 65 1814 An,
86 1790 113 1813 6.
171 1773 382 1812 consanguinei
397 1772 485 1803 nostri
501 1771 633 1801 Richardi
651 1773 761 1799 Comitis
786 1771 949 1799 lVarrewici
971 1768 1010 1804 dn·
1031 1772 1130 1798 Sarum
1151 1768 1241 1805 Capi-

13 1828 44 1852 f.
62 1834 91 1859 4,
169 1815 244 1844 tanei
259 1812 351 1843 Castri
366 1814 399 1844 δε
416 1810 502 1840 Villae
517 1810 684 1840 nostrorum
701 1807 803 1838 Calefii
819 1807 961 1838 &Turris
977 1806 1082 1838 nostrae
1094 1808 1132 1838 de
1147 1807 1243 1843 Ruys-

10 1866 101 1890 franc.
118 1863 145 1890 6,
168 1853 243 1882 bank
261 1852 293 1882 ὃ(
310 1850 510 1881 Marchiarum
524 1849 633 1879 ibidem
649 1847 753 1885 Magni
774 1845 931 1877 Camerarii
954 1846 1084 1887 Anghae,
1109 1857 1163 1884 ac,
1186 1845 1243 1876 Di-

11 1905 42 1930 E.
60 1910 88 1936 4„
167 1891 309 1922 lectorum
324 1890 356 1921 &
374 1888 514 1920 Fidelium
528 1888 691 1918 nostrorum
702 1909 711 1923 ,
727 1885 871 1924 Johannis
890 1884 1002 1914 Wenlok
1026 1885 1131 1916 Militis
1150 1883 1241 1923 Capi-

13 1949 50 1969 m,
69 1949 111 1976 ¹7·
165 1931 225 1961 talis
238 1930 389 1960 Pincernae
404 1927 519 1967 Angliae
531 1950 540 1964 ,
558 1926 669 1955 Roberti
687 1927 841 1954 Harecourt
858 1923 970 1961 Militis,
990 1923 1120 1963 Magistri
1137 1923 1244 1954 Thomae

167 1971 244 1999 Kent
258 1968 370 2007 Legum
391 1966 550 2004 Doctoris,
574 1966 607 1997 &
633 1963 742 1994 Thomae
759 1962 822 1992 Colt
839 1985 848 2000 ,
876 1961 1112 1994 Confiliariorum
1130 1964 1245 1994 nostro-

168 2018 232 2039 rum

207 2030 285 2084 Ip'sos
299 2044 411 2076 nostros
426 2054 508 2076 veros
520 2044 553 2075 &
569 2043 740 2074 indubitatos
755 2039 1140 2080 Ambaffiatores,0ratores,
1148 2040 1246 2072 Com-

165 2086 322 2124 miffarios,
341 2084 516 2121 Deputatos,
533 2085 565 2114 &
583 2082 722 2112 Nuncios
758 2079 888 2119 speciales
910 2079 1062 2119 Facimus,
1086 2080 1245 2112 Constitui-

169 2134 253 2163 mus,
273 2124 306 2154 &
321 2123 499 2153 ordinamus
518 2132 566 2160 per
580 2120 751 2157 Praesente53

209 2162 318 2193 Dantes
333 2163 367 2192 ὃ(
390 2161 596 2192 Concedentes
622 2158 726 2190 eisdem
748 2156 1022 2196 Ambaffiatoribus‚
1049 2158 1221 2190 Oratoribus
1234 2182 1244 2198 ‚

171 2200 396 2240 Commissarirs,
417 2200 588 2238 DeputatiS,
606 2199 639 2229 δε
657 2198 692 2228 N
696 2198 786 2228 unciis
799 2196 915 2235 nostris,
934 2197 1074 2237 Qatuor,
1092 2196 1244 2237 Tr1bu5‚&

170 2240 280 2270 Duobus
293 2251 383 2270 eorum
401 2245 547 2277 (quorum
569 2237 719 2276 praefatum
745 2239 874 2265 comitem
895 2245 989 2268 unum
1013 2236 1071 2267 effe
1090 2237 1242 2273 volumus)

168 2280 281 2317 plenam
297 2278 472 2309 Potestatem
487 2279 519 2309 ὅ(
541 2276 754 2306 Auctoritatem
770 2284 803 2304 ac
813 2273 984 2305 Mandatum
999 2276 1126 2314 generale
1143 2276 1244 2315 &spe-

171 2318 241 2349 ciale
256 2318 290 2348 ad
306 2316 596 2348 Communicandurn
613 2316 646 2346 &
662 2314 862 2344 Tractandum
884 2323 953 2344 curn
976 2314 1129 2345 Cariffimo
1155 2314 1244 2346 Con-

168 2357 319 2394 sanguineo
332 2355 431 2387 nostro
445 2355 589 2386 Ludo-wico
603 2352 782 2392 Adversaro
798 2351 886 2390 nostro
901 2354 1084 2391 Franciae,seu
1100 2354 1159 2390 ejus
1171 2354 1243 2384 Am-

168 2396 380 2434 basfiatoribus,
399 2393 626 2430 Commiffariis,
646 2392 898 2428 procuratoribus,
916 2391 1082 2431 Deputatis,
1099 2392 1133 2422 &
1152 2392 1243 2424 Nun-

168 2436 238 2472 cirs,
254 2433 441 2464 sufficientem
454 2432 628 2463 Potestatem
643 2431 675 2461 &
700 2431 908 2461 Aucioritatem
929 2431 966 2461 ab
985 2432 1089 2462 eodem
1113 2429 1244 2463 Consan-

169 2474 277 2512 guineo
291 2472 390 2501 nostro
406 2471 551 2500 Lodewico
565 2470 599 2500 ad
616 2470 674 2500 hoc
688 2470 874 2505 habentibus,
889 2469 924 2499 de
941 2470 975 2500 ὅτ
990 2470 1069 2508 super
1084 2469 1160 2501 Pace
1180 2481 1243 2509 per-

171 2521 266 2551 petua,
284 2510 330 2540 seu
346 2510 467 2547 Trea-gis
482 2511 515 2540 &
531 2508 707 2538 Guerrarum
727 2507 928 2545 Abstinentiis,
948 2507 1030 2546 Ligis
1044 2510 1077 2539 ὃ(
1090 2510 1244 2549 Amicitiis,

170 2552 244 2581 inter
259 2548 344 2586 Nos,
360 2548 387 2578 R
427 2558 477 2586 na,
497 2547 601 2577 Terras
615 2570 624 2583 ,
643 2545 783 2576 Dominia
797 2569 806 2583 ,
827 2546 979 2584 Subditos‚
1008 2547 1132 2579 Amicos
1173 2550 1242 2580 Alli-

171 2598 268 2628 gatos,
289 2557 531 2624 Confoeederatos,
547 2586 700 2629 faventes,
718 2586 752 2616 &
768 2585 952 2626 Adhaerentes
965 2586 1076 2616 nostros
1090 2571 1244 2624 qudscum-

171 2637 240 2666 que,
258 2628 291 2658 ὃς
306 2625 460 2664 praefatum
479 2624 731 2663 Consangumeum
747 2627 876 2653 nostrum
893 2624 1078 2664 Lodowicum,
1098 2625 1246 2666 Regnum,

171 2666 294 2703 Terras,
313 2665 472 2702 Dominia,
490 2664 643 2701 Subditos,
662 2662 783 2692 Amicos
795 2685 804 2700 ,
823 2662 976 2701 Alligatos,
1003 2663 1245 2704 Confoederatos,

173 2704 330 2743 Faventes,
345 2706 379 2735 δε
397 2703 581 2733 Adhaerentes
598 2702 660 2731 suos
674 2700 888 2739 quoscumque,
906 2710 991 2738 prout
1006 2703 1112 2732 eisdem
1125 2703 1246 2735 Ambas-

173 2743 335 2781 siatoribus,
353 2742 542 2778 Oratoribus,
562 2739 791 2777 Commissariis,
810 2739 976 2778 Deputatis,
995 2740 1028 2770 &
1050 2740 1178 2773 Nunciis
1193 2753 1247 2773 no-

174 2781 254 2820 stris,
272 2781 424 2820 Quatuor,
442 2779 550 2810 Tribus
566 2802 575 2816 ,
593 2779 626 2810 &
649 2778 777 2809 Duobus
798 2787 899 2807 eorum
923 2778 932 2813 (
951 2788 1074 2815 quorum
1097 2782 1244 2817 praefatum

172 2824 304 2889 comigem
318 2829 411 2851 unum
427 2818 485 2849 effe
498 2818 649 2853 volumus)
664 2816 806 2849 videbitur
822 2816 996 2856 faciendum,
1014 2818 1142 2850 ineundis
1157 2822 1189 2852 &
1199 2831 1246 2851 ca-

193 2869 239 2890 ien
261 2869 282 2889 ις
975 2881 977 2883 .

171 2870 192 2898 P
215 2881 386 2935 Caetriraque
399 2898 494 2927 omnia
511 2897 544 2928 &
558 2895 679 2935 singula,
696 2903 762 2932 quae
777 2895 806 2924 in
821 2893 972 2924 Praemisfis
985 2894 1030 2926 seu
1051 2896 1129 2927 circa
1152 2906 1184 2927 ea
1200 2905 1246 2928 aut

174 2947 276 2969 eorum
291 2935 406 2974 aliquod
421 2936 571 2966 necesiaria
584 2935 689 2964 fuerint
701 2934 747 2963 seu
767 2933 989 2971 quomodolibet
1009 2943 1169 2974 oportuna,
1194 2936 1248 2966 Fa-

174 2975 314 3007 ciendum
330 2976 364 3006 &
379 2973 608 3012 Exequendum,
623 2981 708 3011 prout
724 2972 794 3002 Nos
807 2972 962 3003 faceremus
975 2972 993 3002 fi
1007 2973 1038 3003 in
1051 2975 1163 3014 propria
1179 2975 1248 3006 Per-

176 3014 246 3046 sona
259 3012 354 3045 nostra
367 3013 544 3052 personaliter
557 3011 767 3049 interessemus,

214 3053 436 3090 Prominemes,
454 3051 533 3083 bona
548 3051 633 3087 Fide,
652 3051 685 3081 &
700 3049 802 3080 Verbo
817 3048 913 3089 Regio
923 3073 933 3088 ,
949 3049 1019 3081 Nos
1032 3049 1154 3091 Ratum,
1171 3051 1247 3083 Gra-

176 3099 258 3128 tum,
276 3092 310 3123 ὅ(
324 3091 456 3121 Firmum
472 3098 608 3128 perpetuo
622 3089 769 3119 habituros
782 3096 876 3118 totum
891 3090 925 3120 &
939 3089 1075 3127 quicquid
1090 3099 1139 3129 per
1155 3092 1248 3123 dicius

178 3129 419 3168 Ambaffiatores,
437 3128 594 3164 Oratores,
612 3127 851 3164 Commiffarios,
867 3127 1045 3166 Deputatos,
1061 3129 1094 3159 &
1112 3129 1146 3160 N
1149 3132 1250 3160 uncios

179 3169 310 3207 nostros,
328 3167 465 3198 Nomine
479 3166 596 3204 nostro,
614 3164 724 3196 Aoum
734 3187 744 3203 2
763 3164 908 3205 Gesturn,
924 3165 970 3197 seu
983 3166 1177 3201 Procuratum
1191 3169 1252 3200 fue.

178 3209 217 3237 tit
229 3209 257 3237 in
275 3205 437 3237 Praerniffis.

215 3244 248 3275 ln
265 3247 354 3283 cujus,
371 3246 435 3276 &c.

236 3283 324 3315 Teste
344 3283 428 3324 Rege
451 3282 526 3322 apud
545 3281 823 3322 Wstmonasterium‚
845 3281 922 3313 sexto
936 3281 995 3313 Die
1015 3281 1097 3312 Maii.

434 3363 488 3391 Per
504 3359 588 3400 ipfitm
605 3362 713 3398 Regem,
729 3358 768 3394 ὠ·
780 3358 812 3388 de
827 3362 908 3388 Data
916 3359 1069 3398 praediila,
1086 3358 1147 3393 &c.

440 3490 488 3522 De
519 3491 641 3536 Magno
662 3486 767 3534 sigillo
784 3483 996 3521 Deliberando.

36 3579 113 3608 Ann.
125 3576 164 3607 D.
188 3574 281 3634 hflE
291 3582 381 3606 Mon
393 3580 547 3605 artuum
566 3574 659 3612 quod,

57 3616 142 3653 1467.
311 3612 371 3643 Die
387 3612 497 3654 Lunae,
516 3614 624 3642 offae-o
645 3615 699 3641 Ds'e
721 3611 807 3651 Junii
822 3634 832 3650 ,
856 3614 944 3641 Anno
966 3613 1079 3641 Domini
1094 3609 1254 3651 Milksimo,

36 3658 90 3682 Aa.
106 3664 130 3690 7.
195 3650 485 3691 Quadringenttssnm,
501 3651 664 3690 Sexagefimo
672 3651 802 3690 septimo,
821 3651 855 3681 &
874 3650 962 3680 Anno
978 3650 1074 3689 Regni
1089 3650 1181 3687 Regis
1196 3649 1256 3679 Ed-

36 3697 70 3720 Ε.
86 3703 112 3729 4.
194 3691 285 3720 ward
305 3691 408 3720 Ouarts‘
422 3688 571 3727 Septimo,
589 3691 662 3718 circa
690 3690 801 3719 Horam
825 3688 1026 3719 Undecimam
1047 3698 1111 3719 ante
1134 3687 1256 3718 Nonam

38 3732 125 3758 Clzut.
146 3740 171 3764 7.
195 3715 422 3767 ejufficnssDiei,
439 3728 469 3756 in
484 3726 605 3769 quadam
621 3727 673 3756 alta
698 3727 818 3758 camera
837 3729 911 3765 juxra
939 3726 1078 3766 Magnam
1103 3725 1255 3757 Cameram

196 3769 224 3796 in
243 3767 377 3804 Holpitio
403 3764 578 3795 Venerabilis
598 3763 687 3794 Patris
699 3768 805 3801 Georgit
821 3764 1021 3804 Archiepiscopi
1038 3765 1159 3794 Eborum
1179 3766 1257 3803 juxta

196 3803 452 3872 Ohary‘ng-Croffe
472 3804 502 3833 in
534 3802 684 3833 Comitatu
706 3802 898 3834 Middlesexiae
921 3813 991 3835 tunc
1012 3803 1179 3835 Cancellarii
1197 3805 1258 3834 An-

195 3852 213 3881 g
226 3853 268 3879 ¹²2,

233 3880 312 3910 Idem
329 3884 460 3910 Dominus
475 3883 535 3910 Rex
552 3878 697 3916 Magnum
715 3877 842 3917 Sigillum
858 3880 935 3910 suum
949 3880 1087 3920 Regium,
1104 3882 1135 3911 in
1151 3879 1258 3911 Custo-

196 3920 240 3951 dia
253 3921 333 3957 ipsius
349 3919 516 3949 Cancellarii
539 3927 607 3948 tunc
621 3917 757 3955 existens,
776 3917 854 3955 libia
876 3919 994 3956 praefato
1015 3929 1086 3951 tunc
1109 3917 1258 3950 Cancella-

197 3959 244 3988 rio
259 3957 328 3986 tradi
343 3958 375 3988 δε
395 3958 502 3987 liberari
523 3956 705 3986 demandavit
718 3978 728 3993 ,
753 3955 896 3984 carislimo
921 3957 1014 3988 Fratre
1039 3957 1127 3997 Regis
1148 3960 1259 3993 Georgia

200 3998 274 4026 Duce
296 3995 439 4023 Clarenciae
455 4017 465 4031 ,
492 3994 642 4023 lVillielmo
662 3992 807 4024 Arundell
819 4015 828 4030 ,
853 3995 970 4024 Henrico
997 3996 1082 4035 Effex
1103 3995 1261 4028 Senescailo

197 4033 321 4073 Hospitii
338 4032 446 4070 Regis,
465 4033 607 4064 Edmundo
619 4035 754 4071 Kantiae,
771 4032 804 4063 &
817 4030 948 4069 Johanne
964 4036 1134 4075 Wygorniae,
1153 4033 1258 4071 Comi-v

39 3773 70 3796 Ji.
87 3779 114 3803 4.

40 3816 77 3840 m.
97 3817 127 3833 12
147 3806 173 3835 d.

584 126 1377 184 CONVENTIONES,

12 227 84 256 dnn.
96 224 138 255 D.
158 223 226 254 dieti
242 220 450 260 consanguinei
464 218 554 250 nostri
570 222 654 250 Ducis
668 219 851 258 Burgundiae‚
870 228 905 250 ac
929 217 1012 249 Loca
1033 218 1067 249 δι
1089 217 1231 248 Dominia
1268 213 1360 249 tibus,
1380 208 1531 240 Willielmo
1544 209 1695 249 Hastrnges
1718 209 1755 240 de
1776 210 1871 249 Hasty

1466 124 1857 174 LITERAE‚

1699 251 1704 255 .
1831 248 1837 252 ,
1873 219 1944 248 riges
1965 210 2133 244 Camerario
2154 213 2262 253 Regis,
2287 212 2343 252 Jo-
2362 207 2495 247 Ar·n.D;

1275 250 1368 280 hanne
1381 249 1414 278 de
1429 247 1571 288 Audeley,
1588 246 1739 284 Humfirrdo
1754 248 1880 286 Stafford
1889 250 1925 279 de
1945 249 2103 290 Suthwyk,
2127 254 2243 282 Ricardo
2265 254 2348 292 Fenyr
2389 248 2477 286 1467.

1277 291 1314 321 de
1329 289 1425 319 Dacre
1434 310 1444 326 ,
1464 287 1587 317 Waltero
1605 289 1755 315 Devereux
1771 286 1907 316 Domino
1921 287 2215 328 Ferreys,Willielmo
2228 291 2349 321 Herbert
2364 288 2432 316 Edv.
2445 297 2475 322 4·

1278 328 1315 359 de
1330 327 1476 365 Herbert,
1494 326 1528 356 &
1545 324 1672 368 Waltero·
1683 323 1788 353 Blount
1801 324 1839 354 de
1857 323 2037 365 Mountioys‚
2053 328 2212 367 Militibus,
2229 330 2352 368 praesen-

1276 367 1370 436 bibus,
1389 367 1423 398 &
1437 364 1556 403 praefato
1579 362 1717 394 Domino
1738 361 1816 401 Regi
1835 370 1907 393 tunc
1929 363 2111 397 affistentibus
2130 368 2165 398 &
2188 369 2350 399 famulanti-

1299 415 1342 436 us:

1318 443 1383 482 Qi
1397 441 1514 481 quidem
1529 439 1749 483 Archiepifiopas
1761 438 1890 482 Sigillum
1912 439 2001 478 illud,
2023 442 2054 471 in
2076 444 2195 481 quadam
2217 445 2290 485 Baga
2312 446 2349 477 de

1277 481 1344 512 albo
1360 481 1455 512 Corio
1471 480 1626 517 inclusum,
1645 482 1679 511 ὅε
1691 480 1814 516 signeto
1829 477 1953 516 ejusdem
1968 479 2168 519 Archiepiscopi
2181 483 2336 522 sigillatum

1281 519 1400 558 praefato
1415 522 1528 549 Domini
1540 521 1606 556 Regi
1621 520 1649 548 in
1665 516 1773 548 Manus
1787 518 1843 547 suas
1858 518 1998 556 proprias,
2012 519 2090 557 juxta
2110 519 2283 553 Mandatum
2306 508 2351 554 su³

1281 558 1442 597 pradictum
1451 580 1461 595 ‚
1475 557 1581 587 adtunc
1596 555 1752 587 tradidit&
1767 555 1948 586 deliberavit:
2313 579 2327 590 ,

1320 596 1337 613 ’
1357 594 1500 632 Idemque
1514 598 1647 624 Dominus
1660 597 1720 623 Rex
1734 594 1864 633 Sigillum
1881 594 1965 632 illud,
1984 596 2014 625 in
2037 594 2110 634 Baga
2131 596 2177 626 illa
2197 598 2236 629 fic
2256 600 2350 631 inclu-
2367 601 2386 621 ³*
2407 599 2462 631 XL

1281 632 1345 664 sum
1358 633 1393 663 &
1410 633 1574 672 sigillatum,
1591 633 1625 663 &
1641 644 1656 663 a
1700 632 1784 671 aefato
1799 632 2005 672 Archiepiscopo
2021 643 2052 664 ut
2067 635 2240 672 praedletum
2254 633 2295 667 est
2309 649 2351 669 re-
2368 649 2384 677 5
2428 661 2435 667 .

1279 679 1418 711 ceptum,
1436 671 1620 716 suprascripto
1635 641 1764 708 Jssanm'
1779 671 1811 700 de
1825 672 1965 715 Audeley,
1982 672 2016 702 ad
2041 672 2265 712 Deportandum
2277 685 2347 707 cum
2388 650 2423 677 79

1279 710 1559 780 ἓὲᾖῗὲοᾶῡὲᾙῑὲῑῖι
1569 708 2353 784 {Zffisqzss'ce<13:²35ssssssssussmplgfifflnsffle‘ffisstse²

1279 796 1346 817 mm
1362 786 1577 818 Dominorum:
2191 761 2260 791 upra
2321 763 2341 784 ο

1320 825 1358 856 Et
1371 826 1401 869 in
1415 824 1553 869 Crastino
1566 825 1698 863 sequente
1709 824 1840 863 praefatus
1854 828 1987 857 Dominus
2001 830 2061 859 Rex
2072 853 2081 867 ,
2097 830 2126 860 in
2144 830 2267 868 quadam
2291 829 2350 862 Ca-

1284 873 1361 895 mera
1375 865 1500 894 interiori
1510 863 1584 894 infra
1598 864 1739 894 Palatium
1755 864 1838 894 suum
1853 865 2043 906 ptaediCtum,
2060 869 2089 898 in
2106 868 2249 905 praesentia
2261 869 2355 901 diver-

1218 928 1223 934 .
1283 902 1380 934 sorum
1393 901 1612 939 Domitiorum,
1626 902 1762 940 Judicum
1772 924 1783 940 ,
1801 904 1835 934 &
1852 902 2062 941 Magistrorum
2084 906 2289 947 Cancellariae,
2307 909 2354 939 Si.

1280 942 1381 985 gillum
1395 940 1634 983 praedicTtquin
1654 939 1730 976 Baga
1752 940 1887 984 praediola
1909 951 1939 972 ut
1960 944 2129 980 praediejtum
2150 946 2193 977 est
2213 947 2353 978 inclusum

1282 982 1316 1012 &
1330 980 1495 1023 sigillatum,
1514 978 1681 1018 praedrlecCto
1698 978 1817 1009 Clerico
1830 978 1881 1009 suo
1897 979 2039 1020 Magistro
2051 983 2167 1014 Robmo
2190 985 2341 1016 Kirkeham

1285 1018 1412 1050 Custodi
1428 1018 1608 1049 Rotulorum
1623 1017 1656 1047 &
1672 1017 1877 1061 Recordorum
1892 1017 2078 1052 cancellaria:
2097 1023 2169 1062 suae,
2185 1024 2219 1054 ad
2240 1010 2353 1063 tempo:

1283 1055 1669 1135 2²0⁰gc⁰iffiffia⁶slgt15ffissffl
1682 1055 1872 1135 {zisslflilss‘
1881 1055 2064 1137 'vrffiisssstflufi
2076 1061 2208 1101 P‘⁰P¹¹²'²²
2226 1063 2278 1094 sub
2286 1074 2352 1099 ‘⁰⁰‘-

1323 1175 1422 1214 That,
1441 1182 1470 1205 to
1482 1174 1530 1204 the
1549 1178 1639 1205 intent
1655 1174 1721 1203 that
1735 1173 1783 1204 the
1797 1177 1879 1204 Cours
1899 1172 1936 1213 of
1945 1174 1993 1205 the
2018 1177 2110 1207 Lawe
2130 1177 2192 1208 and
2209 1180 2357 1220 Ministra:

1284 1218 1344 1246 tion
1358 1214 1505 1256 ofJustice
1520 1217 1550 1244 in
1565 1225 1598 1243 no
1611 1211 1768 1252 wysefhall
1781 1213 1813 1242 be
1828 1212 1917 1242 letted
1936 1224 1967 1243 or
1987 1213 2113 1254 delayed,
2140 1219 2198 1246 into
2221 1217 2268 1247 the
2288 1218 2356 1250 hart

1284 1253 1321 1293 ⁰f
1327 1254 1371 1284 his
1387 1254 1541 1291 Subgettes,
1559 1251 1672 1292 hirftid
1683 1251 1863 1293 Kepershald
1870 1251 1946 1282 with
1959 1252 2006 1283 the
2013 1256 2093 1292 same
2104 1254 2169 1284 Seal
2186 1255 2246 1285 Seel
2256 1255 2357 1288 alma-

1284 1303 1334 1323 ner
1351 1295 1466 1323 Writtes
1481 1302 1639 1331 concernyng
1653 1298 1754 1319 maters
1769 1289 1804 1329 {gf
1810 1290 1933 1330 justice,
1950 1293 2094 1332 accordyng
2110 1300 2139 1322 to
2150 1293 2198 1323 the
2211 1294 2271 1325 olde
2277 1298 2361 1327 Cours

1285 1332 1345 1361 and
1360 1330 1487 1361 laudable
1503 1329 1624 1369 custume
1640 1328 1675 1368 qf
1682 1329 1724 1358 hir
1742 1328 1908 1370 Chauncery,
1926 1331 1986 1360 and
1999 1335 2077 1361 other
2092 1335 2205 1363 Lettres
2218 1335 2362 1375 Potentes,

1285 1381 1445 1409 concernyng
1460 1377 1562 1400 maters
1577 1370 1606 1407 qs
1619 1375 1706 1398 ‹arace
1722 1378 1751 1397 or
1770 1372 1901 1406 (iratam,
1917 1369 1949 1409 by
1963 1369 2109 1410 Jaffisbunt
2135 1373 2267 1402 PVarant.

1323 1413 1357 1440 So
1370 1412 1454 1447 that,
1468 1408 1498 1446 if
1507 1412 1531 1437 it
1544 1408 1647 1445 harpen
1680 1414 1846 1436 eraventure
1859 1408 1941 1445 that,
1961 1416 1993 1437 at
2014 1421 2066 1446 any
2085 1417 2155 1449 ryme
2195 1414 2219 1440 it
2229 1410 2312 1449 shall
2315 1412 2363 1450 Je-

1285 1459 1326 1490 me
1341 1456 1408 1478 unto
1426 1447 1468 1476 his
1481 1448 1625 1486 discretion
1639 1454 1652 1475 t
1672 1457 1685 1475 e
1701 1446 1854 1484 expedition
1868 1446 2056 1514 ofanyhfitche
2073 1434 2196 1479 lVarant
2211 1456 2240 1478 to
2255 1450 2285 1480 be
2295 1460 2361 1490 pre-

1276 1486 1411 1525 judiciall
1422 1497 1451 1516 or
1462 1484 1537 1524 gret!
1564 1482 1675 1523 hurtful
1687 1492 1753 1513 unto
1766 1485 1814 1514 the
1831 1483 1897 1524 Kyn
1925 1508 1934 1524 ‚
1953 1493 1966 1514 t
1987 1493 2020 1515 at
2045 1487 2112 1518 then
2135 1487 2169 1517 he
2192 1486 2296 1526 deferre
2314 1489 2363 1520 the

1285 1527 1438 1564 expedition
1459 1524 1494 1564 of
1507 1496 1553 1553 lde
1565 1523 1640 1562 fame
1663 1525 1785 1553 Warant
1803 1530 1869 1553 unto
1885 1530 1898 1552 t
1919 1535 1933 1552 e
1948 1531 2019 1560 tyme
2042 1525 2108 1555 that
2133 1526 2181 1556 the
2203 1526 2292 1567 Kyna
2330 1528 2364 1569 by

1284 1563 1509 1632 (aymhthezuipcjrz
1527 1566 1693 1593 acerteinted
1702 1585 1712 1600 ,
1730 1561 1847 1592 Declare
1862 1569 1929 1592 anto
1943 1561 2005 1601 hym
2018 1562 2061 1593 his
2075 1567 2118 1595 W
2117 1564 2163 1595 ille
2176 1567 2236 1596 and
2250 1553 2365 1607 PJeaser

1286 1610 1340 1633 mt
1361 1610 1393 1632 at
1425 1614 1437 1632 e
1458 1614 1475 1631 a
1488 1612 1543 1631 ve:

1324 1642 1401 1671 And
1410 1641 1475 1671 that
1487 1640 1521 1670 he
1535 1639 1578 1679 use
1594 1647 1642 1670 not
1654 1638 1701 1681 {he
1708 1638 1775 1682 seit(
1787 1639 1861 1678 Seel,
1880 1650 1930 1671 nor
1947 1641 2025 1671 make
2039 1642 2176 1673 therwith
2193 1656 2248 1684 any
2268 1655 2364 1675 maner

1286 1679 1418 1720 Sealyng‚
1435 1680 1484 1710 but
1495 1683 1525 1710 in
1539 1679 1586 1708 the
1594 1686 1645 1716 pre
1659 1689 1720 1708 ente
1735 1680 1764 1717 qt
1778 1678 1871 1709 th'Erl
1887 1679 1924 1709 of
1938 1679 2040 1717 Effex‚
2059 1681 2139 1712 Lord
2155 1681 2364 1723 Hastyngs,Sir

1283 1718 1365 1758 John
1383 1719 1496 1758 Fogge,
1514 1717 1574 1748 and
1586 1720 1630 1746 Sir
1661 1717 1721 1746 ohn
1737 1717 1855 1755 Scotte,
1873 1717 1961 1756 ware,
1985 1722 2070 1758 Two,
2089 1730 2120 1750 or
2145 1724 2206 1751 One
2229 1720 2264 1760 of
2276 1721 2336 1752 hem
2349 1733 2359 1740 ·

1280 1757 1314 1797 fh
1331 1757 1396 1787 that
1411 1768 1483 1787 anon
1494 1781 1503 1792 ,,
1514 1754 1674 1795 forthwr'th
1687 1766 1719 1784 as
1731 1754 1778 1784 the
1795 1755 1909 1796 Sealyng
1911 1755 1990 1794 shall
2004 1757 2034 1787 be
2050 1758 2117 1788 doon
2132 1759 2193 1789 and
2208 1761 2298 1791 ended
2325 1745 2362 1791 h}

1280 1795 1358 1835 fhall
1371 1796 1448 1826 make
1461 1795 1509 1826 the
1515 1794 1581 1835 fi’t'd
1590 1792 1655 1823 Seal
1666 1800 1694 1823 to
1709 1793 1740 1822 be
1751 1800 1833 1831 purte
1846 1798 1940 1832 ageine
1956 1798 2014 1824 into
2036 1795 2084 1827 the
2105 1799 2199 1835 Bagge
2215 1820 2225 1836 ‚
2242 1784 2365 1829 and'the

1281 1836 1361 1875 firme
1377 1838 1485 1873 Bagge,
1494 1836 1528 1873 Jo
1542 1840 1653 1872 contem
1669 1843 1705 1869 ng
1721 1832 1768 1862 the
1774 1832 1853 1870 firme
1867 1832 1954 1871 Seale,
1968 1840 1996 1862 to
2013 1833 2044 1863 be
2050 1834 2149 1873 sealed
2159 1835 2232 1865 with
2245 1836 2286 1866 his
2293 1837 2358 1867 Sea!

1289 1874 1352 1904 and
1362 1874 1435 1904 arth
1449 1874 1497 1903 the
1509 1871 1598 1903 seales
1613 1883 1626 1900 o
1655 1870 1746 1911 theym
1758 1881 1789 1901 or
1803 1870 1867 1910 hym
1887 1870 1979 1902 which
1991 1871 2071 1912 shall
2090 1873 2122 1904 be
2136 1876 2248 1914 present
2267 1873 2303 1915 of
2316 1862 2367 1907 11πέ

1291 1912 1405 1953 Perfims
1417 1913 1505 1942 above
1513 1909 1640 1950 rehersed
1645 1920 1655 1938 .·

1329 1952 1405 1982 And
1415 1951 1482 1980 that
1496 1950 1542 1980 the
1556 1949 1614 1980 seid
1633 1947 1748 1986 Keoer,
1766 1959 1847 1990 every
1863 1950 1916 1990 day
1939 1948 2028 1989 before
2048 1951 2144 1990 night,
2159 1950 2240 1989 shall
2259 1952 2367 1984 deliver¹

1291 1998 1320 2021 to
1335 2001 1384 2020 oon
1401 1989 1437 2029 of
1444 1989 1490 2019 the
1500 1989 1561 2028 leid
1570 1987 1719 2026 Perfonnes
1737 1986 1784 2016 the
1788 1988 1854 2025 Jeid
1867 1992 1960 2026 Bugge
1982 1989 2055 2018 with
2075 1990 2123 2020 the
2147 1992 2256 2030 Kynges
2278 1996 2365 2022 Grete

1290 2028 1514 2069 Sealfivfi’aled,
1531 2038 1563 2057 as
1577 2030 1600 2056 is
1613 2026 1701 2056 above
1712 2034 1842 2066 wretyn,
1859 2029 1919 2057 and
1933 2035 2002 2065 upon
2018 2027 2067 2057 the
2081 2031 2208 2058 Morowe
2222 2027 2367 2071 folowyng

1291 2079 1400 2137 receyze
1409 2072 1432 2098 it
1445 2071 1555 2109 ayeine,
1572 2065 1631 2096 and
1639 2068 1663 2096 it
1678 2064 1730 2105 Ufi·
1745 2065 1805 2096 and
1816 2069 1928 2106 Occupze
1942 2069 1971 2097 in
1987 2076 2096 2098 manere
2120 2067 2182 2098 and
2190 2066 2283 2108 firme
2297 2069 2367 2100 abo-

1292 2119 1328 2138 ve
1343 2120 1366 2137 er
1394 2119 1402 2137 ;
2100 2113 2103 2117 ’
2313 2116 2318 2119 ·

1322 2110 1420 2184 (And,
1439 2155 1506 2177 over
1521 2144 1593 2184 this,
1610 2143 1659 2175 the
1682 2142 1776 2183 Kyng
1796 2143 1906 2174 Willed
1923 2144 1984 2174 and
1999 2145 2201 2176 Commaunded
2219 2146 2283 2176 ther
2303 2147 2366 2177 and

1291 2185 1396 2216 tha-:ne
1408 2184 1474 2215 that
1490 2183 1532 2214 all
1546 2194 1654 2213 manere
1668 2186 1779 2212 Maters
1790 2205 1800 2221 ,
1823 2190 1852 2213 to
1885 2184 1917 2213 be
1947 2184 2110 2214 Examined
2140 2184 2202 2213 and
2221 2188 2262 2215 Di
2275 2185 2366 2225 cuffed

1290 2229 1319 2255 in
1333 2224 1375 2254 his
1391 2227 1475 2254 Court
1491 2221 1527 2262 of
1533 2222 1687 2261 chauncery
1695 2245 1705 2261 ‚
1712 2220 1801 2260 fhuld
1815 2222 1847 2252 be
1858 2223 1993 2252 DireHed
2002 2222 2065 2252 and
2078 2225 2236 2252 Determine
2271 2235 2364 2255 accor-

1289 2265 1357 2305 dyng
1372 2270 1400 2293 to
1415 2265 1518 2304 Equite
1530 2262 1588 2291 and
1601 2261 1771 2300 Confitente,
1794 2262 1855 2290 and
1876 2268 1904 2291 to
1916 2260 1963 2290 the
1986 2261 2034 2290 old
2050 2264 2133 2291 cours
2155 2261 2216 2292 and
2235 2262 2363 2293 laudable

1291 2304 1412 2342 Custume
1430 2308 1460 2342 ο]
1476 2301 1524 2330 the
1532 2299 1611 2340 firme
1625 2303 1709 2330 Court
1724 2310 1735 2337 ε,
1744 2299 1778 2338 so
1801 2299 1867 2329 that
1912 2298 1943 2339 tf
1955 2302 1984 2329 in
2004 2310 2058 2340 any
2073 2298 2156 2338 Jr'tche
2176 2303 2287 2331 Maters
2309 2313 2364 2342 any

1290 2340 1440 2380 Drfficultie
1458 2350 1488 2369 or
1505 2339 1638 2380 §Question
1651 2342 1679 2368 in
1693 2337 1740 2368 the
1756 2341 1849 2368 Lawe
1865 2322 1902 2367 h⁷a
1936 2349 1969 2368 en
1986 2345 2014 2368 to
2031 2339 2087 2379 ryse
2103 2360 2113 2376 ,
2130 2337 2194 2368 that
2213 2338 2246 2369 he
2269 2340 2364 2371 theria

1289 2381 1353 2410 take
1370 2379 1516 2410 th'Advis
1532 2378 1591 2407 and
1601 2377 1718 2417 Counsel
1729 2376 1844 2416 officrne
1859 2375 1911 2416 oft
1932 2388 1945 2406 e
1959 2378 2068 2418 Kynges
2087 2376 2209 2415 Justices
2219 2390 2230 2418 3
2241 2377 2275 2418 fit
2295 2378 2362 2410 that

1288 2418 1374 2458 Rigkt
1390 2419 1450 2448 and
1461 2416 1570 2457 Justice
1582 2428 1643 2457 may
1656 2417 1689 2446 be
1701 2416 1778 2456 duegy
1791 2417 1932 2457 minzstred
1942 2423 1971 2446 to
1983 2426 2066 2456 every
2081 2417 2167 2447 Man.

1327 2500 1373 2532 Ac
1385 2498 1481 2539 postea
1499 2498 1669 2537 (videlicet)
1691 2498 1816 2538 chessmo
1831 2501 1888 2528 Die
1903 2497 1990 2537 Junii
2005 2506 2074 2529 tunc
2093 2499 2227 2536 proximo
2244 2498 2363 2538 sequen-¹

1289 2548 1318 2571 te
1325 2538 1465 2579 prefatus
1484 2537 1592 2577 custos,
1610 2539 1640 2567 in
1659 2536 1785 2568 Cameta
1806 2537 1988 2568 Parliamenti
2000 2558 2010 2574 ‚
2033 2538 2063 2567 in
2105 2536 2230 2568 raesentia
2251 2537 2362 2569 Domi-

1290 2588 1396 2609 norum
1410 2576 1602 2617 Spiritualium
1618 2576 1652 2607 &
1674 2575 1893 2613 Temporalium
1914 2584 1985 2606 tunc
2008 2584 2066 2614 prae
2079 2575 2208 2613 entium,
2231 2575 2363 2615 Sigillum

1291 2616 1464 2657 praedjctum
1480 2639 1491 2654 ,
1514 2617 1544 2645 in
1565 2615 1658 2645 forma
1677 2614 1815 2656 praedksta
1837 2614 1975 2645 inclusum
1994 2613 2029 2644 &
2049 2613 2215 2652 figulatum,
2241 2616 2362 2654 praefato

1289 2659 1407 2687 Domino
1423 2657 1490 2692 Regi
1506 2655 1537 2684 in
1556 2653 1662 2684 Manus
1675 2657 1734 2683 luas
1748 2653 1875 2691 proprias
1889 2661 1959 2683 tunc
1975 2651 2009 2682 &
2030 2653 2138 2682 ibidem
2161 2652 2346 2686 deliberavit:

1329 2694 1402 2732 Qio
1418 2702 1541 2731 accepto
1556 2692 1633 2722 idern
1650 2694 1783 2722 Dominus
1796 2694 1858 2720 Rex
1872 2690 2002 2730 Sigillum
2021 2690 2194 2729 praedidcum
2210 2701 2285 2723 extra
2307 2692 2362 2724 Ba-

1290 2742 1359 2771 gam
1372 2731 1540 2771 praedietam
1554 2731 1659 2762 exuahi
1674 2732 1809 2768 praecepit
1822 2730 1856 2761 &
1874 2729 2037 2767 mandavit,
2057 2731 2091 2762 ὃς
2111 2730 2214 2760 eodem
2238 2731 2337 2771 Sigillo
2350 2754 2363 2771 ‚

1291 2773 1329 2802 fic
1345 2770 1484 2808 exemero,
1501 2770 1743 2809 sacramentoque
1756 2769 1933 2800 Venerabilis
1948 2767 2038 2799 Patris
2048 2768 2159 2798 Roberti
2173 2769 2294 2810 Eptfiopi
2300 2772 2362 2800 Ba-

1291 2810 1401 2840 thonien
1413 2819 1435 2838 ις
1448 2808 1485 2843 ὠ·
1502 2807 1657 2849 Wellenfis,
1675 2817 1760 2848 prout
1777 2808 1867 2838 moris
1881 2807 1941 2846 est,
1958 2808 2033 2846 prius
2046 2815 2168 2845 accepto
2188 2808 2225 2839 de
2246 2808 2361 2839 Officio

1291 2849 1397 2879 Cance
1434 2846 1519 2879 riatfis
1533 2848 1644 2886 Angliae
1658 2845 1776 2878 fideliter
1801 2846 1934 2877 faciendo
1956 2847 1990 2876 &
2012 2845 2206 2884 observando,
2231 2846 2364 2884 praefatus

1293 2891 1426 2919 Dominus
1438 2889 1497 2917 Rex
1513 2886 1589 2917 idern
1607 2886 1739 2925 Sigillum
1757 2883 1879 2924 praefato
1901 2884 2026 2924 Eptfiopo
2047 2893 2079 2916 ut
2096 2883 2276 2916 Cancellario
2296 2885 2364 2922 An:

1293 2927 1357 2967 gliae
1375 2925 1609 2957 custodiendum
1623 2925 1657 2956 &
1672 2924 1890 2963 Occupandum
1902 2924 2032 2955 tradidit:

1332 2965 1458 3006 Idemque
1473 2962 1615 3003 Epifiopus
1630 2963 1762 3003 Sigillum
1779 2963 1948 3002 praedietum
1964 2962 2001 2993 de
2019 2961 2159 3002 praedffio
2172 2964 2290 2991 Domino
2307 2964 2362 2992 Re-

1290 3015 1323 3042 ge
1337 3005 1459 3042 recepit,
1477 3004 1511 3035 &
1525 3006 1553 3034 in
1569 3002 1590 3033 Β
1626 3012 1672 3032 am
1688 3001 1855 3040 praedidam
1869 3001 2013 3038 reimponi
2029 3001 2063 3031 &
2077 2998 2215 3030 reincludi
2229 3000 2315 3036 fecit,
2325 3003 2362 3033 &

1292 3043 1392 3082 Sigillo
1403 3043 1452 3073 suo
1465 3043 1582 3081 proprio
1622 3050 1703 3080 agam
1735 3040 1883 3071 &dietam
1901 3039 2043 3078 sigillavit,
2061 3038 2095 3069 δε
2115 3037 2202 3076 usque
2225 3039 2261 3069 ad
2282 3039 2363 3070 Hos-

1293 3083 1397 3121 pitium
1412 3081 1537 3111 suumin
1552 3079 1689 3111 Parochia
1726 3079 1802 3110 aneti
1817 3077 1975 3109 Clementis
1995 3076 2148 3108 Dacorum
2163 3099 2173 3114 ,
2197 3085 2273 3108 extra
2295 3077 2363 3109 Bat-

1294 3130 1355 3152 ram
1371 3119 1461 3151 Novi
1477 3119 1597 3156 Templi
1613 3118 1793 3155 Londoniae,
1810 3117 1908 3148 secum
1922 3115 2051 3155 asportari
2065 3115 2149 3145 fecit:

1332 3158 1389 3198 Et,
1408 3161 1436 3188 V
1436 3157 1534 3198 icefimo
1541 3157 1659 3197 secundo
1677 3160 1732 3187 Die
1746 3155 1846 3195 Junff,
1864 3163 1933 3186 tunc
1945 3154 2081 3192 proximi)
2102 3153 2233 3192 sequente
2248 3177 2258 3192 ‚
2282 3155 2362 3186 idern

1303 3196 1513 3234 cancellarius,
1529 3198 1559 3226 in
1576 3194 1663 3226 Curia
1678 3194 1863 3226 Cancellariae
1881 3192 2012 3230 praedicti
2034 3191 2160 3222 Domini
2179 3192 2270 3232 Regis
2289 3194 2366 3233 apud

1295 3234 1608 3272 westmonasterium,
1625 3233 1758 3274 Sigillum
1777 3232 1944 3271 praedidtum
1968 3240 2044 3261 exrra
2064 3229 2171 3269 Bagam
2195 3231 2366 3270 praedictam

1297 3275 1402 3305 extrahi
1420 3274 1486 3305 fecit
1498 3274 1531 3304 &
1547 3272 1665 3309 assumi,
1683 3273 1716 3304 ὃς
1731 3281 1803 3302 cum
1816 3271 1921 3302 eodem
1938 3269 2045 3300 Literas
2058 3268 2190 3300 Parentes
2203 3272 2294 3301 Priori
2310 3274 2366 3301 Ec-

1297 3313 1378 3353 clefiae
1389 3313 1497 3342 Sam‘lae
1511 3311 1638 3350 Ederosae
1655 3310 1755 3341 Sarum
1769 3309 1929 3348 Dioecefis,
1946 3309 1983 3339 de
1997 3308 2093 3346 Regio
2112 3307 2216 3340 affensu
2239 3308 2368 3341 Electio-

1298 3353 1328 3381 ni
1342 3351 1468 3390 ejusdem
1481 3352 1585 3380 Prior-is
1602 3359 1691 3387 nuper
1708 3348 1791 3379 faetae
1807 3348 1956 3386 adhibito,
1974 3356 2008 3378 ac
2022 3346 2075 3377 alia
2091 3345 2198 3377 diversa
2218 3347 2318 3379 Brevia
2331 3349 2367 3381 de

1298 3390 1450 3419 communi
1466 3387 1558 3418 Cursu
1575 3387 1659 3425 Legis
1674 3386 1803 3426 Angliae,
1823 3388 1852 3416 in
1875 3386 2018 3423 praelentia
2037 3384 2146 3422 praefati
2169 3386 2291 3424 Custodis
2310 3390 2367 3418 Ro-

1298 3427 1434 3464 talorum,
1452 3426 1593 3464 Johannis
1604 3425 1726 3462 Faukes,
1745 3423 1887 3461 Johannis
1901 3423 2062 3453 Pemberton
2075 3446 2086 3462 ,
2111 3426 2222 3454 Ricardi
2241 3425 2367 3466 Fryston,

1299 3463 1694 3534 ffefflorssmnhrlagistrorum
1711 3461 1900 3496 Cancellariae
1913 3460 2060 3500 praedistae
2085 3471 2156 3494 tunc
2175 3462 2367 3504 existentium,

1312 3513 1347 3544 igr
1386 3514 1408 3533 ri
1435 3511 1502 3534 ecit.

1385 3643 1412 3670 ’ἓ
1438 3646 1483 3681 De
1500 3645 1594 3678 Salvo
1617 3643 1772 3678 Coudunu
1783 3655 1840 3692 pro
1856 3642 2126 3688 Ambaffiatoribns
2141 3644 2281 3678 Francia.
2386 3645 2406 3665 *²
2424 3649 2480 3677 XI:

2403 3688 2451 3716 80.

1303 3730 1448 3788 REX,
1466 3739 1516 3769 per
1534 3729 1643 3761 Literas
1657 3730 1732 3769 suas,
1751 3741 1800 3769 per
1817 3730 1984 3763 Dimidium
2002 3731 2120 3762 Annum
2133 3729 2266 3767 proxime
2288 3729 2366 3760 futu·
2382 3697 2462 3758 {inm
2473 3721 2518 3755 D:

1384 3778 1449 3799 rum
1468 3769 1627 3812 duraturas,
1647 3769 1767 3809 suscepit
1789 3772 1819 3800 in
1843 3770 1949 3801 salvum
1975 3771 2009 3801 δε
2028 3769 2155 3800 securum
2178 3766 2369 3798 Conduc'tum
2407 3763 2495 3804 1467.

1300 3807 1400 3845 suum,
1419 3817 1453 3837 ac
1466 3818 1495 3837 m
1510 3807 1743 3846 protectionem,
1761 3807 1946 3846 Tuitionern,
1963 3810 1998 3840 &
2012 3805 2217 3838 Defenfionem
2237 3804 2296 3836 suas
2311 3807 2371 3844 spe·
2386 3809 2441 3833 An.
2457 3812 2485 3839 7·

1301 3846 1402 3883 ciales,
1421 3844 1620 3876 venerabilem
1636 3846 1898 3885 PatremlArchiepi
1912 3856 2001 3886 copam
2014 3841 2239 3881 Narbonnenfi’m
2311 3848 2371 3875 Ba-
2387 3848 2419 3871 Ε.
2433 3852 2462 3878 4.

1299 3884 1423 3924 [lardum
1443 3884 1476 3913 de
1498 3884 1609 3913 Burhon
1635 3888 1764 3914 Comitem
1786 3886 1818 3915 de
1840 3888 1883 3915 Ru
1902 3885 1986 3922 Ilion,
2011 3880 2192 3914 Willielmum
2214 3884 2372 3923 Marqpeyq
2387 3887 2477 3911 Franc.
2491 3878 2519 3913 75

1303 3923 1430 3953 Militem
1447 3922 1614 3952 Dominum
1629 3923 1664 3952 de
1681 3923 1886 3962 Cungersamt,
1904 3924 1938 3955 &
1952 3919 2124 3958 Magistrum
2148 3918 2334 3952 Guillielmum
2345 3924 2372 3953 le
2389 3924 2419 3948 E.
2434 3929 2464 3955 4.

1301 3964 1374 3991 Rous
1388 3960 1575 3991 Secretarium
1590 3960 1722 3991 cariffimi
1745 3961 1957 4000 Consanguinei
1974 3958 2063 3996 Regis
2082 3956 2224 3988 Lodowici
2249 3962 2372 3991 Francia
2389 3968 2426 3989 m.
2437 3956 2481 3993 18,

1302 3998 1459 4031 Adversarii
1475 3998 1580 4037 Regis,
1600 3999 1821 4031 Ambaffiatores
1837 3998 1961 4036 ejusdem
1981 3994 2191 4037 Consanguinei
2213 3996 2302 4036 Regis
2341 4001 2371 4030 in

1300 4038 1440 4078 Regnum
1455 4037 1543 4077 Regis
1559 4038 1691 4078 Angliae,
1706 4047 1741 4069 ac
1757 4038 1808 4070 alia
1823 4035 1982 4072 Dominia,
1994 4032 2226 4074 Junsdtsttones,
2245 4038 2280 4070 &
2293 4022 2372 4080 'fter-

2305 4083 2375 4106 nto«
