2555 4266
746 212 855 263 ET
943 212 1260 263 ACTA·

57 298 191 332 'Ann.D.
202 300 352 339 Articulis,
369 300 461 339 quoad
475 302 644 341 prohibitam
666 304 827 337 Pannorum
848 307 1002 338 Sciffuram
1016 330 1025 345 ,
1050 306 1085 337 ad
1107 306 1260 341 Civitates,

83 340 172 377 1506.

54 381 121 407 Hm.
138 386 165 413 7.

58 1605 170 1636 *xlm

62 1648 124 1684 236.

199 339 313 378 Opida,
331 341 378 372 vel
393 339 478 383 Villas
497 341 660 373 Comitatus
677 344 814 375 Flandriae
829 346 908 376 nullo
928 346 1018 376 modo
1031 344 1059 375 se
1076 344 1240 375 extendant:

220 377 290 422 ⁸Et,
312 378 331 408 fi
357 379 507 415 praedic'tus
528 384 589 409 Rex
612 380 732 420 Castellae
748 406 757 420 ,
781 382 842 417 ὥσ.
865 383 1029 414 Archiducis
1052 382 1183 422 Aufhtae,
1200 379 1261 415 &c-

200 417 292 459 ejusve
306 415 440 459 Haeredes
456 418 503 447 vel
516 418 695 450 Succeffores
717 431 762 450 aur
785 421 912 460 Burgima
935 421 1015 458 istri,
1040 420 1262 460 Locatenentes,

200 455 365 498 Ca-pitanei,
382 454 495 493 Ballivi,
516 456 669 494 Schulteti,
689 458 887 497 Legissatores,
926 460 1038 496 cabini,
1067 459 1100 488 &
1121 457 1260 488 Officiarii

200 501 377 531 quicumque
394 503 640 533 quarumcumque
656 495 811 526 Patriarum
828 497 873 527 vel
895 496 1061 533 opidorum
1081 496 1163 532 ipsius
1184 496 1263 531 Regis

199 530 322 569 castellae
333 553 343 570 ,
360 531 420 566 &c.
439 533 531 570 aliqua
543 534 593 564 alia
607 534 684 571 plura
700 535 746 565 vel
762 536 866 572 majora
889 534 1056 565 Theolonea
1066 555 1075 570 ,
1098 532 1261 570 Impolitio-

199 578 264 612 tie-5,
282 569 391 607 Taras,
413 570 587 609 Vectigalia,
604 571 719 610 Onera,
734 582 779 603 aut
801 573 974 603 Gravamina
987 593 997 609 ,
1023 572 1107 610 quarn
1130 572 1160 600 in
1181 570 1261 607 supe-

198 607 317 637 rioribus
332 608 464 639 Articulis
476 609 586 640 dictum
603 609 662 646 est,
680 611 708 640 in
732 611 857 640 futurum
874 610 902 640 su
923 620 952 640 er
976 609 1108 641 Personas
1125 632 1134 646 ,
1153 608 1263 645 Naves,

198 644 295 683 Bona,
315 646 522 683 Mercandisas,
538 657 584 678 aut
600 648 659 678 Res
681 648 872 686 quascumque
914 649 1039 679 istorum
1063 647 1261 678 Mercatorum

198 684 330 723 Angliae,
350 685 457 716 directe
472 686 517 715 vel
530 685 682 723 indirecte,
702 687 847 723 imponere
863 696 909 718 aut
924 688 1015 717 levare
1029 686 1170 724 voluerit,
1194 695 1260 722 pro-

199 724 341 762 posuerit,
359 725 392 755 &
408 723 584 761 decreverit,
607 723 764 762 voluerint,
781 727 992 764 proposuerint,
1009 734 1055 755 aut
1069 724 1260 760 decreverint,

198 762 243 790 vel
261 763 298 791 ne
314 762 362 798 i-psi
381 761 558 793 Mercatores
572 761 684 799 Angliae
699 763 732 792 ad
755 763 863 794 dictum
886 763 1019 801 Opidum
1038 762 1175 801 Burgense
1193 771 1260 792 cum

200 800 307 830 Pannis
321 799 488 837 Anglicanis
502 799 654 836 accedant,
677 801 721 830 vel
739 801 851 832 Pannos
865 802 1037 838 Anglicanos
1053 802 1154 839 quovis
1171 800 1260 830 modo

199 837 334 876 Bannire,
351 847 396 868 aut
412 837 505 868 Usum
522 847 622 867 eorum
638 839 666 868 in
678 838 730 869 suis
744 840 858 877 Patriis,
884 840 997 877 Terris,
1023 839 1168 870 Dominiis
1180 861 1190 875 ‚
1214 846 1261 869 aut

200 875 387 914 Ditionibus,
406 875 523 914 Opidis,
543 875 642 914 Villis,
659 886 707 908 aut
727 877 896 909 Civitatibus
910 878 1066 908 Prohibere
1082 877 1200 908 voluerit
1217 877 1260 906 vel

199 914 356 948 voluerint,
377 922 445 943 tunc
462 916 495 946 ὃς
508 916 536 943 in
552 925 587 945 eo
600 914 674 945 Casu
693 915 767 945 idem
783 919 843 946 Rex
857 915 979 954 Castellae
993 938 1002 953 ,
1029 915 1087 950 &12
1113 914 1260 945 Archidux

200 952 342 991 Austriae,
360 951 420 987 ὠς,
448 952 540 991 ejusve
561 952 699 983 Haeredes
716 976 725 990 ,
751 954 931 985 Succeffores
945 977 955 991 ,
978 963 1026 984 aut
1056 955 1262 984 Locatenentes

199 989 376 1028 Magistrum
394 992 449 1021 sive
463 991 695 1021 Gubernatorem
713 992 909 1024 Mercatorum
923 993 1058 1023 Nationis
1074 992 1241 1031 Anglicanae
1251 1015 1260 1028 ,

198 1029 249 1066 qui
264 1037 317 1065 pro
333 1036 460 1070 tempore
475 1031 542 1067 erit,
561 1039 609 1067 per
629 1039 720 1061 unum
735 1031 855 1062 Annum
875 1032 1020 1068 integrum
1035 1053 1045 1069 ,
1071 1031 1205 1068 proximo
1228 1031 1262 1061 δε

199 1066 364 1097 immediate
378 1069 588 1104 praecedentem
610 1068 699 1098 Diem
720 1079 778 1107 quo
804 1070 964 1108 huiujmodi
987 1068 1192 1100 Theoloneum
1216 1077 1262 1098 aut

197 1103 384 1148 Theolonea,
403 1105 616 1144 Impolitiones,
632 1108 742 1145 Taxas,
760 1107 932 1147 Vestigalia,
958 1116 1004 1138 aut
1026 1108 1076 1138 alia
1101 1107 1198 1137 Onera
1214 1115 1262 1138 aut

200 1142 396 1183 Gravamina,
415 1155 444 1175 ut
463 1145 625 1184 praefertur,
642 1146 729 1176 levari
743 1156 790 1177 aut
807 1148 879 1185 exigi
896 1167 906 1183 ,
931 1147 977 1176 vel
998 1145 1092 1176 Banna
1109 1155 1157 1176 aut
1175 1145 1263 1175 dietas

201 1181 414 1213 Prohibitiones
429 1183 521 1214 facere
534 1185 688 1214 decreverit
708 1194 755 1215 aut
777 1184 969 1223 decreverint,
988 1193 1036 1222 per
1062 1184 1166 1214 Literas
1189 1183 1262 1222 suas,

203 1219 297 1250 Manu
317 1221 363 1251 sua
378 1221 543 1261 subscriptas
556 1224 588 1253 &
603 1222 653 1252 fiio
668 1221 778 1261 Magno
795 1231 842 1253 aut
857 1223 974 1254 Secreto
987 1222 1087 1259 sigillo
1116 1221 1260 1259 sigillatas,

200 1259 245 1288 vel
256 1268 306 1299 per
319 1259 394 1290 Tres
416 1260 544 1290 Publicas
553 1260 795 1292 proclamationes
807 1283 816 1299 ,
835 1263 864 1290 in
882 1261 1029 1291 Nundinis
1045 1261 1181 1297 Publicis,
1194 1260 1264 1290 Tri-

198 1298 252 1327 bus
264 1297 388 1336 separatis
402 1308 435 1328 ac
450 1299 591 1329 distinffis
608 1298 734 1337 Diebus,
754 1299 907 1337 faciendas,
921 1302 954 1330 ὅ(
969 1300 1131 1329 earumdem
1148 1298 1261 1330 Procla'-

202 1337 360 1366 [nationum
376 1346 451 1367 veras
467 1337 573 1376 Copias
600 1336 718 1375 praefato
744 1338 961 1376 Gubernatori,
987 1339 1055 1366 infra
1075 1336 1156 1366 chto
1177 1336 1262 1374 Dies,

202 1383 313 1413 tempus
328 1375 466 1405 diCtarum
484 1376 747 1406 Proclamationum
763 1377 896 1414 proximo
915 1376 947 1406 ὃ(
963 1376 1126 1406 immediate
1147 1375 1263 1411 sequen—

201 1421 259 1450 tes,
278 1413 297 1442 si
312 1413 421 1444 eaedem
438 1413 541 1451 Copiae
565 1424 580 1444 a
605 1414 733 1445 Scultetis
749 1432 759 1452 5
786 1415 910 1451 Ballivis,
939 1413 1061 1452 Villicis,
1088 1413 1262 1451 Maioribus,

202 1449 443 1490 Marchionibus,
462 1452 695 1492 Legissatoribus,
712 1463 759 1483 aut
775 1454 833 1483 aliis
854 1452 1025 1491 Officiariis,
1050 1461 1099 1481 aut
1117 1461 1215 1481 eorum
1231 1461 1261 1480 a·

201 1489 281 1527 liquo
295 1499 424 1527 petantur
441 1494 473 1522 &
488 1493 676 1528 requirantur,
692 1492 839 1522 tradendas
861 1493 894 1523 &
919 1490 1105 1522 deliberandas
1120 1512 1129 1527 ,
1148 1490 1208 1520 tam
1227 1490 1262 1520 de

201 1529 404 1567 Impolitione,
424 1529 598 1567 Levatione,
617 1531 650 1561 ὃς
666 1530 823 1560 Exactione
836 1530 996 1567 hujusmodi
1012 1528 1263 1565 Tlieoloneorum,

202 1565 410 1605 Vestioalium,
426 1568 576 1606 Onerum,
593 1577 640 1598 aut
655 1568 862 1598 Gravaminum
883 1566 1107 1603 Pnemifforum,
1126 1567 1209 1604 quam
1227 1566 1263 1596 de

202 1591 344 1647 praedsstis
357 1605 461 1636 Bannis
475 1607 508 1636 δε
526 1606 784 1643 Prohibitionibus,
801 1606 951 1636 certiorem
969 1607 988 1624 ³*
1007 1605 1097 1636 facere
1114 1605 1146 1635 ὃ(
1163 1604 1264 1635 redde-

204 1653 234 1675 re
247 1653 296 1682 per
309 1640 458 1675 Praesente's
471 1645 610 1683 obligetur
622 1645 655 1674 δε
668 1653 808 1682 teneatur,
826 1645 989 1683 obligentur
1003 1644 1035 1674 ὅ(
1050 1644 1261 1681 teneantur,'0b·

204 1680 426 1720 ligabunturque
449 1685 482 1715 &
506 1683 676 1713 tenebuntur
694 1694 704 1721 3
722 1682 756 1713 ad
779 1682 866 1712 finem
885 1683 964 1721 quod
990 1682 1059 1712 dieti
1090 1681 1264 1712 Mercatores

203 1721 321 1763 Angliae
333 1721 474 1761 possiunt,
491 1721 540 1755 illo
553 1722 661 1759 integro
673 1721 761 1752 Anno
772 1720 934 1760 pendente,
951 1721 983 1751 ὃ(
998 1721 1050 1751 suis
1066 1719 1264 1751 Creditoribus

202 1759 328 1798 solvere,
347 1761 380 1791 &
396 1769 413 1790 a
427 1758 479 1790 suis
492 1759 683 1794 Debitoribus
703 1759 809 1790 Debita
825 1759 870 1790 sua
882 1760 990 1798 exigere
1003 1759 1036 1790 δε
1058 1760 1181 1796 'recipere
1196 1781 1205 1796 ,
1230 1760 1263 1790 &

202 1794 322 1836 Naves,
341 1796 439 1834 Bona,
457 1807 490 1828 ac
506 1796 621 1828 Merces
636 1796 694 1828 suas
707 1797 912 1836 quascumque,
931 1799 1023 1828 secure
1037 1799 1070 1829 δε
1085 1797 1213 1835 impune,
1227 1797 1260 1827 li-

202 1844 242 1868 ne
257 1835 498 1872 contradictione„
515 1836 734 1874 inquietatione,
750 1837 958 1875 perturbatione
971 1860 980 1875 ,
1006 1845 1053 1866 aut
1071 1835 1265 1866 molestatione

203 1883 401 1913 quacumque,
419 1884 434 1903 a
447 1873 531 1905 dietis
546 1874 658 1911 Patriis,
676 1874 792 1914 Terris,
811 1875 968 1913 Dominiis,
986 1874 1143 1912 Portubus,
1162 1874 1264 1906 Distri-

200 1913 311 1951 ἂίδυὸ,
329 1911 614 1952 ὅί]υτίί“ἀίὲὶίοηίϋυε
629 1912 699 1944 ἀίἂί
710 1916 787 1951 Regis
797 1913 934 1953 Castellae,
952 1912 1011 1948 &a
1028 1912 1264 1943 ArchiducisAu-

197 1951 294 1992 striae,
308 1950 368 1989 &6³
387 1951 422 1982 ad
436 1953 470 1983 ὅ(
485 1951 513 1981 in
527 1951 578 1989 alia
594 1951 710 1990 Regna,
730 1951 844 1990 Patrias,
863 1953 896 1983 &
914 1951 1054 1992 Dominia
1075 1961 1266 1991 quaecumque

203 1990 349 2021 traducere
364 1991 398 2022 δε
412 1989 609 2029 transportare,
626 2000 660 2022 ac
673 1991 780 2021 traduci
794 1991 828 2022 &
847 1991 1022 2030 transportari
1037 1990 1139 2021 facere.

204 2064 207 2066 ‚
241 2028 288 2059 Ιτ
299 2037 316 2058 ε
327 2036 354 2058 M
370 2052 378 2067 ,
405 2028 607 2067 Conventum,
627 2028 859 2066 Concordatum,
877 2030 910 2061 &
925 2028 1105 2062 Conclusum
1121 2027 1162 2059 est
1175 2027 1267 2066 quod,

203 2067 265 2103 tam
280 2066 459 2103 Mercatores
471 2068 583 2105 Angliae
600 2069 686 2106 quam
699 2068 744 2098 alii
760 2067 952 2102 Mercatores,
977 2066 1179 2105 cujuscumque
1200 2066 1265 2097 Na-

203 2106 290 2145 tionis
298 2105 434 2144 existant,
452 2106 486 2136 ad
502 2108 535 2138 &
549 2116 597 2144 per
612 2115 708 2137 toturn
726 2106 909 2139 Comitaturn
921 2105 1059 2139 Flandriae
1069 2106 1101 2136 &
1118 2115 1266 2143 quaecum-

227 2154 261 2174 ue
273 2143 324 2175 alia
333 2144 490 2182 Dominia,
506 2145 610 2176 Patrias
619 2167 628 2183 ,
646 2143 1263 2183 Terras,Opida,Villas,Civirates,Jurisdi-

239 2182 336 2221 iones,
349 2185 381 2215 δε
390 2183 573 2214 Obedientias
585 2183 652 2213 άίέῖἰ
658 2186 734 2220 Regis
741 2182 862 2224 castellae
870 2207 880 2221 ‚
889 2182 946 2218 &c.
967 2182 1128 2212 Archiduci's
1135 2182 1267 2221 Austriae,

204 2223 266 2256 ἶφι.
285 2222 413 2259 praefatos
429 2221 541 2252 Pannos
556 2222 748 2261 Anglicanos,
772 2222 874 2260 absque
898 2221 1008 2259 aliqua,
1030 2230 1095 2252 ante
1112 2221 1175 2251 haec
1193 2229 1267 2251 tem-

204 2269 276 2299 pora
289 2260 382 2297 fac'la,
398 2261 489 2292 velin
504 2260 649 2298 futurum,
662 2260 743 2295 aliter,
753 2261 839 2299 quam
852 2260 1040 2299 supradiiftum
1056 2259 1116 2298 est,
1142 2269 1191 2297 per
1213 2263 1267 2289 Re-

201 2309 262 2342 gem
277 2296 416 2337 Castellae,
435 2297 494 2334 &mc
514 2299 692 2328 Archiducem
713 2299 856 2340 Austriae,
878 2297 939 2333 &fa
965 2298 1095 2329 facienda?⁴
1110 2317 1120 2336 ,
1146 2298 1191 2327 Im
1212 2298 1266 2327 osi-

202 2339 298 2375 tione,
316 2337 490 2375 Exaclione,
506 2337 712 2376 Forisfaetura,
733 2345 784 2373 ‚aut
804 2336 1017 2369 Confiscatione
1042 2336 1111 2374 (nisi
1133 2337 1161 2366 in
1216 2337 1264 2366 ali-

203 2373 275 2413 b'us,
293 2377 415 2414 quibus,
433 2386 546 2415 propter
561 2375 709 2414 Crimina,
725 2376 794 2415 Jura
815 2375 1031 2407 Forisfaeturam
1046 2397 1056 2413 ,
1080 2383 1127 2405 aut
1151 2373 1266 2410 Confis-

203 2415 346 2454 cationem
361 2414 486 2452 expresse
500 2415 666 2445 concedunt
683 2414 716 2445 δε
732 2414 897 2453 requirunt)
917 2422 964 2453 per
976 2413 1067 2450 ipsum
1081 2416 1177 2450 Regem
1200 2412 1267 2451 Cas—

204 2452 296 2491 tellae,
317 2449 577 2493 &cr-Archidutem
590 2452 729 2493 Austriae„
741 2452 801 2488 &c.
820 2451 1070 2490 Burgimagistros,
1087 2451 1267 2490 Capitaneos‚

203 2490 343 2530 Ballivos,
357 2491 707 2530 Scabinos‚‚8chultetos,
726 2490 947 2528 Gubernatores,
966 2490 1149 2529 Publicanos,
1166 2489 1267 2519 Theo-

204 2527 342 2568 ionarios,
360 2539 408 2560 aut
419 2531 487 2560 alios
503 2529 667 2560 Officiarios
681 2530 892 2567 quoscumque,
909 2529 989 2567 super
1007 2529 1136 2567 praefatos
1151 2527 1267 2559 Merca-

204 2577 280 2600 tores
294 2568 429 2608 Anglicos
446 2569 491 2599 vel
507 2569 592 2606 alios,
609 2568 814 2606 cujusCumque
829 2567 973 2604 Nati'onis
987 2567 1122 2604 existant,
1144 2566 1188 2596 vel
1210 2576 1259 2596 eo-

205 2617 273 2637 rum
285 2606 423 2644 aliquem,
438 2616 484 2637 aut
498 2607 577 2646 super
593 2606 705 2637 Pannos
719 2607 907 2646 Aiiglicanos,
921 2606 1029 2636 directe
1051 2605 1096 2636 vel
1118 2604 1268 2643 indirecte,

205 2644 341 2684 exigenda
357 2645 403 2675 vel
418 2645 552 2683 levanda,
569 2645 656 2675 libere
669 2646 702 2677 &
717 2646 834 2684 impune
848 2644 882 2675 ad
903 2644 954 2674 alia
976 2644 1056 2675 Loca
1081 2653 1268 2683 quaecumque

205 2688 459 2724 'quorumcumque
473 2684 593 2714 aliorum
608 2683 778 2722 Regnorum
790 2706 799 2720 ,
819 2682 973 2714 Patriarum
983 2705 992 2721 ,
1012 2683 1045 2713 δε
1060 2681 1267 2720 Dominiorum

206 2722 311 2754 vehere
322 2744 332 2759 ,
349 2722 510 2760 traducere,
527 2722 592 2756 ,vehi
607 2731 640 2752 ac
655 2722 762 2752 traduci
783 2722 875 2752 facere
894 2720 999 2758 possint
1020 2722 1053 2751 δε
1076 2721 1200 2751 valeant:
1220 2721 1265 2750 Ac

206 2762 291 2792 etiam
309 2761 450 2797 Articulus
459 2760 496 2791 de
508 2760 697 2800 Depositiorie⁴
708 2760 819 2791 Floreni
832 2761 865 2791 &
881 2761 1001 2791 aliorum
1016 2758 1165 2796 Onerum,
1184 2758 1267 2797 Mer-

207 2800 348 2832 catoribus
372 2799 506 2837 Anuli-se,
529 2801 562 2831 ὃ(
584 2799 642 2829 aliis
665 2798 874 2829 nstercatoribus
904 2798 1106 2835 cujuscumque
1135 2797 1268 2837 Nationis

206 2836 354 2869 Mercium
369 2839 401 2868 δε
419 2822 584 2867 f'annorum
598 2836 804 2874 Emptoiibus,
832 2836 1029 2873 impositorum
1044 2858 1057 2870 ⁷,
1081 2835 1113 2865 in
1131 2835 1221 2866 Tra&
1240 2845 1270 2866 tu

205 2877 243 2906 de
258 2874 404 2904 Mercium
421 2874 580 2904 Intercursu
591 2895 601 2910 ,
618 2873 654 2903 de
677 2874 751 2904 Data
764 2874 898 2904 Vicesimi
913 2875 1004 2912 quinti
1021 2874 1088 2904 Diei
1105 2873 1210 2904 Mentis
1248 2891 1261 2896 -

207 2913 300 2954 prilis,
317 2912 406 2943 Anno
420 2912 541 2942 Domini
556 2911 728 2949 Millesimo,
748 2911 1050 2951 Quadringentesimo,
1068 2911 1270 2950 Nonagelimo

208 2962 308 2989 nono,
326 2952 355 2981 in
371 2951 504 2981 omnibus
518 2951 550 2981 ὃς
564 2959 612 2987 pet
625 2950 722 2980 omnia
741 2950 880 2981 tenebitur
902 2950 935 2980 δε
956 2949 1162 2980 observabitur·
1187 2949 1270 2979 Mer-

210 2999 319 3023 catores
334 2999 428 3020 tamen
445 2998 503 3018 non
520 2987 634 3026 Anglici
656 2997 671 3017 a
690 2988 838 3018 Solutione
859 2987 1064 3018 Custuniaruni
1085 2988 1118 3018 ὃ(
1140 2972 1270 3027 ’ῨὴεᾳΙο-

208 3030 330 3061 *meorum
347 3029 547 3067 antiquorum,
569 3027 673 3058 virtute
694 3025 833 3066 praesentis
856 3026 1002 3065 Articuli,
1027 3026 1150 3056 minime
1175 3026 1270 3057 exclu-

244 3076 317 3098 ntur.

208 3069 291 3136 dal’r
301 3114 373 3145 ΕΜ,
392 3104 599 3142 Conventum,
617 3103 852 3142 Concordatum,
870 3105 904 3135 &
917 3102 1095 3144 Conclusam
1109 3102 1167 3141 est,
1190 3094 1270 3141 quod

209 3144 296 3175 nullae
311 3144 426 3182 Naves,
444 3143 540 3181 Bona,
559 3142 634 3181 Res,
651 3151 698 3174 aut
721 3142 834 3173 Merces
853 3141 1052 3173 Mercatorum
1073 3142 1107 3173 &
1129 3141 1270 3172 Subditos·

210 3192 277 3215 rum
289 3181 404 3220 alicujus
418 3183 583 3220 Principum
599 3181 816 3221 praedic‘toruni,
838 3180 1044 3220 eorumdemve
1065 3176 1269 3220 Subditorum,

210 3219 368 3253 Haeredur'n
383 3229 429 3250 aut
442 3220 642 3252 Succefforuni
657 3242 667 3258 ,
694 3219 848 3250 Fac‘korum
866 3242 875 3257 ,
902 3218 1137 3261 procuratorum,
1163 3217 1270 3256 Nego-

210 3259 317 3291 tiorum
344 3258 521 3297 Gestorum,
539 3259 775 3296 Attornatorum,
793 3257 981 3296 Servitorurn‚
997 3264 1043 3286 aut
1058 3255 1269 3294 Ministrorum,

210 3308 264 3338 pro
276 3299 366 3336 aliqua
380 3295 487 3333 Causa,
506 3297 615 3337 Culpa,
634 3295 772 3333 Offenio,
791 3305 837 3327 aut
851 3290 974 3333 Debito,
990 3294 1122 3335 Crimine
1149 3304 1195 3325 aut
1206 3293 1270 3324 De-

210 3337 282 3369 licto
295 3335 413 3373 alicujus
428 3334 559 3365 Personae
580 3336 624 3365 vel
647 3334 834 3371 Personarum
857 3335 1065 3371 particularium
1087 3318 1132 3363 vel
1150 3334 1268 3369 privata—

211 3385 290 3413 rum,
310 3373 542 3411 Arrestabuntur,
561 3372 808 3410 Molestabuntur,
824 3380 870 3402 aut
883 3372 959 3402 abire
975 3372 1077 3439 quovis
1092 3367 1184 3401 modo
1207 3366 1267 3401 Im-

211 3414 379 3453 pediantur3
397 3412 434 3442 set
451 3411 540 3442 solum
557 3411 677 3442 Perlona
698 3410 857 3442 Offendens
878 3411 909 3440 δε
936 3410 981 3440 De
995 3410 1109 3451 inquens
1124 3431 1133 3447 ,
1157 3419 1202 3439 rea
1221 3419 1266 3440 aut

210 3452 437 3490 culpabilis,.aut
456 3449 528 3480 fEre
544 3450 634 3480 alieno
649 3457 778 3487 gravata,
794 3450 827 3480 &
842 3448 964 3487 ejusdem
980 3448 1127 3486 Perlonae,
1146 3447 1246 3478 Naves
1257 3470 1268 3486 ‚

211 3489 290 3523 Bona
300 3513 310 3529 ‚
329 3491 362 3521 &
378 3489 492 3520 Merces
504 3488 612 3519 arestari
628 3489 661 3519 &
676 3488 793 3519 detineri
805 3487 1009 3524 permittentur.

247 3529 320 3559 [TE
331 3536 374 3565 M,
390 3527 594 3565 Conventum,
613 3525 834 3558 Concordatum
848 3547 858 3563 ,
875 3526 908 3556 ὃ(
923 3524 1101 3556 Conclusum
1118 3523 1158 3555 est
1174 3524 1264 3562 quod,

211 3567 467 3606 quotienscumque
478 3567 625 3604 continget
639 3564 814 3596 Mercatores
827 3564 937 3603 Angliae
952 3564 1048 3594 venire
1061 3562 1095 3593 ad
1111 3562 1263 3593 Nundinas

213 3605 470 3642 Andwerpcnsem,
487 3603 651 3641 Bergensem
661 3626 670 3640 ,
687 3604 732 3634 vel
744 3603 807 3633 alias
821 3601 977 3632 Patriarum
992 3601 1115 3641 Domini
1130 3603 1267 3636 RegisCa-

205 3643 309 3683 stella,
325 3642 384 3676 &a
403 3641 565 3671 Archiducis
581 3640 719 3680 Austriae,
736 3639 797 3674 &a
816 3650 849 3671 ac
862 3640 946 3670 etiam
962 3639 1036 3671 extra
1057 3639 1219 3676 Nundinas,
1228 3641 1266 3669 eis

212 3682 318 3713 ibidem
330 3681 427 3711 licebit
440 3688 536 3709 emere
551 3678 617 3710 tales
631 3677 802 3708 Mercantias
820 3677 912 3716 quales
926 3678 1081 3715 voluerint,
1099 3678 1131 3708 ὅ(
1149 3686 1202 3714 pro
1224 3686 1264 3707 ta-

212 3722 230 3752 li
247 3719 349 3750 Precio
362 3719 391 3748 in
404 3727 463 3755 quo
475 3716 555 3747 simul
573 3725 643 3747 curn
657 3715 859 3746 Venditoribus
871 3716 1024 3746 convenire
1038 3723 1186 3756 poterunt,
1204 3715 1266 3745 abs-

211 3768 267 3798 que
282 3768 317 3788 eo
331 3756 408 3795 quod
423 3755 555 3792 Superior
566 3753 693 3792 ipsorum
709 3753 906 3784 Mercatorum
931 3753 1042 3792 Angliae
1067 3754 1192 3791 (vulgari
1213 3763 1265 3783 no-

213 3799 294 3829 mine
307 3794 336 3826 C
345 3805 365 3824 o
373 3802 394 3823 υ
406 3803 430 3824 R
439 3803 462 3824 ’r
471 3801 496 3822 M
505 3802 525 3822 A
535 3802 547 3823 s
556 3801 579 3823 T
589 3802 607 3823 E
619 3801 642 3822 R
659 3795 850 3830 nuncupatus)
864 3794 914 3830 pei·
930 3790 957 3821 se
977 3792 1023 3822 seu
1043 3801 1111 3821 cum
1130 3791 1266 3828 aliquibus

210 3835 335 3869 e'usdem
351 3832 519 3869 Anglicanae
532 3830 667 3862 Nationis
682 3829 765 3866 poffit
781 3829 944 3867 Mercibus,
961 3838 1013 3869 pro
1029 3829 1156 3869 Anglicis
1169 3838 1265 3859 emeri-

234 3868 274 3913 ἐς,
286 3873 421 3903 Precium
435 3869 588 3899 limitatum
603 3867 772 3898 constituere
785 3890 794 3905 ,
810 3867 855 3897 seu
873 3867 994 3907 aliquam
1009 3866 1132 3897 Poenam
1154 3867 1265 3897 ordina-

211 3923 243 3945 re
258 3914 289 3942 in
303 3906 549 3946 Transgredicndo
562 3907 628 3937 illud
641 3915 751 3939 ,certum
764 3904 916 3942 Precium,
935 3905 1013 3935 salvis
1027 3914 1123 3936 tamen
1145 3904 1262 3935 Privile-

210 3949 264 3988 'giis
271 3959 308 3982 ac
325 3946 522 3982 Libertatibus,
538 3944 620 3974 dictis
634 3943 841 3974 Mercatoribus
855 3943 1015 3983 Anglicanis
1028 3944 1139 3982 indultis
1151 3942 1184 3973 &
1193 3952 1265 3974 con-

212 3986 307 4025 cesse,
324 3987 398 4017 idem
412 3986 494 4015 etiarn
510 3982 700 4013 observabitur
715 3991 748 4011 ex
764 3981 846 4012 Parte
858 3981 1046 4012 Subditorum
1061 3985 1138 4019 Regis
1162 3980 1265 4019 ΟαΙῙιἸ-ι

212 4026 246 4056 Ie
286 4023 346 4057 ὅγε.
361 4018 525 4054 ΑνεΙφίιΙιιιίς
539 4020 671 4061 Austriae,
687 4019 747 4053 (fre.
772 4019 805 4050 &
824 4019 853 4058 in
866 4018 1012 4051 Nundinis
1027 4019 1174 4057 praedietis.

250 4047 295 4093 fr
306 4069 376 4099 EM,
393 4071 485 4098 neque
499 4059 534 4090 de
549 4068 653 4089 caetero
668 4058 763 4090 licebit
780 4056 902 4087 Nationi
918 4057 964 4087 An
986 4057 1085 4088 licanae
1100 4058 1205 4088 Statura
1219 4056 1264 4088 seu‘

215 4099 415 4137 Ordinationes
428 4099 520 4138 facere
541 4098 639 4130 contra
660 4096 750 4135 aliqua
771 4094 866 4134 Opida‘
885 4095 932 4127 seu

257 4142 330 4171 Tam.
347 4139 381 4169 V.
406 4134 440 4167 P.
456 4139 505 4168 IV.

984 4094 1092 4128 ersonas
1112 4095 1266 4128 Patriarutri

1291 211 1766 265 PUBLICA.

2279 240 2330 269 22
2337 237 2374 277 5

1264 303 1284 315 Τ
1298 304 1405 342 praefati
1419 305 1541 338 Domini
1554 311 1631 345 Regis
1644 308 1844 348 Castellae‚&t.
1868 310 2030 342 Archiducis
2050 313 2101 342 Au
2138 314 2187 350 iae,
2209 300 2271 348 &a
2295 323 2348 344 or*
2371 308 2447 340 Ann-
2462 296 2504 340 D

1295 342 1419 386 dinando
1432 346 1512 382 quod
1527 346 1642 377 Merces
1657 348 1699 378 vel
1714 347 1791 378 Bona
1805 348 1863 379 talis
1877 349 1961 380 Villae
1974 351 2017 381 vel
2032 349 2084 381 Per
2095 360 2161 381 onae
2173 351 2264 382 nullus
2275 349 2354 384 ema}
2373 384 2377 388 ,
2399 347 2486 386 1506.

1296 379 1508 420 Angltcorum,
1524 385 1574 415 nisi
1589 386 1663 416 sorte
1678 395 1728 424 per
1741 386 1835 416 dietos
1850 385 2017 424 Oppidanos
2037 398 2084 420 aut
2107 388 2233 426 praefatas
2253 388 2351 420 Perso-
2370 389 2433 414 Hen.
2451 396 2481 422 7-

1295 426 1344 460 ‘las
1356 417 1532 461 Mercatores
1548 423 1659 462 Angliae
1673 432 1719 453 aut
1734 433 1835 454 eorum
1851 423 1980 456 Fastores
1994 427 2067 457 male
2086 427 2192 463 tractati
2202 448 2211 463 ,
2230 427 2351 459 Frauda-

1296 462 1316 484 t¹
1332 464 1379 498 aut
1393 456 1468 499 ahter
1485 457 1686 500 Dampnificati
1701 461 1830 500 fuerunt,
1845 462 1925 493 salvis
1938 465 2021 494 etiarn
2039 463 2192 503 privilegiis
2203 474 2237 494 ac
2251 465 2354 497 Liber-

1296 493 1412 536 tatibus,
1428 493 1511 524 dietis
1528 497 1734 539 Mercatoribus
1751 500 1914 538 Anglicanis
1931 502 2043 532 indultis
2057 503 2089 532 ὃ(
2106 502 2262 540 conceffis;
2279 504 2354 535 idem

1295 539 1378 561 etiam
1392 531 1580 578 observabitur
1589 544 1627 579 ⁴ex
1641 536 1722 567 Parte
1737 537 1924 569 Subditorum
1939 539 2007 570 dieti
2025 540 2147 570 Domini
2163 543 2241 578 Regis
2253 541 2354 582 Castel-

1296 568 1346 607 lae,
1363 568 1425 604 &c.
1444 571 1606 601 Archiducis
1619 574 1751 613 Austriae,
1769 575 1831 609 ὠς.

1335 609 1354 628 ²¹¹
1373 607 1505 646 ITEM,
1524 608 1697 641 Mercatores
1711 613 1744 644 &
1767 612 1875 644 Subditi
1895 613 2018 645 Domini
2038 618 2115 652 Regis
2137 616 2250 654 Angliae
2271 611 2354 648 dein-

1296 655 1370 689 ceps⁸
1386 646 1576 691 quascumque
1585 648 1699 693 ‘massas'
1710 650 1779 679 Auri
1791 652 1836 681 vel
1852 652 1893 683 Ar
1912 655 2113 691 enti‚,vocatas
2125 653 2234 685 Bullion
2247 675 2258 694 ,
2279 666 2355 687 exrra

1297 683 1400 714 Patrias
1413 684 1481 715 dieti
1497 685 1620 715 Domini
1635 689 1711 722 Regu
1724 687 1846 724 Castellae
1858 712 1868 726 ,
1884 661 1945 724 gc.
1962 691 2127 721 Archiducis
2141 691 2349 732 Austriae,&c.

1297 731 1347 761 per
1362 732 1408 752 eos
1425 723 1469 753 seu
1484 733 1583 754 eorum
1599 724 1756 763 Deputatos
1773 726 1816 755 vel
1830 727 1959 758 Factores
1983 733 2110 767 emptas,
2138 731 2183 761 vel
2206 732 2283 762 aliter
2305 743 2356 764 ac—

1299 760 1423 804 quisitaS,
1438 761 1484 792 seu
1507 761 1697 800 imposterum
1717 761 1859 794 Emendas
1878 766 1922 795 vel
1943 767 2132 805 Acquirendas
2145 792 2156 807 ,
2180 769 2296 800 licenter
2318 771 2354 802 δε

1296 800 1432 838 impune,
1449 810 1498 837 per
1512 810 1703 839 quaecumque
1717 800 1796 831 Loca
1812 797 1968 844 patriarum
1983 805 2050 834 dieti
2063 802 2274 846 Regiscastellae,
2285 807 2348 844 &a

1296 837 1461 880 Arci—aidum.
1475 838 1613 877 Austriae,
1632 838 1692 874 (ἐκ.
1714 838 1830 870 Ducere
1844 844 1890 870 teu
1914 838 1994 870 Duci
2012 843 2119 881 facere,
2141 844 2175 874 δε
2195 846 2231 875 ab
2249 846 2353 877 eisdem

1298 875 1385 906 Locis
1397 877 1430 907 &
1443 876 1541 906 Patriis
1555 878 1583 907 in
1604 877 1741 916 Regnum
1764 876 1892 916 Angliae,
1919 880 2021 910 totiens
2041 883 2170 918 quotiens
2190 884 2329 916 voluerint
2341 906 2355 924 ,

1296 913 1460 944 Traducere
1474 915 1506 948 &
1521 914 1721 954 Transportare
1735 918 1859 953 poterint
1873 918 1907 947 δε
1922 916 2074 954 valebunt,
2089 918 2204 951 Proviss)
2217 923 2297 959 quod
2310 923 2354 953 di-

1296 952 1336 981 ἀί
1352 951 1465 989 Anglici
1480 952 1525 983 seu
1539 963 1639 984 eorum
1654 954 1786 984 FmStores
1804 953 1963 992 hujusmodi
1986 955 2141 986 Bullionam
2156 979 2166 995 ,
2183 955 2232 996 'per
2255 960 2281 991 se
2308 970 2356 992 aut

1298 1000 1397 1033 eorum
1414 990 1544 1022 Factores
1555 1000 1683 1029 emptam
1697 993 1761 1030 seu,
1779 1002 1808 1024 ut
1826 994 2014 1032 praemittitur,
2030 994 2205 1033 acquisitam,
2224 999 2278 1027 una
2285 1008 2357 1030 cum

1299 1026 1510 1059 Certificatione
1522 1030 1685 1068 autentiqua
1698 1031 1779 1061 Villae
1797 1032 1842 1066 vel
1856 1031 1965 1070 Oppidi
1981 1033 2030 1062 ubi
2046 1032 2133 1070 ipsam
2154 1033 2311 1065 Bullionam
2325 1048 2356 1068 e-

1298 1075 1410 1110 merunt
1423 1067 1467 1097 vel
1480 1068 1557 1098 aliter
1579 1068 1787 1107 acquisierunt,
1810 1068 1844 1102 &
1864 1070 1899 1100 de
1921 1068 2075 1114 Empti'one
2093 1070 2138 1101 seu
2163 1071 2358 1110 Aequititione

1298 1115 1305 1134 1
1329 1100 1530 1136 siusBullionae
1548 1108 1581 1138 &
1604 1107 1776 1145 Quantitatis
1794 1108 1915 1146 ejusdem
1939 1108 2091 1146 Principali
2113 1109 2262 1141 Officiario
2285 1111 2358 1143 diCfi

1332 1145 1422 1173 omini
1436 1147 1510 1181 Regis
1525 1140 1663 1184 castellae,
1680 1144 1740 1180 &a
1759 1145 1919 1176 Archiducis
1937 1144 2068 1186 Austriae,
2078 1146 2138 1182 &aa
2159 1149 2203 1179 vel
2228 1150 2257 1179 in
2274 1151 2282 1180 i
2304 1151 2358 1181 lius

1301 1179 1435 1212 Absentia
1450 1182 1508 1213 suas
1523 1183 1609 1213 Vices
1621 1185 1744 1222 gerenti,
1764 1187 1903 1222 proximae
1917 1183 2001 1215 Villae
2020 1186 2084 1224 post
2106 1185 2256 1217 Introitum
2287 1198 2357 1219 uutn

1299 1221 1328 1249 in
1338 1219 1436 1262 ,Patria
1448 1220 1516 1250 dieti
1532 1220 1623 1256 Regis
1637 1222 1783 1252 exhibeant
1796 1223 1830 1253 δε
1843 1222 2007 1260 ostendant,
2022 1223 2101 1262 super
2115 1234 2168 1262 qua
2186 1224 2359 1258 Ostenfione

1299 1260 1348 1326 {pli
1366 1258 1554 1289 Ostendentes
1568 1259 1774 1294 Testimoniale
1787 1262 1833 1291 seu
1847 1260 2098 1300 Certificatorium,
2117 1262 2207 1294 Manu
2222 1264 2359 1296 dietiOf-

1316 1298 1412 1339 ciarii,
1431 1298 1474 1327 vel
1491 1298 1549 1335 ipso
1566 1298 1687 1329 Absente
1702 1299 1758 1330 suas
1771 1299 1857 1330 Vices
1897 1300 1999 1330 erentis
2014 1322 2023 1338 ,
2048 1301 2183 1339 signatum
2207 1302 2252 1332 vel
2276 1302 2360 1340 ipsius

1298 1335 1394 1373 Sigillo
1408 1335 1573 1379 sigillatum,
1585 1337 1622 1367 ab
1639 1346 1691 1373 eo,
1710 1339 1757 1380 cui
1773 1338 1830 1368 talis
1848 1308 1981 1368 Oigtenlio
1996 1337 2057 1376 fiet,
2076 1340 2209 1376 recipient
2224 1341 2257 1371 δῖ
2270 1341 2358 1372 habe-

1300 1374 1394 1412 bunt,
1410 1375 1494 1416 nichil
1513 1375 1620 1412 penitus
1641 1385 1694 1413 pro
1713 1374 1793 1406 dieto
1814 1375 2015 1406 Testimoniali
2036 1385 2082 1407 aut
2102 1377 2154 1408 alia
2178 1387 2358 1418 quacumque

1300 1410 1390 1442 Causa
1403 1413 1538 1442 solvendo
1561 1421 1658 1451 praeter
1684 1424 1772 1444 unum
1793 1413 1924 1444 Solidum
1949 1414 2125 1445 Grossorum
2147 1415 2299 1447 Flandriae:
2321 1417 2359 1451 Et

1300 1449 1373 1479 Casu
1386 1460 1442 1489 quo
1455 1451 1545 1480 dictus
1555 1451 1694 1492 ‘Anglicus
1708 1452 1865 1490 hujusmodi
1879 1452 2033 1492 Bullionam
2042 1475 2050 1489 ,
2069 1463 2117 1491 per
2133 1453 2159 1483 se
2172 1454 2217 1484 vel
2235 1454 2357 1487 suosFa-

1300 1488 1391 1531 &ores
1405 1498 1531 1531 emptam
1548 1491 1590 1520 leu
1601 1512 1610 1527 ,
1629 1499 1658 1519 ut
1674 1492 1871 1528 praemittitur,
1888 1501 1920 1521 ac
1944 1491 2066 1529 uisitatn,
2082 1491 2201 1522 educere
2222 1493 2359 1533 volueris,

1300 1527 1333 1557 δε
1348 1535 1376 1555 in
1391 1526 1474 1557 Exitu
1489 1537 1501 1555 :i
1517 1526 1614 1557 Patriis
1636 1528 1839 1560 Testimoniale
1858 1529 1903 1559 seu
1956 1529 2164 1560 ertisicatorium
2186 1530 2358 1569 pnedid‘tutn

1300 1574 1359 1594 non
1372 1565 1543 1602 exhibuerit,
1563 1575 1631 1595 tunc
1648 1565 1767 1596 Poenam
1786 1567 1859 1602 illam
1877 1569 1997 1598 incurret
2011 1577 2093 1605 quam
2110 1570 2282 1601 incurrerent
2295 1571 2355 1601 Ex—

1299 1604 1438 1634 trahentes
1453 1603 1614 1633 Bullionam
1629 1604 1698 1634 infra
1714 1604 1814 1634 Patrias
1826 1605 1896 1635 disti
1909 1605 2033 1636 Domini
2048 1608 2125 1643 Regis
2140 1606 2278 1647 Castellae,
2296 1607 2365 1643 &a

1302 1640 1464 1671 Archia'ucir
1476 1641 1616 1680 Austriae,
1632 1641 1692 1676 &c.
1713 1652 1854 1682 emptam,
1875 1643 1911 1673 Et
1928 1643 2005 1674 idern
2027 1644 2122 1676 licebit
2142 1645 2265 1677 Subditis
2285 1647 2355 1685 ejus-

1300 1679 1365 1749 d1em
1383 1679 1507 1711 Domini
1519 1683 1597 1718 Regis
1610 1679 1749 1720 Castellae,
1767 1680 1827 1716 &a
1844 1680 2006 1711 Archiam-is
2020 1682 2160 1722 Austriae,
2176 1683 2237 1719 &a
2255 1685 2285 1714 in
2298 1686 2360 1716 An-

1329 1729 1362 1748 ia.
2040 1746 2043 1749 .

1299 1728 1318 1758 g
1338 1756 1384 1787 I’r
1394 1766 1411 1788 E
1422 1765 1449 1787 M
1486 1755 1692 1797 Conventum,
1711 1757 1949 1798 Concordaturn,
1966 1757 2000 1791 ὃς
2019 1757 2196 1791 Conclusam
2210 1760 2266 1800 est,
2281 1761 2362 1801 quod

1303 1794 1442 1826 Officiarii
1455 1780 1620 1840 brincipum
1634 1796 1836 1835 praedictorum
1850 1799 1882 1829 &
1907 1807 2009 1828 eorum
2029 1799 2189 1838 utriusque,
2214 1799 2249 1829 ad
2273 1799 2362 1831 Scru-

1303 1835 1418 1865 tandum
1436 1833 1624 1865 Mcrcandtsas
1636 1845 1683 1873 pet
1699 1835 1839 1874 Terram,
1858 1834 1942 1866 Mare
1977 1835 2021 1867 vel
2039 1837 2132 1873 Aquas
2153 1836 2250 1868 dulces
2270 1839 2363 1869 vestas

1303 1873 1348 1903 vel
1371 1872 1508 1916 vehendas
1530 1874 1674 1911 ordinati,
1697 1874 1726 1904 in
1751 1872 1896 1905 Visitando
1918 1859 2110 1915 Mercandisas
2135 1875 2180 1905 vel
2202 1875 2302 1907 Navae
2322 1877 2362 1907 nil

1301 1910 1535 1942 Damnificabunt
1547 1909 1583 1942 de
1598 1912 1683 1942 Bonis
1698 1912 1741 1943 seu
1758 1911 1905 1943 Mercibus
1917 1912 2105 1943 Subditorum
2121 1915 2202 1944 unius
2223 1915 2267 1944 vel
2293 1915 2361 1946 alte-

1302 1950 1358 1979 rius
1372 1949 1538 1987 Principum
1553 1951 1773 1989 praedictorum,
1790 1949 1836 1981 {ed
1852 1961 1882 1981 ea
1899 1952 1972 1981 bene
1987 1952 2019 1981 &
2035 1951 2152 1982 honeste
2164 1951 2363 1984 traetabunt&

1302 1987 1452 2020 visitabunt
1466 1987 1569 2026 absque
1583 1988 1608 2018 V
1611 1990 1737 2026 iolentia,
1755 1989 1907 2028 frangendo
1922 1987 2103 2025 Pugionibus
2117 1989 2161 2029 vel
2173 1990 2231 2020 aliis
2254 1990 2361 2023 Instru-

1304 2028 1407 2057 mentis
1420 2026 1642 2066 quibuscumque
1659 2026 1793 2071 Barellos,
1811 2022 1934 2065 saccos,
1952 2026 2061 2067 Cistas,
2085 2028 2256 2067 Sarcinulas,
2273 2029 2318 2060 seu
2333 2040 2364 2060 a-

1303 2064 1351 2095 lias
1367 2061 1532 2108 Raccaturas
1548 2065 1756 2105 quascumque,
1774 2069 1794 2096 li
1808 2068 1896 2104 vero,
1915 2075 1948 2095 eit
1963 2066 2038 2096 nulla
2056 2066 2213 2097 rationabili
2232 2076 2279 2098 aut
2293 2079 2363 2106 pro-

1304 2103 1389 2134 babili
1406 2102 1510 2141 Causa,
1528 2102 1686 2140 hujusmodi
1699 2102 1822 2143 Saccos,
1841 2103 1976 2141 Barellos,
1996 2103 2103 2142 Cistas,
2127 2104 2298 2145 Sarcinulas,
2315 2105 2362 2137 aut

1303 2142 1365 2173 alias
1376 2139 1540 2172 Paccaturas
1555 2141 1702 2182 fregerint,
1719 2143 1895 2181 apperuerint
1906 2165 1916 2181 ,
1933 2152 1979 2173 aut
2000 2142 2191 2179 dissolverint,
2208 2144 2246 2181 ,ad
2269 2144 2363 2182 'nujus-

1305 2180 1386 2222 modi
1402 2178 1538 2220 Batenos,
1557 2181 1677 2220 Saccos,
1695 2180 1805 2220 Cistas,
1823 2181 1997 2218 Sarcinulas,
2016 2183 2049 2212 δε
2066 2179 2231 2220 Paccatuias
2253 2181 2364 2213 Recer-

1304 2219 1444 2255 tiendum,
1463 2217 1682 2258 Reparandum,
1701 2220 1734 2251 &
1750 2218 2048 2259 Repaccandumvsuis
2066 2216 2231 2259 Sumptibus
2250 2221 2284 2252 &
2307 2221 2363 2252 Ex-

1305 2257 1392 2295 pensis
1405 2267 1564 2288 teneantur:
1584 2257 1756 2289 Scrutatores
1769 2267 1862 2289 autern
1879 2257 2061 2296 hujusmodi,
2079 2255 2108 2288 in
2130 2259 2298 2296 exequendo
2318 2259 2365 2291 sua

1305 2295 1428 2333 Officia,
1447 2295 1475 2326 in
1492 2295 1588 2326 Patriis
1603 2296 1766 2336 Principum
1781 2296 1983 2336 praedictorum
1994 2319 2004 2333 ,
2026 2295 2114 2326 nullas
2133 2295 2302 2327 Est-afflone<
2321 2297 2364 2335 fa,-

1304 2335 1379 2365 ciant
1392 2334 1470 2372 super
1485 2335 1493 2363 i
1515 2334 1556 2364 sos
1570 2345 1699 2374 quorum,
1709 2334 1787 2365 Bona
1801 2335 1846 2365 seu
1863 2334 1981 2375 Merces¹
1994 2333 2161 2373 scrutantur,
2180 2336 2234 2365 nec
2249 2335 2365 2367 eosdem

1304 2381 1410 2410 cogent
1423 2373 1457 2403 ad
1505 2374 1680 2404 enditionem
1696 2373 1806 2404 suarum
1821 2372 1953 2414 Rerum,
1971 2382 2016 2403 aut
2040 2371 2155 2412 alicujus
2176 2372 2265 2404 Partis
2286 2399 2291 2404 t
2312 2384 2367 2412 pro

1304 2411 1398 2449 aliquo
1416 2411 1533 2449 Precio,
1551 2412 1598 2449 per
1612 2411 1683 2451 ipsos
1698 2412 1871 2443 Scrutatores
1885 2420 1984 2442 contra
2009 2409 2195 2442 Voluntatem
2221 2411 2366 2444 Vendito-

1305 2459 1368 2479 rum
1381 2449 1511 2488 statuto,
1528 2447 1565 2480 Et
1577 2450 1686 2490 temere
1701 2449 1953 2481 Contravenientes
1971 2451 2113 2480 teneantur
2127 2449 2221 2481 Poena
2234 2449 2368 2490 Incarce-

1306 2488 1416 2519 rationis
1427 2488 1476 2526 pe'r
1490 2498 1580 2518 unum
1595 2486 1745 2526 Mensem,
1763 2489 1818 2518 uria
1831 2497 1900 2518 cum
1918 2487 2056 2525 Dampno
2072 2489 2105 2519 δε
2115 2486 2254 2527 luterem:
2278 2489 2368 2520 Partis

1306 2525 1414 2564 Laese,
1431 2530 1465 2558 &
1480 2526 1592 2557 ulterius
1608 2528 1642 2558 ad
1658 2527 1867 2565 Beneplacitum
1885 2525 2039 2565 Principis,
2058 2523 2087 2556 in
2103 2526 2181 2564 cujus
2195 2526 2300 2566 Regno
2322 2523 2368 2559 vel

1307 2564 1397 2595 Patria
1412 2565 1596 2603 deliquerint,
1614 2565 1648 2596 ea
1658 2566 1846 2596 Pecuniarum
1859 2565 1984 2595 Summa
2000 2565 2151 2595 multentet
2168 2574 2233 2602 quae
2255 2565 2366 2597 Princi-

1308 2604 1337 2640 pi
1352 2612 1398 2633 aut
1413 2602 1466 2633 suis
1480 2603 1651 2634 Consiliariis
1664 2603 1710 2634 vel
1726 2603 1877 2633 Officiariis
1897 2603 2066 2633 rationabilis
2077 2603 2230 2634 videbitur.

1345 2640 1389 2671 ΙΤ
1401 2649 1419 2671 E
1430 2650 1455 2671 Μ
1464 2664 1479 2681 ‚¹
1494 2643 1559 2679 quia
1575 2643 1603 2672 in
1617 2641 1934 2681 Paccatura,Signatura
1951 2642 1983 2672 δε
1997 2640 2207 2671 Nominatione
2224 2641 2367 2673 Lanarum

1308 2680 1438 2709 nonnulli
1453 2679 1608 2718 Defectus,
1626 2691 1673 2718 per
1688 2680 1855 2710 Paccatores
1869 2680 1913 2710 vel
1927 2680 2012 2717 alios,
2030 2679 2094 2718 post
2112 2678 2312 2711 Noviffimum
2319 2680 2367 2712 In-

1308 2718 1464 2748 tercursum
1478 2719 1600 2756 factum,
1623 2720 1724 2756 reperti
1740 2718 1818 2755 sunt,
1842 2726 1871 2748 ut
1892 2717 2013 2748 afferunt
2034 2718 2197 2757 earumdem
2225 2717 2369 2749 Lanarum

1309 2752 1476 2794 EmptoreS,
1494 2757 1530 2788 'eo
1545 2757 1623 2795 quod
1635 2758 1708 2787 olim
1721 2756 1851 2798 Triginta
1865 2755 1923 2786 Sex
1936 2757 1979 2787 vel
1989 2756 2120 2795 Triginta
2135 2755 2216 2786 06ὶο
2231 2757 2371 2788 Lanarum

1310 2804 1412 2830 genera
1426 2796 1455 2824 in
1471 2795 1517 2826 Sta
1538 2797 1579 2826 ula
1595 2795 1696 2825 Calesii
1709 2796 1794 2825 vendi
1810 2795 2017 2825 consueverunt
2031 2816 2041 2831 ,
2067 2795 2152 2824 hodie
2170 2795 2239 2825 vero
2260 2804 2371 2826 tantum

1311 2831 1424 2863 Decem
1439 2833 1483 2863 vel
1540 2833 1674 2864 uodecim
1697 2832 1839 2863 Lanarum
1861 2831 2104 2863 Condfflones&
2126 2831 2320 2871 Differentias,
2338 2836 2372 2865 δί

1311 2881 1354 2901 eas
1367 2870 1481 2909 quidem
1497 2882 1561 2909 quae
1577 2871 1700 2901 melioris
1713 2871 1746 2900 ὃ(
1763 2870 1877 2900 carioris
1891 2869 1982 2900 Precii
2005 2871 2067 2900 sunt
2083 2891 2093 2907 ,
2116 2869 2278 2900 Deteriores
2299 2875 2371 2902 vcro

1309 2919 1368 2939 non
1383 2909 1432 2939 sub
1448 2910 1501 2939 suis
1517 2910 1695 2939 Nominibus
1707 2907 1752 2938 sed
1767 2908 1929 2938 melioribus
1949 2908 2064 2946 mixtas,
2089 2907 2210 2938 afferunt
2231 2908 2371 2940 Vendito-

1311 2948 1371 2984 res;
1388 2947 1423 2977 ad
1442 2945 1598 2985 hujusmodi
1619 2946 1768 2977 Erroribus
1781 2946 1957 2976 obviandum
1968 2968 1978 2984 ,
1994 2945 2182 2976 Conventurn
2198 2969 2208 2983 ,
2234 2946 2371 2978 Concor-

1309 2986 1422 3023 datum,
1440 2985 1474 3016 &
1489 2985 1666 3016 C'onclusum
1681 2983 1722 3014 est
1734 2984 1813 3023 quod
1830 2983 2006 3015 Mercatores
2025 2984 2146 3021 Stapulae
2167 2983 2267 3015 Calesii
2290 2986 2368 3016 dein—

1311 3032 1375 3061 ceps
1390 3023 1439 3053 sub
1458 3023 1509 3054 suis
1520 3024 1702 3054 Nominibus
1717 3023 1750 3053 &
1764 3021 1860 3063 Patriis
1873 3023 1992 3062 propriis
2006 3021 2120 3053 fideliter
2137 3022 2171 3052 ad
2187 3022 2290 3053 dictam
2305 3023 2368 3055 Sta·

1311 3061 1559 3130 ῂυῐεπιὲἀίᾆυεεηῑ
1574 3061 1618 3092 seu
1635 3061 1734 3092 adduci
1747 3060 1853 3092 facient
1874 3062 1974 3100 genera
1999 3058 2142 3092 Lanarum
2157 3070 2227 3100 ⁴quae
2249 3061 2370 3100 sequunss

1311 3109 1372 3139 tur,
1388 3111 1417 3131 vi
1438 3110 1453 3130 e
1465 3109 1537 3139 icet,

1346 3175 1436 3211 Bonas
1455 3175 1542 3207 Lanas
1557 3176 1589 3206 de
1605 3175 1758 3216 Lenipster,
1774 3170 1936 3207 Medion-es
1962 3174 2114 3215 Lempster‚

1347 3214 1438 3246 Bonas
1454 3215 1541 3246 Lanas
1558 3215 1590 3243 de
1608 3214 1733 3252 Mai-the,
1753 3215 1916 3246 Mediocres
1935 3214 2068 3251 Marche,
2088 3213 2199 3252 Pejores
2218 3213 2348 3253 Marche,

1347 3252 1544 3321 Bonasllianas
1561 3253 1594 3282 de
1620 3252 1786 3291 Corteswold
1797 3264 1807 3292 ,
1839 3252 2003 3283 Mediocres
2030 3251 2197 3291 Cottcjswald
2210 3273 2221 3288 ,
2253 3252 2366 3290 Pejores

1310 3294 1386 3321 Certe
1400 3302 1443 3322 wo

1349 3291 1440 3360 &sias
1460 3315 1547 3360 L’anas
1565 3330 1597 3359 de
1616 3328 1774 3367 Berlstffira,
1794 3328 1958 3360 Mediocres
1979 3326 2135 3367 Berkssrfre,

1348 3369 1438 3437 {⁶1³⁰ss
1458 3369 1547 3399 Lanas
1570 3372 1677 3397 invenis
1708 3367 1875 3406 Cottcsieold
1887 3390 1897 3405 ,
1931 3365 2094 3396 Mediocres
2124 3370 2232 3397 invenis
2257 3368 2363 3407 Cottest

1308 3420 1352 3438 wo
1575 3436 1577 3439 .

1345 3430 1437 3476 Bonas
1455 3444 1543 3475 Lanas
1558 3443 1590 3473 dc·
1610 3443 1754 3482 Lindefih
1775 3443 1938 3484 Mediocres
1962 3442 2112 3482 Limkfty,

1346 3484 1436 3514 Bonas
1454 3482 1542 3513 Lanas
1560 3483 1592 3511 de
1607 3482 1721 3521 Kesten,
1740 3481 1902 3513 Mediocrcs
1915 3482 2028 3521 Kestm,

1344 3520 1363 3541 *⁴
1382 3522 1470 3552 Bonas
1490 3522 1578 3551 Latias
1596 3521 1628 3550 de
1647 3521 1785 3557 Rittland,
1803 3519 1966 3558 Mediocres
1982 3517 2124 3557 Ruzland,

1344 3560 1434 3591 Bonas
1451 3555 1541 3590 Lanas
1559 3559 1591 3588 de
1607 3558 1732 3595 Holand,
1751 3558 1914 3589 Mediocres
1930 3557 2058 3595 Holand,
2114 3594 2115 3597 Ἰ

1344 3598 1434 3629 Bonas
1452 3597 1543 3629 Lanas
1561 3598 1592 3626 de
1608 3600 1695 3626 Lowe
1710 3596 1858 3637 Lindty'by,
1878 3595 2041 3626 Mediocres
2059 3597 2147 3626 Lowe
2169 3595 2299 3636 Lindefty
2311 3619 2322 3635 ,

1341 3637 1432 3667 Bonas
1454 3636 1540 3673 Lanas
1557 3636 1589 3664 de
1606 3633 1810 3671 Northholand,
1982 3664 1984 3667 ,

1342 3674 1433 3705 Bonas
1452 3674 1542 3704 Lanas
1559 3673 1590 3702 de
1610 3671 1774 3711 Northfolk,
1793 3665 2139 3712 MediocroeNorthfiilk,

1342 3712 1433 3743 Bonas
1453 3708 1542 3742 Lanas
1561 3710 1594 3739 de
1609 3713 1704 3747 Kent,
1724 3709 1887 3741 Mediocres
1904 3709 1936 3739 de
1954 3710 2046 3748 Kent,
2244 3738 2246 3741 ,

1343 3751 1434 3782 Bonas
1453 3750 1542 3780 Lanas
1559 3750 1591 3778 de
1609 3748 1738 3788 Lindefi’y
1753 3747 1893 3786 Marsjhe,
1909 3748 2074 3779 Mediocres
2090 3747 2360 3790 Lindesinarlfhe,

1344 3827 1513 3863 Licebitque
1527 3820 1651 3854 Subditis
1662 3823 1731 3854 dieti
1746 3825 1821 3861 Regis
1836 3820 1968 3865 castellae,
1978 3821 2046 3865 &tn¹
2058 3823 2219 3854 Archiducis
2234 3824 2358 3865 Austriae

1303 3865 1366 3901 ὠς.
1385 3866 1475 3900 Lan-as
1488 3862 1588 3893 Calesii
1602 3862 1707 3897 ,Emere
1721 3862 1894 3900 volentibus,
1912 3863 2018 3894 easdem
2036 3864 2123 3892 Lanas
2137 3864 2166 3892 in
2180 3862 2225 3893 lua
2237 3874 2271 3895 ac
2285 3865 2356 3896 alio-

1304 3910 1368 3935 rum
1381 3903 1434 3932 succ
1446 3901 1479 3931 N
1482 3902 1580 3931 ationis
1594 3899 1768 3938 Peritorum,
1778 3911 1858 3938 ,quos
1868 3900 1962 3931 secum
1976 3900 2116 3932 adducere
2136 3901 2252 3941 volent,
2275 3902 2355 3934 Praess

1303 3942 1388 3973 sentia
1403 3940 1522 3971 totaliter
1535 3948 1567 3970 ex
1583 3938 1748 3976 Serpelleriis
1762 3940 1794 3969 &
1810 3939 1904 3969 Saccis
1919 3938 2061 3969 extrahere
2077 3938 2120 3968 vel
2137 3940 2241 3970 extrahi
2254 3939 2353 3980 facere,

1305 3982 1338 4011 &
1353 3980 1389 4010 sic
1402 3977 1546 4008 Extractas
1559 3986 1608 4015 per
1622 3976 1723 4016 singula
1738 3976 1844 4013 Vellera
1861 3977 1879 4006 li
1893 3977 2032 4007 voluerint
2054 3976 2149 4008 videre
2173 3979 2207 4010 &
2229 3979 2354 4017 vilitate,
2378 3991 2390 4007 ο

1303 4018 1466 4054 easdemque
1485 4015 1573 4045 Lanas
1589 4014 1731 4045 Exrra&as
1746 4015 1779 4046 &
1795 4014 1918 4046 Visitata's
1933 4025 1980 4053 per
1993 4015 2064 4054 ipsos
2079 4024 2126 4046 aut
2144 4025 2192 4055 per
2215 4015 2352 4048 Pactatoe

1304 4065 1365 4087 rem
1381 4055 1424 4084 vcl
1439 4054 1523 4084 alium
1537 4057 1747 4091 quemcumque
1761 4054 1847 4082 etiam
1866 4054 1895 4083 in
1916 4062 2017 4083 eorum
2036 4053 2186 4086 Praesentia
2201 4055 2231 4085 in
2249 4056 2355 4086 Saccos

1305 4095 1363 4127 sive
1375 4092 1546 4137 Serpellejias
1559 4095 1711 4131 reponere,
1729 4091 1888 4159 reclIud‘ere,
1903 4091 1947 4124 vel
1961 4100 2124 4132 repaccaoe,
2140 4092 2363 4160 SumptibusEt}

2376 609 2488 647 *xisti

2381 662 2441 694 ιη

2384 3525 2496 3558 *xttL

2389 3567 2449 3602 138.
