<?xml version="1.0" encoding="UTF-8"?>
<!DOCTYPE html PUBLIC "-//W3C//DTD XHTML 1.0 Transitional//EN"
    "http://www.w3.org/TR/xhtml1/DTD/xhtml1-transitional.dtd">
<html xmlns="http://www.w3.org/1999/xhtml" xml:lang="en" lang="en">
 <head>
  <title>
</title>
<meta http-equiv="Content-Type" content="text/html;charset=utf-8" />
  <meta name='ocr-system' content='tesseract 3.04.00' />
  <meta name='ocr-capabilities' content='ocr_page ocr_carea ocr_par ocr_line ocrx_word'/>
</head>
<body>
  <div class='ocr_page' id='page_1' title='image "./fderaconventione05ryme_0766.png"; bbox 0 0 2555 4266; ppageno 0'>
   <div class='ocr_carea' id='block_1_1' title="bbox 11 344 114 375">
    <p class='ocr_par' dir='ltr' id='par_1_1' title="bbox 11 344 114 375">
     <span class='ocr_line' id='line_1_1' title="bbox 11 344 114 375; baseline -0.029 -6"><span class='ocrx_word' id='word_1_1' title='bbox 11 344 73 369; x_wconf 74' lang='lat' dir='ltr'>lien.</span> <span class='ocrx_word' id='word_1_2' title='bbox 88 349 114 375; x_wconf 87' lang='lat'>7.</span> 
     </span>
    </p>
   </div>
   <div class='ocr_carea' id='block_1_2' title="bbox 22 2389 130 2469">
    <p class='ocr_par' dir='ltr' id='par_1_2' title="bbox 22 2389 130 2469">
     <span class='ocr_line' id='line_1_2' title="bbox 22 2389 130 2421; baseline 0.009 -1"><span class='ocrx_word' id='word_1_3' title='bbox 22 2389 43 2409; x_wconf 70' lang='lat'>⁸</span> <span class='ocrx_word' id='word_1_4' title='bbox 60 2392 130 2421; x_wconf 76' lang='lat' dir='ltr'><strong>XII.</strong></span> 
     </span>
     <span class='ocr_line' id='line_1_3' title="bbox 26 2431 90 2469; baseline 0.031 -12"><span class='ocrx_word' id='word_1_5' title='bbox 26 2431 90 2469; x_wconf 84' lang='lat'>738.</span> 
     </span>
    </p>
   </div>
   <div class='ocr_carea' id='block_1_3' title="bbox 157 184 236 233">
    <p class='ocr_par' dir='ltr' id='par_1_3' title="bbox 157 184 236 233">
     <span class='ocr_line' id='line_1_4' title="bbox 157 184 236 233; baseline -0.038 -10"><span class='ocrx_word' id='word_1_6' title='bbox 157 184 236 233; x_wconf 86' lang='lat'>146</span> 
     </span>
    </p>
   </div>
   <div class='ocr_carea' id='block_1_4' title="bbox 153 290 1218 1488">
    <p class='ocr_par' dir='ltr' id='par_1_4' title="bbox 153 290 1215 490">
     <span class='ocr_line' id='line_1_5' title="bbox 153 290 1213 338; baseline -0.016 -3"><span class='ocrx_word' id='word_1_7' title='bbox 153 307 258 335; x_wconf 90' lang='lat' dir='ltr'>borum</span> <span class='ocrx_word' id='word_1_8' title='bbox 272 304 382 338; x_wconf 86' lang='lat' dir='ltr'>forma,</span> <span class='ocrx_word' id='word_1_9' title='bbox 399 298 553 335; x_wconf 74' lang='lat' dir='ltr'>concesso,</span> <span class='ocrx_word' id='word_1_10' title='bbox 570 307 630 327; x_wconf 87' lang='lat' dir='ltr'>non</span> <span class='ocrx_word' id='word_1_11' title='bbox 645 296 792 332; x_wconf 84' lang='lat' dir='ltr'>obstante,</span> <span class='ocrx_word' id='word_1_12' title='bbox 807 296 853 324; x_wconf 88' lang='lat' dir='ltr'>cui</span> <span class='ocrx_word' id='word_1_13' title='bbox 869 294 967 335; x_wconf 82' lang='lat' dir='ltr'>sponte</span> <span class='ocrx_word' id='word_1_14' title='bbox 978 290 1213 333; x_wconf 50' lang='lat' dir='ltr'>Renunciatum,</span> 
     </span>
     <span class='ocr_line' id='line_1_6' title="bbox 157 328 1215 382; baseline -0.017 -9"><span class='ocrx_word' id='word_1_15' title='bbox 157 342 316 382; x_wconf 84' lang='lat' dir='ltr'>Approbari</span> <span class='ocrx_word' id='word_1_16' title='bbox 336 343 367 370; x_wconf 62' lang='grc' dir='ltr'>ἃ</span> <span class='ocrx_word' id='word_1_17' title='bbox 385 337 554 368; x_wconf 76' lang='lat' dir='ltr'>Conrirmari</span> <span class='ocrx_word' id='word_1_18' title='bbox 578 336 743 371; x_wconf 63' lang='lat' dir='ltr'>voluerunt,</span> <span class='ocrx_word' id='word_1_19' title='bbox 763 340 844 370; x_wconf 87' lang='lat' dir='ltr'>prout</span> <span class='ocrx_word' id='word_1_20' title='bbox 865 333 894 362; x_wconf 91' lang='lat' dir='ltr'>in</span> <span class='ocrx_word' id='word_1_21' title='bbox 917 330 1081 368; x_wconf 73' lang='lat' dir='ltr'>quibusdam</span> <span class='ocrx_word' id='word_1_22' title='bbox 1102 328 1215 372; x_wconf 72' lang='lat' dir='ltr'>Litteris</span> 
     </span>
     <span class='ocr_line' id='line_1_7' title="bbox 157 368 1212 417; baseline -0.016 -5"><span class='ocrx_word' id='word_1_23' title='bbox 157 381 317 412; x_wconf 55' lang='lat' dir='ltr'>Parentibus</span> <span class='ocrx_word' id='word_1_24' title='bbox 329 380 351 417; x_wconf 90' lang='lat' dir='ltr'>ej</span> <span class='ocrx_word' id='word_1_25' title='bbox 358 377 448 407; x_wconf 49' lang='lat' dir='ltr'>¹isdem</span> <span class='ocrx_word' id='word_1_26' title='bbox 466 375 601 404; x_wconf 61' lang='lat' dir='ltr'>Ladae-ici</span> <span class='ocrx_word' id='word_1_27' title='bbox 618 376 694 410; x_wconf 78' lang='lat' dir='ltr'>Regis</span> <span class='ocrx_word' id='word_1_28' title='bbox 709 371 823 407; x_wconf 78' lang='lat' dir='ltr'>desuper</span> <span class='ocrx_word' id='word_1_29' title='bbox 837 369 993 405; x_wconf 67' lang='lat' dir='ltr'>confectis,</span> <span class='ocrx_word' id='word_1_30' title='bbox 1009 378 1074 407; x_wconf 76' lang='lat' dir='ltr'>quas</span> <span class='ocrx_word' id='word_1_31' title='bbox 1093 368 1212 401; x_wconf 64' lang='lat' dir='ltr'>diligen-</span> 
     </span>
     <span class='ocr_line' id='line_1_8' title="bbox 157 402 1214 455; baseline -0.014 -6"><span class='ocrx_word' id='word_1_32' title='bbox 157 428 199 450; x_wconf 87' lang='lat' dir='ltr'>ter</span> <span class='ocrx_word' id='word_1_33' title='bbox 222 419 334 455; x_wconf 73' lang='lat' dir='ltr'>inspici,</span> <span class='ocrx_word' id='word_1_34' title='bbox 352 426 400 451; x_wconf 88' lang='lat' dir='ltr'>ac,</span> <span class='ocrx_word' id='word_1_35' title='bbox 418 413 523 444; x_wconf 71' lang='lat' dir='ltr'>omiffis</span> <span class='ocrx_word' id='word_1_36' title='bbox 544 411 740 442; x_wconf 72' lang='lat' dir='ltr'>Caraeteribus</span> <span class='ocrx_word' id='word_1_37' title='bbox 755 410 793 455; x_wconf 72' lang='grc' dir='ltr'>ᾃ</span> <span class='ocrx_word' id='word_1_38' title='bbox 805 408 904 452; x_wconf 36' lang='lat' dir='ltr'>Signis·</span> <span class='ocrx_word' id='word_1_39' title='bbox 915 407 951 439; x_wconf 90' lang='lat' dir='ltr'>de</span> <span class='ocrx_word' id='word_1_40' title='bbox 975 406 1073 438; x_wconf 87' lang='lat' dir='ltr'>Verbo</span> <span class='ocrx_word' id='word_1_41' title='bbox 1089 405 1123 435; x_wconf 87' lang='lat' dir='ltr'>ad</span> <span class='ocrx_word' id='word_1_42' title='bbox 1139 402 1167 434; x_wconf 89' lang='lat' dir='ltr'>V</span> <span class='ocrx_word' id='word_1_43' title='bbox 1169 413 1214 434; x_wconf 87' lang='lat' dir='ltr'>er-</span> 
     </span>
     <span class='ocr_line' id='line_1_9' title="bbox 157 448 1212 490; baseline -0.014 -2"><span class='ocrx_word' id='word_1_44' title='bbox 157 458 232 488; x_wconf 88' lang='lat' dir='ltr'>bum</span> <span class='ocrx_word' id='word_1_45' title='bbox 251 454 431 486; x_wconf 79' lang='lat' dir='ltr'>Praesentibus</span> <span class='ocrx_word' id='word_1_46' title='bbox 449 452 526 481; x_wconf 84' lang='lat' dir='ltr'>inseri</span> <span class='ocrx_word' id='word_1_47' title='bbox 545 450 683 486; x_wconf 81' lang='lat' dir='ltr'>fecimus,</span> <span class='ocrx_word' id='word_1_48' title='bbox 701 448 810 486; x_wconf 87' lang='lat' dir='ltr'>plenius</span> <span class='ocrx_word' id='word_1_49' title='bbox 825 454 1012 490; x_wconf 52' lang='lat' dir='ltr'>continetur,</span> <span class='ocrx_word' id='word_1_50' title='bbox 1206 476 1212 485; x_wconf 35' lang='grc' dir='ltr'><strong>ἱ</strong></span> 
     </span>
    </p>

    <p class='ocr_par' dir='ltr' id='par_1_5' title="bbox 157 484 1215 725">
     <span class='ocr_line' id='line_1_10' title="bbox 197 484 1214 533; baseline -0.014 -9"><span class='ocrx_word' id='word_1_51' title='bbox 197 496 292 533; x_wconf 82' lang='lat' dir='ltr'>Quare</span> <span class='ocrx_word' id='word_1_52' title='bbox 306 502 356 530; x_wconf 87' lang='lat' dir='ltr'>pro</span> <span class='ocrx_word' id='word_1_53' title='bbox 371 491 452 522; x_wconf 85' lang='lat' dir='ltr'>Parte</span> <span class='ocrx_word' id='word_1_54' title='bbox 467 489 609 519; x_wconf 81' lang='lat' dir='ltr'>Ludowici</span> <span class='ocrx_word' id='word_1_55' title='bbox 622 489 654 519; x_wconf 90' lang='lat'>&amp;</span> <span class='ocrx_word' id='word_1_56' title='bbox 669 489 784 517; x_wconf 78' lang='lat' dir='ltr'>Henrici</span> <span class='ocrx_word' id='word_1_57' title='bbox 806 487 907 522; x_wconf 81' lang='lat' dir='ltr'><strong><em>Regum</em></strong></span> <span class='ocrx_word' id='word_1_58' title='bbox 927 484 1147 527; x_wconf 56' lang='lat' dir='ltr'>praedictorum,</span> <span class='ocrx_word' id='word_1_59' title='bbox 1165 490 1214 519; x_wconf 83' lang='lat' dir='ltr'>qul</span> 
     </span>
     <span class='ocr_line' id='line_1_11' title="bbox 157 518 1215 568; baseline -0.016 -4"><span class='ocrx_word' id='word_1_60' title='bbox 157 535 231 564; x_wconf 79' lang='lat' dir='ltr'>infra</span> <span class='ocrx_word' id='word_1_61' title='bbox 246 540 358 568; x_wconf 87' lang='lat' dir='ltr'>tempus</span> <span class='ocrx_word' id='word_1_62' title='bbox 373 528 631 559; x_wconf 81' lang='lat' dir='ltr'>Confirniationem</span> <span class='ocrx_word' id='word_1_63' title='bbox 648 525 812 563; x_wconf 72' lang='lat' dir='ltr'>praedietam</span> <span class='ocrx_word' id='word_1_64' title='bbox 828 533 876 562; x_wconf 90' lang='lat' dir='ltr'>per</span> <span class='ocrx_word' id='word_1_65' title='bbox 889 532 992 554; x_wconf 86' lang='lat' dir='ltr'>eorum</span> <span class='ocrx_word' id='word_1_66' title='bbox 1006 521 1078 560; x_wconf 85' lang='lat' dir='ltr'>apud</span> <span class='ocrx_word' id='word_1_67' title='bbox 1088 522 1154 562; x_wconf 53' lang='lat' dir='ltr'>lNos¹</span> <span class='ocrx_word' id='word_1_68' title='bbox 1167 518 1215 548; x_wconf 88' lang='lat' dir='ltr'>O-</span> 
     </span>
     <span class='ocr_line' id='line_1_12' title="bbox 158 557 1213 607; baseline -0.016 -5"><span class='ocrx_word' id='word_1_69' title='bbox 158 580 261 602; x_wconf 80' lang='lat' dir='ltr'>ratores</span> <span class='ocrx_word' id='word_1_70' title='bbox 278 569 434 607; x_wconf 87' lang='lat' dir='ltr'>petierunt,</span> <span class='ocrx_word' id='word_1_71' title='bbox 461 566 560 596; x_wconf 87' lang='lat' dir='ltr'>Nobis</span> <span class='ocrx_word' id='word_1_72' title='bbox 583 565 637 596; x_wconf 86' lang='lat' dir='ltr'>fuit</span> <span class='ocrx_word' id='word_1_73' title='bbox 655 564 797 594; x_wconf 89' lang='lat' dir='ltr'>humiliter</span> <span class='ocrx_word' id='word_1_74' title='bbox 820 563 1014 601; x_wconf 81' lang='lat' dir='ltr'>Supplicatum</span> <span class='ocrx_word' id='word_1_75' title='bbox 1035 568 1066 590; x_wconf 91' lang='lat' dir='ltr'>ut</span> <span class='ocrx_word' id='word_1_76' title='bbox 1087 558 1154 588; x_wconf 90' lang='lat' dir='ltr'>Paci</span> <span class='ocrx_word' id='word_1_77' title='bbox 1179 557 1213 586; x_wconf 73' lang='lat' dir='ltr'>&amp;c</span> 
     </span>
     <span class='ocr_line' id='line_1_13' title="bbox 159 593 1214 643; baseline -0.015 -4"><span class='ocrx_word' id='word_1_78' title='bbox 159 608 334 640; x_wconf 62' lang='lat' dir='ltr'>Concordiae</span> <span class='ocrx_word' id='word_1_79' title='bbox 347 605 506 643; x_wconf 72' lang='lat' dir='ltr'>praedietis,</span> <span class='ocrx_word' id='word_1_80' title='bbox 525 614 578 643; x_wconf 90' lang='lat' dir='ltr'>pro</span> <span class='ocrx_word' id='word_1_81' title='bbox 594 604 702 633; x_wconf 88' lang='lat' dir='ltr'>illarum</span> <span class='ocrx_word' id='word_1_82' title='bbox 717 601 886 643; x_wconf 70' lang='lat' dir='ltr'>subsistentia</span> <span class='ocrx_word' id='word_1_83' title='bbox 902 599 1017 641; x_wconf 78' lang='lat' dir='ltr'>firmiori</span> <span class='ocrx_word' id='word_1_84' title='bbox 1027 620 1036 635; x_wconf 89' lang='lat'>,</span> <span class='ocrx_word' id='word_1_85' title='bbox 1055 597 1157 626; x_wconf 86' lang='lat' dir='ltr'>Robur</span> <span class='ocrx_word' id='word_1_86' title='bbox 1172 593 1214 623; x_wconf 83' lang='lat' dir='ltr'>A-</span> 
     </span>
     <span class='ocr_line' id='line_1_14' title="bbox 158 631 1213 686; baseline -0.015 -9"><span class='ocrx_word' id='word_1_87' title='bbox 158 647 306 686; x_wconf 80' lang='lat' dir='ltr'>postolicae</span> <span class='ocrx_word' id='word_1_88' title='bbox 321 644 559 675; x_wconf 86' lang='lat' dir='ltr'>Confirmationis</span> <span class='ocrx_word' id='word_1_89' title='bbox 574 642 709 681; x_wconf 88' lang='lat' dir='ltr'>adjicere,</span> <span class='ocrx_word' id='word_1_90' title='bbox 727 641 843 678; x_wconf 73' lang='lat' dir='ltr'>aliasque</span> <span class='ocrx_word' id='word_1_91' title='bbox 866 640 895 668; x_wconf 89' lang='lat' dir='ltr'>in</span> <span class='ocrx_word' id='word_1_92' title='bbox 910 638 1056 676; x_wconf 76' lang='lat' dir='ltr'>praemiilis</span> <span class='ocrx_word' id='word_1_93' title='bbox 1071 631 1213 671; x_wconf 76' lang='lat' dir='ltr'>oportune</span> 
     </span>
     <span class='ocr_line' id='line_1_15' title="bbox 159 679 1048 725; baseline -0.015 -9"><span class='ocrx_word' id='word_1_94' title='bbox 159 685 307 725; x_wconf 82' lang='lat' dir='ltr'>providere</span> <span class='ocrx_word' id='word_1_95' title='bbox 322 683 359 713; x_wconf 90' lang='lat' dir='ltr'>de</span> <span class='ocrx_word' id='word_1_96' title='bbox 372 682 546 719; x_wconf 82' lang='lat' dir='ltr'>Benignitate</span> <span class='ocrx_word' id='word_1_97' title='bbox 558 679 725 718; x_wconf 75' lang='lat' dir='ltr'>Apostolica</span> <span class='ocrx_word' id='word_1_98' title='bbox 738 679 934 717; x_wconf 85' lang='lat' dir='ltr'>dignaremur,</span> <span class='ocrx_word' id='word_1_99' title='bbox 1043 711 1048 716; x_wconf 88' lang='lat'><strong>.</strong></span> 
     </span>
    </p>

    <p class='ocr_par' dir='ltr' id='par_1_6' title="bbox 156 708 1214 1179">
     <span class='ocr_line' id='line_1_16' title="bbox 196 708 1214 760; baseline -0.016 -7"><span class='ocrx_word' id='word_1_100' title='bbox 196 724 265 754; x_wconf 89' lang='lat' dir='ltr'>Nos</span> <span class='ocrx_word' id='word_1_101' title='bbox 277 723 374 760; x_wconf 84' lang='lat' dir='ltr'>igitur,</span> <span class='ocrx_word' id='word_1_102' title='bbox 393 722 441 758; x_wconf 84' lang='lat' dir='ltr'>qui</span> <span class='ocrx_word' id='word_1_103' title='bbox 455 722 526 750; x_wconf 87' lang='lat' dir='ltr'>inter</span> <span class='ocrx_word' id='word_1_104' title='bbox 539 719 660 750; x_wconf 72' lang='grc' dir='ltr'>ωῃᾶος</span> <span class='ocrx_word' id='word_1_105' title='bbox 675 717 784 748; x_wconf 86' lang='lat' dir='ltr'>Christi</span> <span class='ocrx_word' id='word_1_106' title='bbox 799 714 907 757; x_wconf 80' lang='lat' dir='ltr'>Fideles</span> <span class='ocrx_word' id='word_1_107' title='bbox 930 711 1080 750; x_wconf 87' lang='lat' dir='ltr'>praesertim</span> <span class='ocrx_word' id='word_1_108' title='bbox 1102 708 1214 753; x_wconf 78' lang='lat' dir='ltr'>Catho—</span> 
     </span>
     <span class='ocr_line' id='line_1_17' title="bbox 160 751 1213 796; baseline -0.016 -3"><span class='ocrx_word' id='word_1_109' title='bbox 160 763 232 793; x_wconf 89' lang='lat' dir='ltr'>licos</span> <span class='ocrx_word' id='word_1_110' title='bbox 245 760 274 790; x_wconf 91' lang='lat' dir='ltr'>R</span> <span class='ocrx_word' id='word_1_111' title='bbox 309 770 338 791; x_wconf 87' lang='lat' dir='ltr'>es</span> <span class='ocrx_word' id='word_1_112' title='bbox 349 760 382 790; x_wconf 73' lang='grc' dir='ltr'>ὅ(</span> <span class='ocrx_word' id='word_1_113' title='bbox 399 759 540 796; x_wconf 74' lang='lat' dir='ltr'><strong>Principes</strong></span> <span class='ocrx_word' id='word_1_114' title='bbox 552 758 633 789; x_wconf 84' lang='lat' dir='ltr'>Pacis</span> <span class='ocrx_word' id='word_1_115' title='bbox 651 755 845 787; x_wconf 84' lang='lat' dir='ltr'>amoenitatem</span> <span class='ocrx_word' id='word_1_116' title='bbox 860 761 956 790; x_wconf 77' lang='lat' dir='ltr'>vrgere</span> <span class='ocrx_word' id='word_1_117' title='bbox 977 751 1009 781; x_wconf 68' lang='grc' dir='ltr'>ὃ(</span> <span class='ocrx_word' id='word_1_118' title='bbox 1022 758 1139 793; x_wconf 69' lang='lat' dir='ltr'>augeri,</span> <span class='ocrx_word' id='word_1_119' title='bbox 1159 756 1213 789; x_wconf 81' lang='lat' dir='ltr'>no·-</span> 
     </span>
     <span class='ocr_line' id='line_1_18' title="bbox 158 769 1213 840; baseline -0.017 -9"><span class='ocrx_word' id='word_1_120' title='bbox 158 801 221 831; x_wconf 80' lang='lat' dir='ltr'>stris</span> <span class='ocrx_word' id='word_1_121' title='bbox 233 769 374 837; x_wconf 57' lang='lat' dir='ltr'>pot‘ffiime</span> <span class='ocrx_word' id='word_1_122' title='bbox 389 798 576 840; x_wconf 78' lang='lat' dir='ltr'>temporibus,</span> <span class='ocrx_word' id='word_1_123' title='bbox 594 794 724 834; x_wconf 84' lang='lat' dir='ltr'>supremis</span> <span class='ocrx_word' id='word_1_124' title='bbox 737 791 920 822; x_wconf 85' lang='lat' dir='ltr'>desideramus</span> <span class='ocrx_word' id='word_1_125' title='bbox 935 788 1082 831; x_wconf 58' lang='lat' dir='ltr'>aflectibus</span> <span class='ocrx_word' id='word_1_126' title='bbox 1092 810 1101 824; x_wconf 90' lang='lat'>,</span> <span class='ocrx_word' id='word_1_127' title='bbox 1119 783 1213 829; x_wconf 78' lang='lat' dir='ltr'>hujus-</span> 
     </span>
     <span class='ocr_line' id='line_1_19' title="bbox 160 823 1214 875; baseline -0.018 -5"><span class='ocrx_word' id='word_1_128' title='bbox 160 838 240 870; x_wconf 83' lang='lat' dir='ltr'>rnodi</span> <span class='ocrx_word' id='word_1_129' title='bbox 254 835 511 875; x_wconf 88' lang='lat' dir='ltr'>Supplicationibus</span> <span class='ocrx_word' id='word_1_130' title='bbox 523 834 666 870; x_wconf 82' lang='lat' dir='ltr'>inclinati,</span> <span class='ocrx_word' id='word_1_131' title='bbox 684 830 788 872; x_wconf 84' lang='lat' dir='ltr'>Pacem</span> <span class='ocrx_word' id='word_1_132' title='bbox 806 827 1051 872; x_wconf 66' lang='lat' dir='ltr'>&amp;Concordiam</span> <span class='ocrx_word' id='word_1_133' title='bbox 1070 823 1214 869; x_wconf 58' lang='lat' dir='ltr'>praedictas</span> 
     </span>
     <span class='ocr_line' id='line_1_20' title="bbox 158 862 1214 917; baseline -0.015 -10"><span class='ocrx_word' id='word_1_134' title='bbox 158 886 194 908; x_wconf 82' lang='lat' dir='ltr'>ac</span> <span class='ocrx_word' id='word_1_135' title='bbox 209 885 293 917; x_wconf 86' lang='lat' dir='ltr'>prout</span> <span class='ocrx_word' id='word_1_136' title='bbox 311 876 368 906; x_wconf 88' lang='lat' dir='ltr'>illas</span> <span class='ocrx_word' id='word_1_137' title='bbox 381 881 558 905; x_wconf 84' lang='lat' dir='ltr'>concernunt</span> <span class='ocrx_word' id='word_1_138' title='bbox 570 872 668 901; x_wconf 90' lang='lat' dir='ltr'>omnia</span> <span class='ocrx_word' id='word_1_139' title='bbox 682 870 715 899; x_wconf 84' lang='lat'>&amp;</span> <span class='ocrx_word' id='word_1_140' title='bbox 726 868 825 907; x_wconf 80' lang='lat' dir='ltr'>lingula</span> <span class='ocrx_word' id='word_1_141' title='bbox 841 877 868 896; x_wconf 90' lang='lat' dir='ltr'>iti</span> <span class='ocrx_word' id='word_1_142' title='bbox 880 866 962 909; x_wconf 59' lang='lat' dir='ltr'>dietis</span> <span class='ocrx_word' id='word_1_143' title='bbox 976 864 1139 895; x_wconf 76' lang='lat' dir='ltr'>Parentibus</span> <span class='ocrx_word' id='word_1_144' title='bbox 1150 862 1214 892; x_wconf 74' lang='lat' dir='ltr'>Lit-</span> 
     </span>
     <span class='ocr_line' id='line_1_21' title="bbox 156 900 1214 947; baseline -0.017 0"><span class='ocrx_word' id='word_1_145' title='bbox 156 918 224 947; x_wconf 88' lang='lat' dir='ltr'>teris</span> <span class='ocrx_word' id='word_1_146' title='bbox 238 922 371 946; x_wconf 90' lang='lat' dir='ltr'>contenta</span> <span class='ocrx_word' id='word_1_147' title='bbox 386 915 418 945; x_wconf 85' lang='lat'>&amp;</span> <span class='ocrx_word' id='word_1_148' title='bbox 434 912 498 942; x_wconf 90' lang='lat' dir='ltr'>inde</span> <span class='ocrx_word' id='word_1_149' title='bbox 514 911 604 942; x_wconf 75' lang='lat' dir='ltr'>secuta</span> <span class='ocrx_word' id='word_1_150' title='bbox 620 916 797 946; x_wconf 51' lang='lat' dir='ltr'>quaecunque</span> <span class='ocrx_word' id='word_1_151' title='bbox 821 904 997 936; x_wconf 59' lang='lat' dir='ltr'>Aueroritate</span> <span class='ocrx_word' id='word_1_152' title='bbox 1019 901 1132 945; x_wconf 69' lang='lat' dir='ltr'>praefata</span> <span class='ocrx_word' id='word_1_153' title='bbox 1150 900 1214 943; x_wconf 80' lang='lat' dir='ltr'>Te—</span> 
     </span>
     <span class='ocr_line' id='line_1_22' title="bbox 159 938 1213 987; baseline -0.016 -3"><span class='ocrx_word' id='word_1_154' title='bbox 159 964 231 985; x_wconf 86' lang='lat' dir='ltr'>nore</span> <span class='ocrx_word' id='word_1_155' title='bbox 244 953 428 983; x_wconf 81' lang='lat' dir='ltr'>Praesentium</span> <span class='ocrx_word' id='word_1_156' title='bbox 445 947 683 987; x_wconf 84' lang='lat' dir='ltr'>Approbamus&amp;</span> <span class='ocrx_word' id='word_1_157' title='bbox 696 944 925 985; x_wconf 77' lang='lat' dir='ltr'>Confirmatiius,</span> <span class='ocrx_word' id='word_1_158' title='bbox 943 952 975 972; x_wconf 92' lang='lat' dir='ltr'>ac</span> <span class='ocrx_word' id='word_1_159' title='bbox 991 938 1213 980; x_wconf 79' lang='lat' dir='ltr'>praelentisScri—</span> 
     </span>
     <span class='ocr_line' id='line_1_23' title="bbox 159 976 1213 1033; baseline -0.018 -10"><span class='ocrx_word' id='word_1_160' title='bbox 159 993 203 1033; x_wconf 84' lang='lat' dir='ltr'>pti</span> <span class='ocrx_word' id='word_1_161' title='bbox 215 991 376 1022; x_wconf 88' lang='lat' dir='ltr'>Patrocinio</span> <span class='ocrx_word' id='word_1_162' title='bbox 391 987 633 1022; x_wconf 87' lang='lat' dir='ltr'>Communimus,</span> <span class='ocrx_word' id='word_1_163' title='bbox 654 983 823 1014; x_wconf 71' lang='lat' dir='ltr'>Mandantes</span> <span class='ocrx_word' id='word_1_164' title='bbox 844 982 897 1011; x_wconf 57' lang='lat' dir='ltr'>illas</span> <span class='ocrx_word' id='word_1_165' title='bbox 916 991 964 1020; x_wconf 85' lang='lat' dir='ltr'>per</span> <span class='ocrx_word' id='word_1_166' title='bbox 985 980 1099 1022; x_wconf 81' lang='lat' dir='ltr'>eosdem</span> <span class='ocrx_word' id='word_1_167' title='bbox 1119 976 1213 1007; x_wconf 79' lang='lat' dir='ltr'>Ludo-</span> 
     </span>
     <span class='ocr_line' id='line_1_24' title="bbox 161 1018 1212 1065; baseline -0.015 -4"><span class='ocrx_word' id='word_1_168' title='bbox 161 1035 253 1061; x_wconf 80' lang='lat' dir='ltr'>vicum</span> <span class='ocrx_word' id='word_1_169' title='bbox 270 1029 308 1065; x_wconf 78' lang='lat'><em>&amp;</em></span> <span class='ocrx_word' id='word_1_170' title='bbox 324 1030 469 1057; x_wconf 83' lang='lat' dir='ltr'>Henricum</span> <span class='ocrx_word' id='word_1_171' title='bbox 484 1027 582 1062; x_wconf 75' lang='lat' dir='ltr'>Reges,</span> <span class='ocrx_word' id='word_1_172' title='bbox 600 1025 673 1061; x_wconf 77' lang='lat' dir='ltr'>juxta</span> <span class='ocrx_word' id='word_1_173' title='bbox 693 1022 834 1052; x_wconf 60' lang='lat' dir='ltr'>didinrum</span> <span class='ocrx_word' id='word_1_174' title='bbox 856 1019 1017 1062; x_wconf 80' lang='lat' dir='ltr'>Parentium</span> <span class='ocrx_word' id='word_1_175' title='bbox 1040 1018 1212 1048; x_wconf 86' lang='lat' dir='ltr'>Litterarum</span> 
     </span>
     <span class='ocr_line' id='line_1_25' title="bbox 161 1054 1212 1100; baseline -0.015 0"><span class='ocrx_word' id='word_1_176' title='bbox 161 1069 373 1100; x_wconf 84' lang='lat' dir='ltr'>Continentiam</span> <span class='ocrx_word' id='word_1_177' title='bbox 389 1066 422 1096; x_wconf 88' lang='lat'>&amp;</span> <span class='ocrx_word' id='word_1_178' title='bbox 436 1063 602 1099; x_wconf 76' lang='lat' dir='ltr'>Tenmem,</span> <span class='ocrx_word' id='word_1_179' title='bbox 619 1060 668 1091; x_wconf 85' lang='lat' dir='ltr'>sub</span> <span class='ocrx_word' id='word_1_180' title='bbox 686 1060 999 1090; x_wconf 80' lang='lat' dir='ltr'>Excommunicationis</span> <span class='ocrx_word' id='word_1_181' title='bbox 1017 1057 1077 1086; x_wconf 79' lang='lat' dir='ltr'>latae</span> <span class='ocrx_word' id='word_1_182' title='bbox 1093 1054 1212 1097; x_wconf 78' lang='lat' dir='ltr'>Senten-</span> 
     </span>
     <span class='ocr_line' id='line_1_26' title="bbox 161 1093 1213 1142; baseline -0.015 -4"><span class='ocrx_word' id='word_1_183' title='bbox 161 1109 209 1138; x_wconf 84' lang='lat' dir='ltr'>riae</span> <span class='ocrx_word' id='word_1_184' title='bbox 220 1107 327 1142; x_wconf 70' lang='lat' dir='ltr'>Poena,</span> <span class='ocrx_word' id='word_1_185' title='bbox 344 1112 429 1142; x_wconf 84' lang='lat' dir='ltr'>quam</span> <span class='ocrx_word' id='word_1_186' title='bbox 445 1102 560 1140; x_wconf 74' lang='lat' dir='ltr'>quilibet</span> <span class='ocrx_word' id='word_1_187' title='bbox 573 1109 673 1132; x_wconf 88' lang='lat' dir='ltr'>eorum</span> <span class='ocrx_word' id='word_1_188' title='bbox 689 1097 904 1129; x_wconf 85' lang='lat' dir='ltr'>Contrafaciens</span> <span class='ocrx_word' id='word_1_189' title='bbox 927 1105 963 1126; x_wconf 88' lang='lat' dir='ltr'>eo</span> <span class='ocrx_word' id='word_1_190' title='bbox 986 1094 1047 1134; x_wconf 89' lang='lat' dir='ltr'>ipso</span> <span class='ocrx_word' id='word_1_191' title='bbox 1070 1093 1213 1125; x_wconf 75' lang='lat' dir='ltr'>incurrisse</span> 
     </span>
     <span class='ocr_line' id='line_1_27' title="bbox 160 1139 623 1179; baseline -0.022 -2"><span class='ocrx_word' id='word_1_192' title='bbox 160 1145 305 1179; x_wconf 87' lang='lat' dir='ltr'>noscatur,</span> <span class='ocrx_word' id='word_1_193' title='bbox 325 1141 440 1172; x_wconf 80' lang='lat' dir='ltr'>firmiter</span> <span class='ocrx_word' id='word_1_194' title='bbox 456 1139 623 1176; x_wconf 70' lang='lat' dir='ltr'>Obl‘t‘trvari,</span> 
     </span>
    </p>

    <p class='ocr_par' dir='ltr' id='par_1_7' title="bbox 159 1171 1218 1488">
     <span class='ocr_line' id='line_1_28' title="bbox 197 1171 1214 1214; baseline -0.013 -1"><span class='ocrx_word' id='word_1_195' title='bbox 197 1183 234 1213; x_wconf 88' lang='lat' dir='ltr'>Et</span> <span class='ocrx_word' id='word_1_196' title='bbox 249 1180 450 1212; x_wconf 81' lang='lat' dir='ltr'>nichilominus</span> <span class='ocrx_word' id='word_1_197' title='bbox 461 1179 558 1208; x_wconf 87' lang='lat' dir='ltr'>omnia</span> <span class='ocrx_word' id='word_1_198' title='bbox 579 1178 612 1208; x_wconf 88' lang='lat'>&amp;</span> <span class='ocrx_word' id='word_1_199' title='bbox 634 1174 738 1214; x_wconf 72' lang='lat' dir='ltr'>singula</span> <span class='ocrx_word' id='word_1_200' title='bbox 758 1173 876 1213; x_wconf 81' lang='lat' dir='ltr'>Regna,</span> <span class='ocrx_word' id='word_1_201' title='bbox 890 1172 1010 1211; x_wconf 85' lang='lat' dir='ltr'>Terras,</span> <span class='ocrx_word' id='word_1_202' title='bbox 1028 1171 1111 1203; x_wconf 89' lang='lat' dir='ltr'>Loca</span> <span class='ocrx_word' id='word_1_203' title='bbox 1130 1178 1214 1214; x_wconf 75' lang='lat' dir='ltr'>atque</span> 
     </span>
     <span class='ocr_line' id='line_1_29' title="bbox 160 1209 1213 1253; baseline -0.013 -1"><span class='ocrx_word' id='word_1_204' title='bbox 160 1221 303 1253; x_wconf 87' lang='lat' dir='ltr'>Dominia</span> <span class='ocrx_word' id='word_1_205' title='bbox 316 1219 385 1249; x_wconf 90' lang='lat' dir='ltr'>illius</span> <span class='ocrx_word' id='word_1_206' title='bbox 398 1226 432 1248; x_wconf 82' lang='lat' dir='ltr'>ex</span> <span class='ocrx_word' id='word_1_207' title='bbox 454 1216 592 1246; x_wconf 78' lang='lat' dir='ltr'>Ludovico</span> <span class='ocrx_word' id='word_1_208' title='bbox 607 1225 638 1243; x_wconf 85' lang='lat' dir='ltr'>ac</span> <span class='ocrx_word' id='word_1_209' title='bbox 655 1215 773 1242; x_wconf 82' lang='lat' dir='ltr'>Henrico</span> <span class='ocrx_word' id='word_1_210' title='bbox 788 1212 898 1250; x_wconf 76' lang='lat' dir='ltr'>Regibus</span> <span class='ocrx_word' id='word_1_211' title='bbox 915 1209 1057 1250; x_wconf 78' lang='lat' dir='ltr'>praefatis,</span> <span class='ocrx_word' id='word_1_212' title='bbox 1074 1212 1121 1250; x_wconf 91' lang='lat' dir='ltr'>qui</span> <span class='ocrx_word' id='word_1_213' title='bbox 1144 1212 1213 1242; x_wconf 83' lang='lat' dir='ltr'>Paci</span> 
     </span>
     <span class='ocr_line' id='line_1_30' title="bbox 159 1250 1215 1294; baseline -0.012 -4"><span class='ocrx_word' id='word_1_214' title='bbox 159 1262 194 1293; x_wconf 87' lang='lat'>&amp;</span> <span class='ocrx_word' id='word_1_215' title='bbox 208 1258 382 1290; x_wconf 71' lang='lat' dir='ltr'>Concordiae</span> <span class='ocrx_word' id='word_1_216' title='bbox 398 1256 536 1294; x_wconf 71' lang='lat' dir='ltr'>praedietis</span> <span class='ocrx_word' id='word_1_217' title='bbox 551 1252 767 1287; x_wconf 79' lang='lat' dir='ltr'>contravenerit,</span> <span class='ocrx_word' id='word_1_218' title='bbox 785 1260 815 1281; x_wconf 86' lang='lat' dir='ltr'>ur</span> <span class='ocrx_word' id='word_1_219' title='bbox 830 1250 991 1289; x_wconf 69' lang='lat' dir='ltr'>praefertur,</span> <span class='ocrx_word' id='word_1_220' title='bbox 1006 1260 1117 1281; x_wconf 85' lang='lat' dir='ltr'>exnunc</span> <span class='ocrx_word' id='word_1_221' title='bbox 1132 1257 1215 1288; x_wconf 89' lang='lat' dir='ltr'>prout</span> 
     </span>
     <span class='ocr_line' id='line_1_31' title="bbox 159 1288 1215 1331; baseline -0.011 -2"><span class='ocrx_word' id='word_1_222' title='bbox 159 1307 264 1330; x_wconf 84' lang='lat' dir='ltr'>extunc</span> <span class='ocrx_word' id='word_1_223' title='bbox 281 1297 314 1327; x_wconf 91' lang='lat'>&amp;</span> <span class='ocrx_word' id='word_1_224' title='bbox 326 1304 429 1325; x_wconf 86' lang='lat' dir='ltr'>extunc</span> <span class='ocrx_word' id='word_1_225' title='bbox 445 1302 527 1331; x_wconf 88' lang='lat' dir='ltr'>prout</span> <span class='ocrx_word' id='word_1_226' title='bbox 547 1301 676 1328; x_wconf 86' lang='lat' dir='ltr'>exnunc,</span> <span class='ocrx_word' id='word_1_227' title='bbox 694 1289 884 1320; x_wconf 82' lang='lat' dir='ltr'>ecclesiastico</span> <span class='ocrx_word' id='word_1_228' title='bbox 899 1289 1084 1328; x_wconf 72' lang='lat' dir='ltr'>supponimus</span> <span class='ocrx_word' id='word_1_229' title='bbox 1099 1288 1215 1319; x_wconf 89' lang='lat' dir='ltr'>Interdi-</span> 
     </span>
     <span class='ocr_line' id='line_1_32' title="bbox 161 1326 1216 1375; baseline -0.011 -7"><span class='ocrx_word' id='word_1_230' title='bbox 161 1337 230 1375; x_wconf 71' lang='grc' dir='ltr'>ἂο,</span> <span class='ocrx_word' id='word_1_231' title='bbox 245 1334 351 1366; x_wconf 86' lang='lat' dir='ltr'>tamdiu</span> <span class='ocrx_word' id='word_1_232' title='bbox 371 1333 488 1363; x_wconf 84' lang='lat' dir='ltr'>firmiter</span> <span class='ocrx_word' id='word_1_233' title='bbox 503 1330 697 1367; x_wconf 83' lang='lat' dir='ltr'>observando,</span> <span class='ocrx_word' id='word_1_234' title='bbox 716 1328 809 1359; x_wconf 90' lang='lat' dir='ltr'>donec</span> <span class='ocrx_word' id='word_1_235' title='bbox 825 1328 893 1359; x_wconf 88' lang='lat' dir='ltr'>Paci</span> <span class='ocrx_word' id='word_1_236' title='bbox 907 1328 939 1359; x_wconf 85' lang='lat'>&amp;</span> <span class='ocrx_word' id='word_1_237' title='bbox 950 1326 1128 1358; x_wconf 86' lang='lat' dir='ltr'>Concordiae</span> <span class='ocrx_word' id='word_1_238' title='bbox 1144 1336 1216 1364; x_wconf 84' lang='lat' dir='ltr'>prae-</span> 
     </span>
     <span class='ocr_line' id='line_1_33' title="bbox 160 1365 1216 1407; baseline -0.009 -2"><span class='ocrx_word' id='word_1_239' title='bbox 160 1375 243 1405; x_wconf 68' lang='lat' dir='ltr'>dietis</span> <span class='ocrx_word' id='word_1_240' title='bbox 258 1374 361 1404; x_wconf 79' lang='lat' dir='ltr'>realiter</span> <span class='ocrx_word' id='word_1_241' title='bbox 378 1372 410 1402; x_wconf 68' lang='grc' dir='ltr'>δε</span> <span class='ocrx_word' id='word_1_242' title='bbox 433 1380 500 1402; x_wconf 89' lang='lat' dir='ltr'>curn</span> <span class='ocrx_word' id='word_1_243' title='bbox 517 1368 621 1400; x_wconf 69' lang='lat' dir='ltr'>effectu</span> <span class='ocrx_word' id='word_1_244' title='bbox 644 1377 740 1407; x_wconf 80' lang='lat' dir='ltr'>parere</span> <span class='ocrx_word' id='word_1_245' title='bbox 761 1367 936 1405; x_wconf 80' lang='lat' dir='ltr'>curaverint·²</span> <span class='ocrx_word' id='word_1_246' title='bbox 960 1375 1019 1396; x_wconf 89' lang='lat' dir='ltr'>non</span> <span class='ocrx_word' id='word_1_247' title='bbox 1040 1365 1216 1396; x_wconf 87' lang='lat' dir='ltr'>obstantibus</span> 
     </span>
     <span class='ocr_line' id='line_1_34' title="bbox 160 1404 1216 1444; baseline -0.009 0"><span class='ocrx_word' id='word_1_248' title='bbox 160 1411 420 1444; x_wconf 88' lang='lat' dir='ltr'>Constitutionibus</span> <span class='ocrx_word' id='word_1_249' title='bbox 437 1411 469 1442; x_wconf 91' lang='lat'>&amp;</span> <span class='ocrx_word' id='word_1_250' title='bbox 495 1406 734 1438; x_wconf 88' lang='lat' dir='ltr'>Ordinationibus</span> <span class='ocrx_word' id='word_1_251' title='bbox 757 1404 949 1442; x_wconf 79' lang='lat' dir='ltr'>Apostolicis,</span> <span class='ocrx_word' id='word_1_252' title='bbox 964 1404 1125 1444; x_wconf 88' lang='lat' dir='ltr'>caeterisque</span> <span class='ocrx_word' id='word_1_253' title='bbox 1145 1414 1216 1434; x_wconf 86' lang='lat' dir='ltr'>con-</span> 
     </span>
     <span class='ocr_line' id='line_1_35' title="bbox 159 1442 1218 1488; baseline -0.009 -6"><span class='ocrx_word' id='word_1_254' title='bbox 159 1452 246 1482; x_wconf 85' lang='lat' dir='ltr'>trariis</span> <span class='ocrx_word' id='word_1_255' title='bbox 258 1449 474 1488; x_wconf 82' lang='lat' dir='ltr'>quibuscunque.</span> <span class='ocrx_word' id='word_1_256' title='bbox 491 1450 576 1478; x_wconf 85' lang='lat' dir='ltr'>Tenor</span> <span class='ocrx_word' id='word_1_257' title='bbox 590 1456 656 1476; x_wconf 87' lang='lat' dir='ltr'>vero</span> <span class='ocrx_word' id='word_1_258' title='bbox 668 1444 803 1475; x_wconf 61' lang='lat' dir='ltr'>didarum</span> <span class='ocrx_word' id='word_1_259' title='bbox 818 1446 992 1474; x_wconf 82' lang='lat' dir='ltr'>Litterarum</span> <span class='ocrx_word' id='word_1_260' title='bbox 1006 1444 1163 1473; x_wconf 66' lang='lat' dir='ltr'>fatentium</span> <span class='ocrx_word' id='word_1_261' title='bbox 1170 1442 1218 1482; x_wconf 81' lang='lat' dir='ltr'>se-</span> 
     </span>
    </p>
   </div>
   <div class='ocr_carea' id='block_1_5' title="bbox 160 1485 450 1532">
    <p class='ocr_par' dir='ltr' id='par_1_8' title="bbox 160 1485 450 1532">
     <span class='ocr_line' id='line_1_36' title="bbox 160 1485 450 1532; baseline -0.014 -12"><span class='ocrx_word' id='word_1_262' title='bbox 160 1494 252 1532; x_wconf 78' lang='lat' dir='ltr'>quitur</span> <span class='ocrx_word' id='word_1_263' title='bbox 269 1489 307 1525; x_wconf 77' lang='lat'><em>&amp;</em></span> <span class='ocrx_word' id='word_1_264' title='bbox 322 1488 358 1529; x_wconf 81' lang='lat' dir='ltr'>est</span> <span class='ocrx_word' id='word_1_265' title='bbox 373 1485 450 1517; x_wconf 84' lang='lat' dir='ltr'>talis.</span> 
     </span>
    </p>
   </div>
   <div class='ocr_carea' id='block_1_6' title="bbox 161 1556 1220 1948">
    <p class='ocr_par' dir='ltr' id='par_1_9' title="bbox 163 1556 1218 1643">
     <span class='ocr_line' id='line_1_37' title="bbox 197 1556 1218 1604; baseline -0.009 -7"><span class='ocrx_word' id='word_1_266' title='bbox 197 1566 368 1604; x_wconf 83' lang='lat' dir='ltr'>Ludovicus,</span> <span class='ocrx_word' id='word_1_267' title='bbox 386 1563 444 1596; x_wconf 91' lang='lat' dir='ltr'>Dei</span> <span class='ocrx_word' id='word_1_268' title='bbox 454 1562 554 1603; x_wconf 68' lang='lat' dir='ltr'>gratia,</span> <span class='ocrx_word' id='word_1_269' title='bbox 572 1564 734 1592; x_wconf 58' lang='lat' dir='ltr'>&amp;ancorum</span> <span class='ocrx_word' id='word_1_270' title='bbox 742 1561 820 1599; x_wconf 84' lang='lat' dir='ltr'>Rex,</span> <span class='ocrx_word' id='word_1_271' title='bbox 835 1556 984 1591; x_wconf 84' lang='lat' dir='ltr'>Universis</span> <span class='ocrx_word' id='word_1_272' title='bbox 1001 1558 1146 1598; x_wconf 83' lang='lat' dir='ltr'>praesentes</span> <span class='ocrx_word' id='word_1_273' title='bbox 1167 1556 1218 1589; x_wconf 86' lang='lat' dir='ltr'>Li-</span> 
     </span>
     <span class='ocr_line' id='line_1_38' title="bbox 163 1603 901 1643; baseline -0.014 -7"><span class='ocrx_word' id='word_1_274' title='bbox 163 1611 232 1637; x_wconf 80' lang='lat' dir='ltr'>teras</span> <span class='ocrx_word' id='word_1_275' title='bbox 245 1604 426 1643; x_wconf 60' lang='lat' dir='ltr'>inspecssturis,</span> <span class='ocrx_word' id='word_1_276' title='bbox 443 1603 574 1633; x_wconf 88' lang='lat' dir='ltr'>Salutem.</span> <span class='ocrx_word' id='word_1_277' title='bbox 895 1637 901 1642; x_wconf 38' lang='grc'><em>.</em></span> 
     </span>
    </p>

    <p class='ocr_par' dir='ltr' id='par_1_10' title="bbox 161 1635 1220 1948">
     <span class='ocr_line' id='line_1_39' title="bbox 202 1635 1219 1683; baseline -0.007 -9"><span class='ocrx_word' id='word_1_278' title='bbox 202 1643 300 1683; x_wconf 78' lang='lat' dir='ltr'>Cum,</span> <span class='ocrx_word' id='word_1_279' title='bbox 318 1642 376 1673; x_wconf 91' lang='lat' dir='ltr'>Die</span> <span class='ocrx_word' id='word_1_280' title='bbox 384 1641 483 1671; x_wconf 91' lang='lat' dir='ltr'>Tertia</span> <span class='ocrx_word' id='word_1_281' title='bbox 496 1639 694 1676; x_wconf 85' lang='lat' dir='ltr'>Novembris,</span> <span class='ocrx_word' id='word_1_282' title='bbox 711 1637 799 1668; x_wconf 91' lang='lat' dir='ltr'>Anno</span> <span class='ocrx_word' id='word_1_283' title='bbox 807 1635 932 1667; x_wconf 89' lang='lat' dir='ltr'>Domini</span> <span class='ocrx_word' id='word_1_284' title='bbox 944 1635 1117 1677; x_wconf 83' lang='lat' dir='ltr'>Millesimo,</span> <span class='ocrx_word' id='word_1_285' title='bbox 1136 1636 1219 1675; x_wconf 74' lang='lat' dir='ltr'>Qua-</span> 
     </span>
     <span class='ocr_line' id='line_1_40' title="bbox 161 1674 1219 1718; baseline -0.007 -6"><span class='ocrx_word' id='word_1_286' title='bbox 161 1681 386 1718; x_wconf 87' lang='lat' dir='ltr'>dringentesimo</span> <span class='ocrx_word' id='word_1_287' title='bbox 398 1702 408 1717; x_wconf 90' lang='lat'>‚</span> <span class='ocrx_word' id='word_1_288' title='bbox 427 1679 625 1718; x_wconf 86' lang='lat' dir='ltr'>Nonagesimo</span> <span class='ocrx_word' id='word_1_289' title='bbox 644 1676 768 1707; x_wconf 89' lang='lat' dir='ltr'>secundo</span> <span class='ocrx_word' id='word_1_290' title='bbox 784 1675 856 1713; x_wconf 80' lang='lat' dir='ltr'>apud</span> <span class='ocrx_word' id='word_1_291' title='bbox 874 1674 1001 1713; x_wconf 85' lang='lat' dir='ltr'>Stapulas</span> <span class='ocrx_word' id='word_1_292' title='bbox 1015 1675 1101 1715; x_wconf 68' lang='lat' dir='ltr'>fiepra</span> <span class='ocrx_word' id='word_1_293' title='bbox 1120 1679 1219 1713; x_wconf 79' lang='lat' dir='ltr'>Mare,</span> 
     </span>
     <span class='ocr_line' id='line_1_41' title="bbox 161 1712 1219 1751; baseline -0.006 -1"><span class='ocrx_word' id='word_1_294' title='bbox 161 1721 236 1750; x_wconf 89' lang='lat' dir='ltr'>inter</span> <span class='ocrx_word' id='word_1_295' title='bbox 252 1719 360 1750; x_wconf 85' lang='lat' dir='ltr'>Inclitae</span> <span class='ocrx_word' id='word_1_296' title='bbox 378 1716 596 1749; x_wconf 89' lang='lat' dir='ltr'>Recordationis</span> <span class='ocrx_word' id='word_1_297' title='bbox 608 1714 746 1745; x_wconf 69' lang='lat' dir='ltr'>Defunc‘ti</span> <span class='ocrx_word' id='word_1_298' title='bbox 764 1712 856 1742; x_wconf 83' lang='lat' dir='ltr'>Caroli</span> <span class='ocrx_word' id='word_1_299' title='bbox 871 1715 950 1751; x_wconf 77' lang='lat' dir='ltr'>Regis</span> <span class='ocrx_word' id='word_1_300' title='bbox 970 1713 1095 1744; x_wconf 86' lang='lat' dir='ltr'>Domini</span> <span class='ocrx_word' id='word_1_301' title='bbox 1117 1714 1219 1745; x_wconf 84' lang='lat' dir='ltr'>Fratris</span> 
     </span>
     <span class='ocr_line' id='line_1_42' title="bbox 161 1750 1218 1790; baseline -0.007 -1"><span class='ocrx_word' id='word_1_302' title='bbox 161 1758 196 1790; x_wconf 87' lang='lat'>&amp;</span> <span class='ocrx_word' id='word_1_303' title='bbox 212 1756 423 1789; x_wconf 81' lang='lat' dir='ltr'>Praedecefforis</span> <span class='ocrx_word' id='word_1_304' title='bbox 436 1754 524 1785; x_wconf 89' lang='lat' dir='ltr'>nostri</span> <span class='ocrx_word' id='word_1_305' title='bbox 538 1753 682 1784; x_wconf 84' lang='lat' dir='ltr'>Cariffimi</span> <span class='ocrx_word' id='word_1_306' title='bbox 694 1760 728 1783; x_wconf 89' lang='lat' dir='ltr'>ac</span> <span class='ocrx_word' id='word_1_307' title='bbox 740 1750 911 1782; x_wconf 84' lang='lat' dir='ltr'>Sereniffimi</span> <span class='ocrx_word' id='word_1_308' title='bbox 926 1751 1039 1789; x_wconf 81' lang='lat' dir='ltr'>Angliae</span> <span class='ocrx_word' id='word_1_309' title='bbox 1051 1755 1129 1790; x_wconf 85' lang='lat' dir='ltr'>Regis</span> <span class='ocrx_word' id='word_1_310' title='bbox 1141 1755 1218 1783; x_wconf 84' lang='lat' dir='ltr'>Hen-</span> 
     </span>
     <span class='ocr_line' id='line_1_43' title="bbox 163 1788 1218 1834; baseline -0.003 -9"><span class='ocrx_word' id='word_1_311' title='bbox 163 1799 212 1825; x_wconf 78' lang='lat' dir='ltr'>rici</span> <span class='ocrx_word' id='word_1_312' title='bbox 223 1794 366 1826; x_wconf 85' lang='lat' dir='ltr'>Cariffimi</span> <span class='ocrx_word' id='word_1_313' title='bbox 381 1795 468 1824; x_wconf 88' lang='lat' dir='ltr'>etiam</span> <span class='ocrx_word' id='word_1_314' title='bbox 482 1793 582 1824; x_wconf 85' lang='lat' dir='ltr'>Fratris</span> <span class='ocrx_word' id='word_1_315' title='bbox 595 1792 627 1823; x_wconf 70' lang='grc' dir='ltr'>ὃ(</span> <span class='ocrx_word' id='word_1_316' title='bbox 643 1789 852 1829; x_wconf 82' lang='lat' dir='ltr'>Consanguinei</span> <span class='ocrx_word' id='word_1_317' title='bbox 867 1788 1127 1834; x_wconf 62' lang='lat' dir='ltr'>nostrisOratores,</span> <span class='ocrx_word' id='word_1_318' title='bbox 1145 1792 1218 1822; x_wconf 87' lang='lat' dir='ltr'>Pro-</span> 
     </span>
     <span class='ocr_line' id='line_1_44' title="bbox 163 1826 1219 1871; baseline -0.006 -5"><span class='ocrx_word' id='word_1_319' title='bbox 163 1843 322 1871; x_wconf 81' lang='lat' dir='ltr'>curatores,</span> <span class='ocrx_word' id='word_1_320' title='bbox 341 1831 557 1864; x_wconf 82' lang='lat' dir='ltr'>Ambaffiatores</span> <span class='ocrx_word' id='word_1_321' title='bbox 573 1832 606 1863; x_wconf 89' lang='lat'>&amp;</span> <span class='ocrx_word' id='word_1_322' title='bbox 622 1829 797 1861; x_wconf 78' lang='lat' dir='ltr'>Commissoe</span> <span class='ocrx_word' id='word_1_323' title='bbox 821 1829 924 1860; x_wconf 88' lang='lat' dir='ltr'>fuerint</span> <span class='ocrx_word' id='word_1_324' title='bbox 945 1826 1117 1866; x_wconf 67' lang='lat' dir='ltr'>Contracta,</span> <span class='ocrx_word' id='word_1_325' title='bbox 1136 1830 1219 1860; x_wconf 86' lang='lat' dir='ltr'>Con-</span> 
     </span>
     <span class='ocr_line' id='line_1_45' title="bbox 163 1866 1220 1910; baseline -0.004 -6"><span class='ocrx_word' id='word_1_326' title='bbox 163 1882 266 1910; x_wconf 85' lang='lat' dir='ltr'>venta,</span> <span class='ocrx_word' id='word_1_327' title='bbox 280 1871 413 1902; x_wconf 63' lang='lat' dir='ltr'>Tractata</span> <span class='ocrx_word' id='word_1_328' title='bbox 432 1871 467 1901; x_wconf 90' lang='lat'>&amp;</span> <span class='ocrx_word' id='word_1_329' title='bbox 487 1869 630 1901; x_wconf 87' lang='lat' dir='ltr'>Conclusa</span> <span class='ocrx_word' id='word_1_330' title='bbox 644 1867 780 1899; x_wconf 84' lang='lat' dir='ltr'>nonnulla</span> <span class='ocrx_word' id='word_1_331' title='bbox 803 1866 932 1907; x_wconf 85' lang='lat' dir='ltr'>Capitula</span> <span class='ocrx_word' id='word_1_332' title='bbox 952 1867 1065 1898; x_wconf 87' lang='lat' dir='ltr'>Bonum</span> <span class='ocrx_word' id='word_1_333' title='bbox 1087 1868 1168 1899; x_wconf 83' lang='lat' dir='ltr'>Pacis</span> <span class='ocrx_word' id='word_1_334' title='bbox 1186 1871 1220 1900; x_wconf 87' lang='lat'>&amp;</span> 
     </span>
     <span class='ocr_line' id='line_1_46' title="bbox 163 1907 1220 1948; baseline -0.004 -6"><span class='ocrx_word' id='word_1_335' title='bbox 163 1911 340 1942; x_wconf 88' lang='lat' dir='ltr'>Concordiae</span> <span class='ocrx_word' id='word_1_336' title='bbox 355 1909 496 1947; x_wconf 90' lang='lat' dir='ltr'>utriusque</span> <span class='ocrx_word' id='word_1_337' title='bbox 509 1907 596 1948; x_wconf 86' lang='lat' dir='ltr'>Regis</span> <span class='ocrx_word' id='word_1_338' title='bbox 617 1908 650 1941; x_wconf 68' lang='grc' dir='ltr'>ὃς</span> <span class='ocrx_word' id='word_1_339' title='bbox 663 1907 760 1947; x_wconf 70' lang='lat' dir='ltr'>Regni</span> <span class='ocrx_word' id='word_1_340' title='bbox 773 1907 991 1945; x_wconf 75' lang='lat' dir='ltr'>concernentia,</span> <span class='ocrx_word' id='word_1_341' title='bbox 1007 1917 1119 1946; x_wconf 82' lang='lat' dir='ltr'>quorum</span> <span class='ocrx_word' id='word_1_342' title='bbox 1134 1911 1220 1939; x_wconf 83' lang='lat' dir='ltr'>Tenor</span> 
     </span>
    </p>
   </div>
   <div class='ocr_carea' id='block_1_7' title="bbox 156 1947 483 1991">
    <p class='ocr_par' dir='ltr' id='par_1_11' title="bbox 156 1947 483 1991">
     <span class='ocr_line' id='line_1_47' title="bbox 156 1947 483 1991; baseline -0.009 -11"><span class='ocrx_word' id='word_1_343' title='bbox 156 1949 282 1991; x_wconf 76' lang='lat' dir='ltr'>fiquitur</span> <span class='ocrx_word' id='word_1_344' title='bbox 296 1948 334 1985; x_wconf 60' lang='grc' dir='ltr'>ό</span> <span class='ocrx_word' id='word_1_345' title='bbox 351 1948 386 1987; x_wconf 83' lang='lat' dir='ltr'>est</span> <span class='ocrx_word' id='word_1_346' title='bbox 401 1947 483 1987; x_wconf 81' lang='lat' dir='ltr'>talis,</span> 
     </span>
    </p>
   </div>
   <div class='ocr_carea' id='block_1_8' title="bbox 163 2031 1222 2153">
    <p class='ocr_par' dir='ltr' id='par_1_12' title="bbox 163 2031 1222 2153">
     <span class='ocr_line' id='line_1_48' title="bbox 202 2031 1220 2074; baseline -0.003 -6"><span class='ocrx_word' id='word_1_347' title='bbox 202 2037 217 2069; x_wconf 94' lang='grc' dir='ltr'>Ι</span> <span class='ocrx_word' id='word_1_348' title='bbox 229 2045 250 2067; x_wconf 74' lang='grc' dir='ltr'><strong>Ν</strong></span> <span class='ocrx_word' id='word_1_349' title='bbox 262 2045 280 2067; x_wconf 76' lang='lat' dir='ltr'>i&gt;</span> <span class='ocrx_word' id='word_1_350' title='bbox 291 2045 314 2066; x_wconf 79' lang='lat' dir='ltr'>R</span> <span class='ocrx_word' id='word_1_351' title='bbox 323 2045 335 2066; x_wconf 86' lang='lat'>1</span> <span class='ocrx_word' id='word_1_352' title='bbox 345 2044 371 2066; x_wconf 84' lang='lat' dir='ltr'>M</span> <span class='ocrx_word' id='word_1_353' title='bbox 381 2044 393 2065; x_wconf 89' lang='lat' dir='ltr'>i</span> <span class='ocrx_word' id='word_1_354' title='bbox 404 2043 416 2065; x_wconf 87' lang='lat' dir='ltr'>s</span> <span class='ocrx_word' id='word_1_355' title='bbox 425 2058 434 2073; x_wconf 87' lang='lat'>,</span> <span class='ocrx_word' id='word_1_356' title='bbox 451 2034 530 2074; x_wconf 77' lang='lat' dir='ltr'>quod</span> <span class='ocrx_word' id='word_1_357' title='bbox 545 2033 650 2073; x_wconf 85' lang='lat' dir='ltr'>bonae,</span> <span class='ocrx_word' id='word_1_358' title='bbox 668 2032 781 2064; x_wconf 83' lang='lat' dir='ltr'>sincerae</span> <span class='ocrx_word' id='word_1_359' title='bbox 817 2031 908 2064; x_wconf 76' lang='lat' dir='ltr'>firmae</span> <span class='ocrx_word' id='word_1_360' title='bbox 927 2031 961 2063; x_wconf 90' lang='lat'>&amp;</span> <span class='ocrx_word' id='word_1_361' title='bbox 974 2031 1109 2070; x_wconf 63' lang='lat' dir='ltr'>perfeaae</span> <span class='ocrx_word' id='word_1_362' title='bbox 1120 2034 1172 2064; x_wconf 63' lang='lat' dir='ltr'>sint</span> <span class='ocrx_word' id='word_1_363' title='bbox 1186 2032 1220 2065; x_wconf 90' lang='lat'>&amp;</span> 
     </span>
     <span class='ocr_line' id='line_1_49' title="bbox 165 2056 1222 2112; baseline -0.004 -5"><span class='ocrx_word' id='word_1_364' title='bbox 165 2075 361 2107; x_wconf 89' lang='lat' dir='ltr'>inviolabiliter</span> <span class='ocrx_word' id='word_1_365' title='bbox 375 2075 527 2105; x_wconf 80' lang='lat' dir='ltr'>habeantur</span> <span class='ocrx_word' id='word_1_366' title='bbox 541 2075 574 2104; x_wconf 87' lang='lat'>&amp;</span> <span class='ocrx_word' id='word_1_367' title='bbox 587 2074 771 2103; x_wconf 85' lang='lat' dir='ltr'>observentur</span> <span class='ocrx_word' id='word_1_368' title='bbox 785 2056 858 2110; x_wconf 78' lang='lat' dir='ltr'>Pax,</span> <span class='ocrx_word' id='word_1_369' title='bbox 877 2071 1012 2103; x_wconf 84' lang='lat' dir='ltr'>Amicitia</span> <span class='ocrx_word' id='word_1_370' title='bbox 1031 2071 1065 2102; x_wconf 92' lang='lat'>&amp;</span> <span class='ocrx_word' id='word_1_371' title='bbox 1087 2071 1222 2112; x_wconf 77' lang='lat' dir='ltr'>Foedera,</span> 
     </span>
     <span class='ocr_line' id='line_1_50' title="bbox 163 2110 757 2153; baseline -0.005 -9"><span class='ocrx_word' id='word_1_372' title='bbox 163 2113 225 2151; x_wconf 65' lang='grc' dir='ltr'>ὀνο.</span> <span class='ocrx_word' id='word_1_373' title='bbox 244 2121 275 2144; x_wconf 84' lang='lat' dir='ltr'>ut</span> <span class='ocrx_word' id='word_1_374' title='bbox 282 2112 368 2153; x_wconf 80' lang='lat' dir='ltr'>ficpra</span> <span class='ocrx_word' id='word_1_375' title='bbox 388 2113 520 2142; x_wconf 64' lang='lat' dir='ltr'>Traffatu</span> <span class='ocrx_word' id='word_1_376' title='bbox 536 2112 609 2151; x_wconf 83' lang='lat' dir='ltr'>apud</span> <span class='ocrx_word' id='word_1_377' title='bbox 620 2110 757 2149; x_wconf 76' lang='lat' dir='ltr'>stapulas.</span> 
     </span>
    </p>
   </div>
   <div class='ocr_carea' id='block_1_9' title="bbox 165 2187 1224 2346">
    <p class='ocr_par' dir='ltr' id='par_1_13' title="bbox 165 2187 1224 2346">
     <span class='ocr_line' id='line_1_51' title="bbox 203 2187 1221 2230; baseline -0.002 -9"><span class='ocrx_word' id='word_1_378' title='bbox 203 2191 281 2230; x_wconf 82' lang='lat' dir='ltr'>Qiae</span> <span class='ocrx_word' id='word_1_379' title='bbox 297 2189 411 2229; x_wconf 87' lang='lat' dir='ltr'>quidem</span> <span class='ocrx_word' id='word_1_380' title='bbox 426 2189 559 2228; x_wconf 87' lang='lat' dir='ltr'>Capitula</span> <span class='ocrx_word' id='word_1_381' title='bbox 572 2188 727 2227; x_wconf 83' lang='lat' dir='ltr'>praeinserta</span> <span class='ocrx_word' id='word_1_382' title='bbox 739 2189 894 2227; x_wconf 85' lang='lat' dir='ltr'>omniaque</span> <span class='ocrx_word' id='word_1_383' title='bbox 909 2187 942 2219; x_wconf 74' lang='grc' dir='ltr'>δε</span> <span class='ocrx_word' id='word_1_384' title='bbox 958 2187 1060 2227; x_wconf 75' lang='lat' dir='ltr'>singula</span> <span class='ocrx_word' id='word_1_385' title='bbox 1076 2188 1104 2218; x_wconf 90' lang='lat' dir='ltr'>in</span> <span class='ocrx_word' id='word_1_386' title='bbox 1119 2187 1221 2219; x_wconf 68' lang='lat' dir='ltr'>eisdem</span> 
     </span>
     <span class='ocr_line' id='line_1_52' title="bbox 165 2225 1224 2267; baseline -0.003 -6"><span class='ocrx_word' id='word_1_387' title='bbox 165 2238 298 2262; x_wconf 89' lang='lat' dir='ltr'>contenta</span> <span class='ocrx_word' id='word_1_388' title='bbox 311 2238 359 2267; x_wconf 86' lang='lat' dir='ltr'>per</span> <span class='ocrx_word' id='word_1_389' title='bbox 373 2237 514 2266; x_wconf 87' lang='lat' dir='ltr'>utrunque</span> <span class='ocrx_word' id='word_1_390' title='bbox 530 2229 672 2259; x_wconf 68' lang='lat' dir='ltr'>dictorum</span> <span class='ocrx_word' id='word_1_391' title='bbox 686 2226 885 2258; x_wconf 89' lang='lat' dir='ltr'>Dominorum</span> <span class='ocrx_word' id='word_1_392' title='bbox 901 2227 1028 2257; x_wconf 85' lang='lat' dir='ltr'>Fratrum</span> <span class='ocrx_word' id='word_1_393' title='bbox 1043 2226 1076 2256; x_wconf 90' lang='lat'>&amp;</span> <span class='ocrx_word' id='word_1_394' title='bbox 1094 2225 1224 2258; x_wconf 78' lang='lat' dir='ltr'>Consan-</span> 
     </span>
     <span class='ocr_line' id='line_1_53' title="bbox 165 2263 1223 2307; baseline -0.002 -8"><span class='ocrx_word' id='word_1_395' title='bbox 165 2270 331 2307; x_wconf 87' lang='lat' dir='ltr'>guineorum</span> <span class='ocrx_word' id='word_1_396' title='bbox 345 2265 506 2297; x_wconf 85' lang='lat' dir='ltr'>nostrorum</span> <span class='ocrx_word' id='word_1_397' title='bbox 521 2266 640 2304; x_wconf 87' lang='lat' dir='ltr'>Regum</span> <span class='ocrx_word' id='word_1_398' title='bbox 661 2265 736 2295; x_wconf 87' lang='lat' dir='ltr'>fuere</span> <span class='ocrx_word' id='word_1_399' title='bbox 750 2265 846 2302; x_wconf 85' lang='lat' dir='ltr'>postea</span> <span class='ocrx_word' id='word_1_400' title='bbox 860 2265 1028 2304; x_wconf 76' lang='lat' dir='ltr'>Rarfficara,</span> <span class='ocrx_word' id='word_1_401' title='bbox 1044 2263 1223 2297; x_wconf 72' lang='lat' dir='ltr'>Confirmata</span> 
     </span>
     <span class='ocr_line' id='line_1_54' title="bbox 167 2304 960 2346; baseline -0.006 -7"><span class='ocrx_word' id='word_1_402' title='bbox 167 2309 202 2340; x_wconf 90' lang='lat'>&amp;</span> <span class='ocrx_word' id='word_1_403' title='bbox 215 2307 375 2346; x_wconf 77' lang='lat' dir='ltr'>Approbata</span> <span class='ocrx_word' id='word_1_404' title='bbox 387 2307 464 2343; x_wconf 75' lang='lat' dir='ltr'>justa</span> <span class='ocrx_word' id='word_1_405' title='bbox 478 2315 581 2336; x_wconf 88' lang='lat' dir='ltr'>eorum</span> <span class='ocrx_word' id='word_1_406' title='bbox 595 2304 729 2335; x_wconf 87' lang='lat' dir='ltr'>Formam</span> <span class='ocrx_word' id='word_1_407' title='bbox 746 2305 779 2337; x_wconf 88' lang='lat'>&amp;</span> <span class='ocrx_word' id='word_1_408' title='bbox 793 2304 960 2342; x_wconf 86' lang='lat' dir='ltr'>Tenorem,</span> 
     </span>
    </p>
   </div>
   <div class='ocr_carea' id='block_1_10' title="bbox 159 2380 1227 3033">
    <p class='ocr_par' dir='ltr' id='par_1_14' title="bbox 159 2380 1225 2646">
     <span class='ocr_line' id='line_1_55' title="bbox 206 2380 1222 2422; baseline -0.003 -8"><span class='ocrx_word' id='word_1_409' title='bbox 206 2385 225 2403; x_wconf 51' lang='grc' dir='ltr'>’ἓ</span> <span class='ocrx_word' id='word_1_410' title='bbox 235 2383 273 2415; x_wconf 90' lang='lat' dir='ltr'>Et</span> <span class='ocrx_word' id='word_1_411' title='bbox 285 2383 348 2422; x_wconf 91' lang='lat' dir='ltr'>quia</span> <span class='ocrx_word' id='word_1_412' title='bbox 361 2391 410 2422; x_wconf 85' lang='lat' dir='ltr'>per</span> <span class='ocrx_word' id='word_1_413' title='bbox 417 2381 514 2413; x_wconf 86' lang='lat' dir='ltr'>eadem</span> <span class='ocrx_word' id='word_1_414' title='bbox 523 2380 656 2420; x_wconf 85' lang='lat' dir='ltr'>Capitula</span> <span class='ocrx_word' id='word_1_415' title='bbox 669 2381 793 2420; x_wconf 76' lang='lat' dir='ltr'>expresse</span> <span class='ocrx_word' id='word_1_416' title='bbox 812 2389 928 2412; x_wconf 87' lang='lat' dir='ltr'>cavetur</span> <span class='ocrx_word' id='word_1_417' title='bbox 941 2381 1016 2422; x_wconf 67' lang='lat' dir='ltr'>quod</span> <span class='ocrx_word' id='word_1_418' title='bbox 1025 2381 1152 2421; x_wconf 69' lang='lat' dir='ltr'>Succeffiir</span> <span class='ocrx_word' id='word_1_419' title='bbox 1170 2382 1222 2412; x_wconf 76' lang='lat' dir='ltr'>Re—</span> 
     </span>
     <span class='ocr_line' id='line_1_56' title="bbox 163 2418 1225 2463; baseline -0.003 -10"><span class='ocrx_word' id='word_1_420' title='bbox 163 2425 205 2463; x_wconf 76' lang='lat' dir='ltr'>gis</span> <span class='ocrx_word' id='word_1_421' title='bbox 226 2423 426 2452; x_wconf 80' lang='lat' dir='ltr'>Praemorientis</span> <span class='ocrx_word' id='word_1_422' title='bbox 439 2424 617 2457; x_wconf 81' lang='lat' dir='ltr'>Amicitiam,</span> <span class='ocrx_word' id='word_1_423' title='bbox 636 2418 750 2459; x_wconf 83' lang='lat' dir='ltr'>Pacem,</span> <span class='ocrx_word' id='word_1_424' title='bbox 775 2419 814 2455; x_wconf 65' lang='grc' dir='ltr'>ὠ·</span> <span class='ocrx_word' id='word_1_425' title='bbox 833 2424 921 2450; x_wconf 80' lang='lat' dir='ltr'>omnia</span> <span class='ocrx_word' id='word_1_426' title='bbox 943 2426 973 2450; x_wconf 74' lang='lat' dir='ltr'>in</span> <span class='ocrx_word' id='word_1_427' title='bbox 990 2420 1070 2450; x_wconf 57' lang='lat' dir='ltr'>distis</span> <span class='ocrx_word' id='word_1_428' title='bbox 1093 2421 1225 2460; x_wconf 80' lang='lat' dir='ltr'>Capitulis</span> 
     </span>
     <span class='ocr_line' id='line_1_57' title="bbox 167 2457 1222 2499; baseline -0.003 -7"><span class='ocrx_word' id='word_1_429' title='bbox 167 2467 310 2499; x_wconf 83' lang='lat' dir='ltr'>contenta,</span> <span class='ocrx_word' id='word_1_430' title='bbox 324 2457 401 2497; x_wconf 78' lang='lat' dir='ltr'>infra</span> <span class='ocrx_word' id='word_1_431' title='bbox 423 2463 538 2489; x_wconf 84' lang='lat' dir='ltr'>Annum</span> <span class='ocrx_word' id='word_1_432' title='bbox 553 2471 571 2488; x_wconf 83' lang='lat' dir='ltr'><em>a</em></span> <span class='ocrx_word' id='word_1_433' title='bbox 591 2462 644 2488; x_wconf 86' lang='lat' dir='ltr'>Die</span> <span class='ocrx_word' id='word_1_434' title='bbox 663 2459 748 2488; x_wconf 70' lang='lat' dir='ltr'>obitus</span> <span class='ocrx_word' id='word_1_435' title='bbox 763 2459 829 2488; x_wconf 60' lang='lat' dir='ltr'>disti</span> <span class='ocrx_word' id='word_1_436' title='bbox 846 2462 924 2496; x_wconf 76' lang='lat' dir='ltr'>Regis</span> <span class='ocrx_word' id='word_1_437' title='bbox 937 2462 1134 2497; x_wconf 71' lang='lat' dir='ltr'>premorientis</span> <span class='ocrx_word' id='word_1_438' title='bbox 1156 2471 1222 2489; x_wconf 82' lang='lat' dir='ltr'>com-</span> 
     </span>
     <span class='ocr_line' id='line_1_58' title="bbox 160 2497 1222 2540; baseline 0 -12"><span class='ocrx_word' id='word_1_439' title='bbox 160 2499 328 2540; x_wconf 77' lang='lat' dir='ltr'>putandum,</span> <span class='ocrx_word' id='word_1_440' title='bbox 345 2504 481 2527; x_wconf 77' lang='lat' dir='ltr'>teneretur</span> <span class='ocrx_word' id='word_1_441' title='bbox 493 2506 544 2536; x_wconf 83' lang='lat' dir='ltr'>per</span> <span class='ocrx_word' id='word_1_442' title='bbox 551 2497 619 2536; x_wconf 78' lang='lat' dir='ltr'>ficas</span> <span class='ocrx_word' id='word_1_443' title='bbox 637 2499 763 2526; x_wconf 83' lang='lat' dir='ltr'>Litteras</span> <span class='ocrx_word' id='word_1_444' title='bbox 781 2499 930 2535; x_wconf 69' lang='lat' dir='ltr'>patentes,</span> <span class='ocrx_word' id='word_1_445' title='bbox 949 2501 1053 2535; x_wconf 85' lang='lat' dir='ltr'>Magno</span> <span class='ocrx_word' id='word_1_446' title='bbox 1074 2497 1162 2535; x_wconf 75' lang='lat' dir='ltr'>sigillo</span> <span class='ocrx_word' id='word_1_447' title='bbox 1171 2499 1222 2538; x_wconf 76' lang='lat' dir='ltr'>fico</span> 
     </span>
     <span class='ocr_line' id='line_1_59' title="bbox 159 2533 1222 2580; baseline 0 -14"><span class='ocrx_word' id='word_1_448' title='bbox 159 2537 297 2580; x_wconf 82' lang='lat' dir='ltr'>sigillatas</span> <span class='ocrx_word' id='word_1_449' title='bbox 311 2559 320 2574; x_wconf 89' lang='lat'>,</span> <span class='ocrx_word' id='word_1_450' title='bbox 340 2536 487 2576; x_wconf 83' lang='lat' dir='ltr'>Ratificare</span> <span class='ocrx_word' id='word_1_451' title='bbox 499 2535 537 2571; x_wconf 62' lang='grc' dir='ltr'>ὠ·</span> <span class='ocrx_word' id='word_1_452' title='bbox 562 2533 727 2576; x_wconf 84' lang='lat' dir='ltr'>Confirmare</span> <span class='ocrx_word' id='word_1_453' title='bbox 744 2559 751 2572; x_wconf 88' lang='lat'>,</span> <span class='ocrx_word' id='word_1_454' title='bbox 774 2536 924 2576; x_wconf 52' lang='lat' dir='ltr'>difflant-que</span> <span class='ocrx_word' id='word_1_455' title='bbox 945 2535 1163 2576; x_wconf 76' lang='lat' dir='ltr'>Ratificationem</span> <span class='ocrx_word' id='word_1_456' title='bbox 1183 2536 1222 2572; x_wconf 63' lang='grc' dir='ltr'>ὠ·</span> 
     </span>
     <span class='ocr_line' id='line_1_60' title="bbox 168 2573 1223 2617; baseline -0.001 -11"><span class='ocrx_word' id='word_1_457' title='bbox 168 2575 403 2617; x_wconf 81' lang='lat' dir='ltr'>confirmationem</span> <span class='ocrx_word' id='word_1_458' title='bbox 418 2578 482 2612; x_wconf 72' lang='lat' dir='ltr'>Regi</span> <span class='ocrx_word' id='word_1_459' title='bbox 497 2573 634 2613; x_wconf 77' lang='lat' dir='ltr'>Superstltt</span> <span class='ocrx_word' id='word_1_460' title='bbox 651 2573 802 2614; x_wconf 71' lang='lat' dir='ltr'>Notficase</span> <span class='ocrx_word' id='word_1_461' title='bbox 812 2596 822 2612; x_wconf 86' lang='lat'>‚</span> <span class='ocrx_word' id='word_1_462' title='bbox 836 2574 1036 2613; x_wconf 77' lang='lat' dir='ltr'>Tranfinittere</span> <span class='ocrx_word' id='word_1_463' title='bbox 1055 2573 1092 2610; x_wconf 84' lang='lat'><em>&amp;</em></span> <span class='ocrx_word' id='word_1_464' title='bbox 1110 2575 1223 2605; x_wconf 82' lang='lat' dir='ltr'>Delibe-</span> 
     </span>
     <span class='ocr_line' id='line_1_61' title="bbox 166 2624 231 2646; baseline 0 0"><span class='ocrx_word' id='word_1_465' title='bbox 166 2624 231 2646; x_wconf 86' lang='lat' dir='ltr'>rare</span> 
     </span>
    </p>

    <p class='ocr_par' dir='ltr' id='par_1_15' title="bbox 167 2637 1226 2951">
     <span class='ocr_line' id='line_1_62' title="bbox 204 2637 1223 2688; baseline 0.001 -6"><span class='ocrx_word' id='word_1_466' title='bbox 204 2637 284 2682; x_wconf 73' lang='lat' dir='ltr'>Hi’nc</span> <span class='ocrx_word' id='word_1_467' title='bbox 299 2649 340 2680; x_wconf 88' lang='lat' dir='ltr'>est</span> <span class='ocrx_word' id='word_1_468' title='bbox 353 2649 432 2688; x_wconf 80' lang='lat' dir='ltr'>quod</span> <span class='ocrx_word' id='word_1_469' title='bbox 447 2648 534 2686; x_wconf 79' lang='lat' dir='ltr'>Nos,</span> <span class='ocrx_word' id='word_1_470' title='bbox 549 2650 598 2687; x_wconf 89' lang='lat' dir='ltr'>qui</span> <span class='ocrx_word' id='word_1_471' title='bbox 611 2649 733 2688; x_wconf 84' lang='lat' dir='ltr'>ejusdem</span> <span class='ocrx_word' id='word_1_472' title='bbox 749 2649 850 2682; x_wconf 80' lang='lat' dir='ltr'>Fratris</span> <span class='ocrx_word' id='word_1_473' title='bbox 872 2651 996 2682; x_wconf 89' lang='lat' dir='ltr'>Domini</span> <span class='ocrx_word' id='word_1_474' title='bbox 1015 2651 1047 2682; x_wconf 72' lang='grc' dir='ltr'>ἃ</span> <span class='ocrx_word' id='word_1_475' title='bbox 1062 2651 1223 2683; x_wconf 86' lang='lat' dir='ltr'>Praedeces-</span> 
     </span>
     <span class='ocr_line' id='line_1_63' title="bbox 167 2686 1224 2727; baseline -0.002 -4"><span class='ocrx_word' id='word_1_476' title='bbox 167 2691 236 2723; x_wconf 88' lang='lat' dir='ltr'>soris</span> <span class='ocrx_word' id='word_1_477' title='bbox 254 2689 343 2720; x_wconf 86' lang='lat' dir='ltr'>nostri</span> <span class='ocrx_word' id='word_1_478' title='bbox 356 2686 447 2717; x_wconf 83' lang='lat' dir='ltr'>Caroli</span> <span class='ocrx_word' id='word_1_479' title='bbox 467 2690 629 2716; x_wconf 82' lang='lat' dir='ltr'>Francorum</span> <span class='ocrx_word' id='word_1_480' title='bbox 652 2687 740 2725; x_wconf 81' lang='lat' dir='ltr'>Regis</span> <span class='ocrx_word' id='word_1_481' title='bbox 763 2689 942 2720; x_wconf 85' lang='lat' dir='ltr'>Successores</span> <span class='ocrx_word' id='word_1_482' title='bbox 960 2690 1073 2727; x_wconf 84' lang='lat' dir='ltr'>sumus,</span> <span class='ocrx_word' id='word_1_483' title='bbox 1091 2691 1224 2726; x_wconf 63' lang='lat' dir='ltr'>praedieti</span> 
     </span>
     <span class='ocr_line' id='line_1_64' title="bbox 168 2724 1224 2767; baseline 0 -8"><span class='ocrx_word' id='word_1_484' title='bbox 168 2728 300 2766; x_wconf 89' lang='lat' dir='ltr'>Capitula</span> <span class='ocrx_word' id='word_1_485' title='bbox 325 2727 480 2763; x_wconf 87' lang='lat' dir='ltr'>omniaque</span> <span class='ocrx_word' id='word_1_486' title='bbox 502 2725 535 2756; x_wconf 89' lang='lat'>&amp;</span> <span class='ocrx_word' id='word_1_487' title='bbox 559 2724 662 2764; x_wconf 82' lang='lat' dir='ltr'>finguia</span> <span class='ocrx_word' id='word_1_488' title='bbox 687 2726 717 2754; x_wconf 91' lang='lat' dir='ltr'>in</span> <span class='ocrx_word' id='word_1_489' title='bbox 735 2725 839 2756; x_wconf 90' lang='lat' dir='ltr'>eisdem</span> <span class='ocrx_word' id='word_1_490' title='bbox 859 2734 995 2756; x_wconf 89' lang='lat' dir='ltr'>contenta</span> <span class='ocrx_word' id='word_1_491' title='bbox 1018 2726 1224 2767; x_wconf 84' lang='lat' dir='ltr'>Laudavimus,</span> 
     </span>
     <span class='ocr_line' id='line_1_65' title="bbox 169 2762 1225 2804; baseline -0.001 -6"><span class='ocrx_word' id='word_1_492' title='bbox 169 2766 407 2802; x_wconf 85' lang='lat' dir='ltr'>Ratificavimus‚</span> <span class='ocrx_word' id='word_1_493' title='bbox 435 2762 679 2794; x_wconf 81' lang='lat' dir='ltr'>confirmavimus</span> <span class='ocrx_word' id='word_1_494' title='bbox 704 2763 737 2794; x_wconf 85' lang='lat'>&amp;</span> <span class='ocrx_word' id='word_1_495' title='bbox 763 2764 1017 2802; x_wconf 83' lang='lat' dir='ltr'>Approbavimus,</span> <span class='ocrx_word' id='word_1_496' title='bbox 1050 2764 1225 2804; x_wconf 87' lang='lat' dir='ltr'>Tenoreque</span> 
     </span>
     <span class='ocr_line' id='line_1_66' title="bbox 169 2800 1224 2842; baseline -0.003 -6"><span class='ocrx_word' id='word_1_497' title='bbox 169 2805 353 2836; x_wconf 82' lang='lat' dir='ltr'>Praesentium</span> <span class='ocrx_word' id='word_1_498' title='bbox 373 2802 409 2833; x_wconf 92' lang='lat' dir='ltr'>de</span> <span class='ocrx_word' id='word_1_499' title='bbox 428 2800 532 2831; x_wconf 80' lang='lat' dir='ltr'>nostrae</span> <span class='ocrx_word' id='word_1_500' title='bbox 559 2801 661 2839; x_wconf 84' lang='lat' dir='ltr'>Regiae</span> <span class='ocrx_word' id='word_1_501' title='bbox 686 2801 833 2833; x_wconf 84' lang='lat' dir='ltr'>Potestatis</span> <span class='ocrx_word' id='word_1_502' title='bbox 855 2802 1029 2841; x_wconf 86' lang='lat' dir='ltr'>plenitudine</span> <span class='ocrx_word' id='word_1_503' title='bbox 1049 2802 1224 2842; x_wconf 76' lang='lat' dir='ltr'>Laudamus,</span> 
     </span>
     <span class='ocr_line' id='line_1_67' title="bbox 170 2839 1225 2884; baseline -0.001 -10"><span class='ocrx_word' id='word_1_504' title='bbox 170 2842 372 2878; x_wconf 84' lang='lat' dir='ltr'>Ratificamus,</span> <span class='ocrx_word' id='word_1_505' title='bbox 390 2839 603 2884; x_wconf 68' lang='lat' dir='ltr'>Confirmamus</span> <span class='ocrx_word' id='word_1_506' title='bbox 616 2841 649 2871; x_wconf 90' lang='lat'>&amp;</span> <span class='ocrx_word' id='word_1_507' title='bbox 662 2839 885 2879; x_wconf 81' lang='lat' dir='ltr'>Approbamus‚</span> <span class='ocrx_word' id='word_1_508' title='bbox 905 2841 1157 2880; x_wconf 86' lang='lat' dir='ltr'>inviolabiliterque</span> <span class='ocrx_word' id='word_1_509' title='bbox 1171 2845 1225 2873; x_wconf 92' lang='lat' dir='ltr'>ob-</span> 
     </span>
     <span class='ocr_line' id='line_1_68' title="bbox 169 2876 1226 2925; baseline -0.001 -12"><span class='ocrx_word' id='word_1_510' title='bbox 169 2882 274 2925; x_wconf 77' lang='lat' dir='ltr'>servare</span> <span class='ocrx_word' id='word_1_511' title='bbox 287 2881 320 2912; x_wconf 90' lang='lat'>&amp;</span> <span class='ocrx_word' id='word_1_512' title='bbox 332 2889 348 2910; x_wconf 86' lang='lat' dir='ltr'>a</span> <span class='ocrx_word' id='word_1_513' title='bbox 363 2878 486 2910; x_wconf 81' lang='lat' dir='ltr'>Subditis</span> <span class='ocrx_word' id='word_1_514' title='bbox 502 2876 603 2909; x_wconf 86' lang='lat' dir='ltr'>nostris</span> <span class='ocrx_word' id='word_1_515' title='bbox 617 2877 757 2909; x_wconf 88' lang='lat' dir='ltr'>observari</span> <span class='ocrx_word' id='word_1_516' title='bbox 776 2880 869 2910; x_wconf 85' lang='lat' dir='ltr'>facere</span> <span class='ocrx_word' id='word_1_517' title='bbox 893 2879 1074 2910; x_wconf 82' lang='lat' dir='ltr'>Promifimus</span> <span class='ocrx_word' id='word_1_518' title='bbox 1097 2881 1130 2912; x_wconf 90' lang='lat'>&amp;</span> <span class='ocrx_word' id='word_1_519' title='bbox 1152 2881 1226 2912; x_wconf 87' lang='lat' dir='ltr'>Pro·</span> 
     </span>
     <span class='ocr_line' id='line_1_69' title="bbox 171 2928 317 2951; baseline -0.014 0"><span class='ocrx_word' id='word_1_520' title='bbox 171 2928 317 2951; x_wconf 82' lang='lat' dir='ltr'>mittimus.</span> 
     </span>
    </p>

    <p class='ocr_par' dir='ltr' id='par_1_16' title="bbox 171 2954 1227 3033">
     <span class='ocr_line' id='line_1_70' title="bbox 209 2954 1227 2995; baseline 0.001 -7"><span class='ocrx_word' id='word_1_521' title='bbox 209 2958 244 2988; x_wconf 89' lang='lat' dir='ltr'>In</span> <span class='ocrx_word' id='word_1_522' title='bbox 256 2958 336 2995; x_wconf 83' lang='lat' dir='ltr'>cujus</span> <span class='ocrx_word' id='word_1_523' title='bbox 349 2955 406 2986; x_wconf 91' lang='lat' dir='ltr'>Rei</span> <span class='ocrx_word' id='word_1_524' title='bbox 419 2954 636 2986; x_wconf 88' lang='lat' dir='ltr'>Testimonium</span> <span class='ocrx_word' id='word_1_525' title='bbox 652 2954 781 2995; x_wconf 87' lang='lat' dir='ltr'>Sigillum</span> <span class='ocrx_word' id='word_1_526' title='bbox 793 2955 926 2987; x_wconf 87' lang='lat' dir='ltr'>nostrum</span> <span class='ocrx_word' id='word_1_527' title='bbox 941 2955 1118 2995; x_wconf 85' lang='lat' dir='ltr'>praesentibus</span> <span class='ocrx_word' id='word_1_528' title='bbox 1136 2957 1227 2990; x_wconf 85' lang='lat' dir='ltr'>Litte-</span> 
     </span>
     <span class='ocr_line' id='line_1_71' title="bbox 171 2993 573 3033; baseline -0.007 -6"><span class='ocrx_word' id='word_1_529' title='bbox 171 2997 208 3027; x_wconf 87' lang='lat' dir='ltr'>ris</span> <span class='ocrx_word' id='word_1_530' title='bbox 219 2997 349 3027; x_wconf 78' lang='lat' dir='ltr'>duximus</span> <span class='ocrx_word' id='word_1_531' title='bbox 360 2993 573 3033; x_wconf 83' lang='lat' dir='ltr'>apponendum.</span> 
     </span>
    </p>
   </div>
   <div class='ocr_carea' id='block_1_11' title="bbox 174 3068 1229 3180">
    <p class='ocr_par' dir='ltr' id='par_1_17' title="bbox 174 3068 1229 3180">
     <span class='ocr_line' id='line_1_72' title="bbox 213 3068 1227 3111; baseline 0.004 -10"><span class='ocrx_word' id='word_1_532' title='bbox 213 3071 282 3103; x_wconf 86' lang='lat' dir='ltr'>Dat.</span> <span class='ocrx_word' id='word_1_533' title='bbox 303 3070 436 3111; x_wconf 85' lang='lat' dir='ltr'>Parifius,</span> <span class='ocrx_word' id='word_1_534' title='bbox 452 3070 498 3101; x_wconf 90' lang='lat' dir='ltr'>die</span> <span class='ocrx_word' id='word_1_535' title='bbox 523 3068 743 3109; x_wconf 85' lang='lat' dir='ltr'>Decimaquarta</span> <span class='ocrx_word' id='word_1_536' title='bbox 759 3069 866 3102; x_wconf 87' lang='lat' dir='ltr'>Mensis</span> <span class='ocrx_word' id='word_1_537' title='bbox 881 3070 966 3111; x_wconf 89' lang='lat' dir='ltr'>Julii,</span> <span class='ocrx_word' id='word_1_538' title='bbox 992 3071 1080 3103; x_wconf 89' lang='lat' dir='ltr'>Anno</span> <span class='ocrx_word' id='word_1_539' title='bbox 1102 3072 1227 3105; x_wconf 89' lang='lat' dir='ltr'>Domini</span> 
     </span>
     <span class='ocr_line' id='line_1_73' title="bbox 174 3108 1229 3180; baseline 0.005 -41"><span class='ocrx_word' id='word_1_540' title='bbox 174 3108 676 3180; x_wconf 47' lang='lat' dir='ltr'>ffiffi?ggffioQadringemefimo’</span> <span class='ocrx_word' id='word_1_541' title='bbox 701 3108 899 3149; x_wconf 84' lang='lat' dir='ltr'>Nonagefimo</span> <span class='ocrx_word' id='word_1_542' title='bbox 925 3109 1060 3150; x_wconf 57' lang='lat' dir='ltr'>ottavo,</span> <span class='ocrx_word' id='word_1_543' title='bbox 1079 3112 1112 3144; x_wconf 71' lang='grc' dir='ltr'>ὃς</span> <span class='ocrx_word' id='word_1_544' title='bbox 1131 3111 1229 3153; x_wconf 85' lang='lat' dir='ltr'>Regni</span> 
     </span>
    </p>
   </div>
   <div class='ocr_carea' id='block_1_12' title="bbox 176 3221 1231 3339">
    <p class='ocr_par' dir='ltr' id='par_1_18' title="bbox 176 3221 1231 3339">
     <span class='ocr_line' id='line_1_74' title="bbox 210 3221 1231 3269; baseline 0.003 -14"><span class='ocrx_word' id='word_1_545' title='bbox 210 3224 296 3269; x_wconf 82' lang='lat' dir='ltr'>Nulli</span> <span class='ocrx_word' id='word_1_546' title='bbox 311 3232 379 3268; x_wconf 76' lang='lat' dir='ltr'>ergo</span> <span class='ocrx_word' id='word_1_547' title='bbox 392 3223 515 3254; x_wconf 88' lang='lat' dir='ltr'>omnino</span> <span class='ocrx_word' id='word_1_548' title='bbox 529 3221 699 3269; x_wconf 78' lang='lat' dir='ltr'>Hominum</span> <span class='ocrx_word' id='word_1_549' title='bbox 718 3222 801 3255; x_wconf 72' lang='lat' dir='ltr'>liceat</span> <span class='ocrx_word' id='word_1_550' title='bbox 812 3223 887 3268; x_wconf 77' lang='lat' dir='ltr'>lianc</span> <span class='ocrx_word' id='word_1_551' title='bbox 901 3224 1035 3265; x_wconf 87' lang='lat' dir='ltr'>Prginam</span> <span class='ocrx_word' id='word_1_552' title='bbox 1051 3226 1154 3258; x_wconf 80' lang='lat' dir='ltr'>nostrae</span> <span class='ocrx_word' id='word_1_553' title='bbox 1171 3229 1231 3266; x_wconf 57' lang='lat' dir='ltr'>Ap«</span> 
     </span>
     <span class='ocr_line' id='line_1_75' title="bbox 176 3260 1231 3339; baseline 0.005 -47"><span class='ocrx_word' id='word_1_554' title='bbox 176 3264 385 3339; x_wconf 44' lang='lat' dir='ltr'>prrssigaetrignigzc</span> <span class='ocrx_word' id='word_1_555' title='bbox 395 3261 642 3300; x_wconf 84' lang='lat' dir='ltr'>Confirmationis,</span> <span class='ocrx_word' id='word_1_556' title='bbox 669 3260 964 3303; x_wconf 78' lang='lat' dir='ltr'>communicationis,</span> <span class='ocrx_word' id='word_1_557' title='bbox 989 3266 1023 3296; x_wconf 88' lang='lat'>&amp;</span> <span class='ocrx_word' id='word_1_558' title='bbox 1042 3264 1171 3296; x_wconf 85' lang='lat' dir='ltr'>Mandati</span> <span class='ocrx_word' id='word_1_559' title='bbox 1188 3269 1231 3298; x_wconf 88' lang='lat' dir='ltr'>in-</span> 
     </span>
     <span class='ocr_line' id='line_1_76' title="bbox 310 3323 397 3338; baseline 0 -8"><span class='ocrx_word' id='word_1_560' title='bbox 310 3323 320 3338; x_wconf 91' lang='lat'>,</span> <span class='ocrx_word' id='word_1_561' title='bbox 389 3323 397 3330; x_wconf 91' lang='lat'><strong>.</strong></span> 
     </span>
    </p>
   </div>
   <div class='ocr_carea' id='block_1_13' title="bbox 181 3373 1234 3715">
    <p class='ocr_par' dir='ltr' id='par_1_19' title="bbox 181 3373 1234 3486">
     <span class='ocr_line' id='line_1_77' title="bbox 205 3373 1234 3419; baseline 0.006 -15"><span class='ocrx_word' id='word_1_562' title='bbox 205 3373 284 3418; x_wconf 31' lang='lat' dir='ltr'>‘Dat.</span> <span class='ocrx_word' id='word_1_563' title='bbox 303 3378 392 3419; x_wconf 61' lang='lat' dir='ltr'>Romae</span> <span class='ocrx_word' id='word_1_564' title='bbox 409 3377 482 3415; x_wconf 85' lang='lat' dir='ltr'>apud</span> <span class='ocrx_word' id='word_1_565' title='bbox 499 3378 629 3407; x_wconf 67' lang='lat' dir='ltr'>Sanctum</span> <span class='ocrx_word' id='word_1_566' title='bbox 648 3379 774 3416; x_wconf 83' lang='lat' dir='ltr'>Petrum,</span> <span class='ocrx_word' id='word_1_567' title='bbox 798 3376 886 3408; x_wconf 86' lang='lat' dir='ltr'>Anno</span> <span class='ocrx_word' id='word_1_568' title='bbox 906 3377 1104 3410; x_wconf 73' lang='lat' dir='ltr'>incarnationis</span> <span class='ocrx_word' id='word_1_569' title='bbox 1126 3379 1234 3411; x_wconf 87' lang='lat' dir='ltr'>Doml-</span> 
     </span>
     <span class='ocr_line' id='line_1_78' title="bbox 181 3412 1234 3458; baseline 0.005 -14"><span class='ocrx_word' id='word_1_570' title='bbox 181 3422 258 3444; x_wconf 83' lang='lat' dir='ltr'>nicae</span> <span class='ocrx_word' id='word_1_571' title='bbox 270 3412 444 3458; x_wconf 69' lang='lat' dir='ltr'>Millesimo,</span> <span class='ocrx_word' id='word_1_572' title='bbox 462 3416 746 3454; x_wconf 84' lang='lat' dir='ltr'>Qiadringentefimo</span> <span class='ocrx_word' id='word_1_573' title='bbox 769 3415 966 3456; x_wconf 83' lang='lat' dir='ltr'>Nonagesimo</span> <span class='ocrx_word' id='word_1_574' title='bbox 982 3428 1080 3457; x_wconf 80' lang='lat' dir='ltr'>nono,</span> <span class='ocrx_word' id='word_1_575' title='bbox 1100 3417 1163 3448; x_wconf 84' lang='lat' dir='ltr'>Kal.</span> <span class='ocrx_word' id='word_1_576' title='bbox 1181 3419 1234 3449; x_wconf 86' lang='lat' dir='ltr'>Fe-</span> 
     </span>
     <span class='ocr_line' id='line_1_79' title="bbox 183 3449 808 3486; baseline 0.003 -4"><span class='ocrx_word' id='word_1_577' title='bbox 183 3451 277 3483; x_wconf 82' lang='lat' dir='ltr'>bruar.</span> <span class='ocrx_word' id='word_1_578' title='bbox 290 3449 474 3484; x_wconf 74' lang='lat' dir='ltr'>Pontificatsis</span> <span class='ocrx_word' id='word_1_579' title='bbox 487 3453 578 3484; x_wconf 88' lang='lat' dir='ltr'>nostri</span> <span class='ocrx_word' id='word_1_580' title='bbox 591 3455 680 3486; x_wconf 88' lang='lat' dir='ltr'>Anno</span> <span class='ocrx_word' id='word_1_581' title='bbox 692 3455 808 3486; x_wconf 63' lang='grc' dir='ltr'><strong>οᾶπνο.</strong></span> 
     </span>
    </p>

    <p class='ocr_par' dir='ltr' id='par_1_20' title="bbox 221 3527 812 3715">
     <span class='ocr_line' id='line_1_80' title="bbox 223 3527 430 3566; baseline -0.005 -8"><span class='ocrx_word' id='word_1_582' title='bbox 223 3527 274 3566; x_wconf 83' lang='lat' dir='ltr'>Jo.</span> <span class='ocrx_word' id='word_1_583' title='bbox 293 3528 430 3557; x_wconf 82' lang='lat' dir='ltr'>Mutinen.</span> 
     </span>
     <span class='ocr_line' id='line_1_81' title="bbox 221 3603 458 3644; baseline -0.008 -8"><span class='ocrx_word' id='word_1_584' title='bbox 221 3604 310 3644; x_wconf 84' lang='lat' dir='ltr'>Super</span> <span class='ocrx_word' id='word_1_585' title='bbox 328 3603 458 3643; x_wconf 68' lang='lat' dir='ltr'>Plicatn,</span> 
     </span>
     <span class='ocr_line' id='line_1_82' title="bbox 569 3683 812 3715; baseline 0.004 -1"><span class='ocrx_word' id='word_1_586' title='bbox 569 3683 600 3714; x_wconf 78' lang='lat' dir='ltr'>T.</span> <span class='ocrx_word' id='word_1_587' title='bbox 619 3684 812 3715; x_wconf 68' lang='lat' dir='ltr'>Dbomarotius.</span> 
     </span>
    </p>
   </div>
   <div class='ocr_carea' id='block_1_14' title="bbox 455 3755 1238 3842">
    <p class='ocr_par' dir='ltr' id='par_1_21' title="bbox 455 3755 1238 3842">
     <span class='ocr_line' id='line_1_83' title="bbox 455 3755 1238 3802; baseline 0.006 -14"><span class='ocrx_word' id='word_1_588' title='bbox 455 3755 510 3789; x_wconf 78' lang='lat' dir='ltr'>Sub</span> <span class='ocrx_word' id='word_1_589' title='bbox 530 3757 655 3790; x_wconf 80' lang='lat' dir='ltr'>Plumbeo</span> <span class='ocrx_word' id='word_1_590' title='bbox 677 3761 765 3799; x_wconf 84' lang='lat' dir='ltr'>Sigillo</span> <span class='ocrx_word' id='word_1_591' title='bbox 790 3762 922 3800; x_wconf 79' lang='lat' dir='ltr'>pendente</span> <span class='ocrx_word' id='word_1_592' title='bbox 940 3773 960 3794; x_wconf 81' lang='lat' dir='ltr'><em>a</em></span> <span class='ocrx_word' id='word_1_593' title='bbox 976 3760 1041 3793; x_wconf 83' lang='lat' dir='ltr'>Filis</span> <span class='ocrx_word' id='word_1_594' title='bbox 1051 3761 1144 3802; x_wconf 55' lang='lat' dir='ltr'>siricis</span> <span class='ocrx_word' id='word_1_595' title='bbox 1158 3760 1238 3801; x_wconf 75' lang='lat' dir='ltr'>flavi</span> 
     </span>
     <span class='ocr_line' id='line_1_84' title="bbox 556 3797 805 3842; baseline 0.016 -15"><span class='ocrx_word' id='word_1_596' title='bbox 556 3797 679 3842; x_wconf 83' lang='lat' dir='ltr'>rubeique</span> <span class='ocrx_word' id='word_1_597' title='bbox 697 3799 805 3831; x_wconf 73' lang='lat' dir='ltr'>coloris.</span> 
     </span>
    </p>
   </div>
   <div class='ocr_carea' id='block_1_15' title="bbox 667 149 1900 213">
    <p class='ocr_par' dir='ltr' id='par_1_22' title="bbox 667 149 1900 213">
     <span class='ocr_line' id='line_1_85' title="bbox 667 149 1900 213; baseline -0.022 1"><span class='ocrx_word' id='word_1_598' title='bbox 667 149 1900 213; x_wconf 79' lang='lat' dir='ltr'>CONVENTIONES,L1TERAE‚</span> 
     </span>
    </p>
   </div>
   <div class='ocr_carea' id='block_1_16' title="bbox 11 247 1219 339">
    <p class='ocr_par' dir='ltr' id='par_1_23' title="bbox 11 247 1219 339">
     <span class='ocr_line' id='line_1_86' title="bbox 11 247 1219 304; baseline -0.017 -6"><span class='ocrx_word' id='word_1_599' title='bbox 11 263 84 296; x_wconf 71' lang='lat' dir='ltr'>Anu·</span> <span class='ocrx_word' id='word_1_600' title='bbox 98 261 139 292; x_wconf 80' lang='lat' dir='ltr'>D·</span> <span class='ocrx_word' id='word_1_601' title='bbox 161 268 191 296; x_wconf 90' lang='lat' dir='ltr'>in</span> <span class='ocrx_word' id='word_1_602' title='bbox 205 273 307 304; x_wconf 83' lang='lat' dir='ltr'>genere</span> <span class='ocrx_word' id='word_1_603' title='bbox 326 263 371 294; x_wconf 87' lang='lat' dir='ltr'>vel</span> <span class='ocrx_word' id='word_1_604' title='bbox 389 263 417 292; x_wconf 89' lang='lat' dir='ltr'>in</span> <span class='ocrx_word' id='word_1_605' title='bbox 431 260 540 301; x_wconf 85' lang='lat' dir='ltr'>specie,</span> <span class='ocrx_word' id='word_1_606' title='bbox 558 259 596 289; x_wconf 86' lang='lat' dir='ltr'>eis</span> <span class='ocrx_word' id='word_1_607' title='bbox 615 257 648 289; x_wconf 68' lang='grc' dir='ltr'>δε</span> <span class='ocrx_word' id='word_1_608' title='bbox 661 267 763 288; x_wconf 86' lang='lat' dir='ltr'>eorum</span> <span class='ocrx_word' id='word_1_609' title='bbox 783 256 882 292; x_wconf 89' lang='lat' dir='ltr'>alicui,</span> <span class='ocrx_word' id='word_1_610' title='bbox 897 255 947 284; x_wconf 90' lang='lat' dir='ltr'>sub</span> <span class='ocrx_word' id='word_1_611' title='bbox 963 259 1130 290; x_wconf 80' lang='lat' dir='ltr'>quacunque</span> <span class='ocrx_word' id='word_1_612' title='bbox 1144 247 1219 279; x_wconf 76' lang='lat' dir='ltr'>Ver-</span> 
     </span>
     <span class='ocr_line' id='line_1_87' title="bbox 39 309 119 339; baseline -0.013 -9"><span class='ocrx_word' id='word_1_613' title='bbox 39 309 119 339; x_wconf 84' lang='lat'>¹500·</span> 
     </span>
    </p>
   </div>
   <div class='ocr_carea' id='block_1_17' title="bbox 1262 280 2312 295">
    <p class='ocr_par' dir='ltr' id='par_1_24' title="bbox 1262 280 2312 295">
     <span class='ocr_line' id='line_1_88' title="bbox 1262 280 2312 295; baseline 0 3971"><span class='ocrx_word' id='word_1_614' title='bbox 1262 280 2312 295; x_wconf 95' lang='lat' dir='ltr'> </span> 
     </span>
    </p>
   </div>
   <div class='ocr_carea' id='block_1_18' title="bbox 1332 338 2232 388">
    <p class='ocr_par' dir='ltr' id='par_1_25' title="bbox 1332 338 2232 388">
     <span class='ocr_line' id='line_1_89' title="bbox 1332 338 2232 388; baseline -0.004 -9"><span class='ocrx_word' id='word_1_615' title='bbox 1332 346 1423 379; x_wconf 70' lang='lat' dir='ltr'>Bulla</span> <span class='ocrx_word' id='word_1_616' title='bbox 1447 343 1482 377; x_wconf 85' lang='lat' dir='ltr'>de</span> <span class='ocrx_word' id='word_1_617' title='bbox 1506 338 1695 377; x_wconf 66' lang='lat' dir='ltr'>Prior-atibus</span> <span class='ocrx_word' id='word_1_618' title='bbox 1719 339 1940 388; x_wconf 81' lang='lat' dir='ltr'>Supprimendis</span> <span class='ocrx_word' id='word_1_619' title='bbox 1961 343 1999 379; x_wconf 76' lang='lat'><em>&amp;</em></span> <span class='ocrx_word' id='word_1_620' title='bbox 2021 341 2232 375; x_wconf 76' lang='lat' dir='ltr'>Annexandis.</span> 
     </span>
    </p>
   </div>
   <div class='ocr_carea' id='block_1_19' title="bbox 2333 230 2465 348">
    <p class='ocr_par' dir='ltr' id='par_1_26' title="bbox 2333 217 2465 348">
     <span class='ocr_line' id='line_1_90' title="bbox 2333 230 2465 264; baseline 0.008 -2"><span class='ocrx_word' id='word_1_621' title='bbox 2333 230 2408 263; x_wconf 77' lang='lat' dir='ltr'>Anti.</span> <span class='ocrx_word' id='word_1_622' title='bbox 2423 231 2465 264; x_wconf 91' lang='lat' dir='ltr'>D.</span> 
     </span>
     <span class='ocr_line' id='line_1_91' title="bbox 2357 278 2445 310; baseline 0.034 -10"><span class='ocrx_word' id='word_1_623' title='bbox 2357 278 2445 310; x_wconf 77' lang='lat'><em>1500.</em></span> 
     </span>
     <span class='ocr_line' id='line_1_92' title="bbox 2335 312 2444 348; baseline 0.028 -11"><span class='ocrx_word' id='word_1_624' title='bbox 2335 312 2400 339; x_wconf 70' lang='lat' dir='ltr'>Hm.</span> <span class='ocrx_word' id='word_1_625' title='bbox 2417 319 2444 348; x_wconf 85' lang='lat'>7.</span> 
     </span>
    </p>
   </div>
   <div class='ocr_carea' id='block_1_20' title="bbox 1256 415 2462 488">
    <p class='ocr_par' dir='ltr' id='par_1_27' title="bbox 1256 415 2462 488">
     <span class='ocr_line' id='line_1_93' title="bbox 1256 415 2462 488; baseline -0.012 -26"><span class='ocrx_word' id='word_1_626' title='bbox 1256 430 1340 488; x_wconf 80' lang='lat' dir='ltr'>AL</span> <span class='ocrx_word' id='word_1_627' title='bbox 1350 440 1422 462; x_wconf 65' lang='lat' dir='ltr'>axa</span> <span class='ocrx_word' id='word_1_628' title='bbox 1432 439 1455 460; x_wconf 85' lang='lat' dir='ltr'>N</span> <span class='ocrx_word' id='word_1_629' title='bbox 1465 439 1485 460; x_wconf 86' lang='lat' dir='ltr'>D</span> <span class='ocrx_word' id='word_1_630' title='bbox 1496 439 1514 460; x_wconf 79' lang='lat' dir='ltr'>E</span> <span class='ocrx_word' id='word_1_631' title='bbox 1524 439 1547 460; x_wconf 82' lang='lat' dir='ltr'>R</span> <span class='ocrx_word' id='word_1_632' title='bbox 1567 424 1591 460; x_wconf 76' lang='lat' dir='ltr'>E</span> <span class='ocrx_word' id='word_1_633' title='bbox 1601 437 1712 459; x_wconf 76' lang='lat' dir='ltr'>Plsco</span> <span class='ocrx_word' id='word_1_634' title='bbox 1722 436 1771 458; x_wconf 77' lang='lat' dir='ltr'>PU</span> <span class='ocrx_word' id='word_1_635' title='bbox 1782 436 1805 465; x_wconf 86' lang='lat' dir='ltr'>s,</span> <span class='ocrx_word' id='word_1_636' title='bbox 1824 429 1924 456; x_wconf 78' lang='lat' dir='ltr'>Servus</span> <span class='ocrx_word' id='word_1_637' title='bbox 1932 428 2076 455; x_wconf 78' lang='lat' dir='ltr'>Servorum</span> <span class='ocrx_word' id='word_1_638' title='bbox 2089 429 2154 466; x_wconf 78' lang='lat' dir='ltr'>Dei,</span> <span class='ocrx_word' id='word_1_639' title='bbox 2167 426 2201 458; x_wconf 88' lang='lat' dir='ltr'>ad</span> <span class='ocrx_word' id='word_1_640' title='bbox 2211 436 2309 466; x_wconf 73' lang='lat' dir='ltr'>perpe.</span> <span class='ocrx_word' id='word_1_641' title='bbox 2326 415 2406 447; x_wconf 77' lang='lat' dir='ltr'><strong>Ann·</strong></span> <span class='ocrx_word' id='word_1_642' title='bbox 2419 415 2462 448; x_wconf 89' lang='lat' dir='ltr'>D.</span> 
     </span>
    </p>
   </div>
   <div class='ocr_carea' id='block_1_21' title="bbox 1334 469 1657 500">
    <p class='ocr_par' dir='ltr' id='par_1_28' title="bbox 1334 469 1657 500">
     <span class='ocr_line' id='line_1_94' title="bbox 1334 469 1657 500; baseline -0.012 0"><span class='ocrx_word' id='word_1_643' title='bbox 1334 479 1411 500; x_wconf 88' lang='lat' dir='ltr'>tuam</span> <span class='ocrx_word' id='word_1_644' title='bbox 1427 470 1465 499; x_wconf 91' lang='lat' dir='ltr'>rei</span> <span class='ocrx_word' id='word_1_645' title='bbox 1481 469 1657 499; x_wconf 83' lang='lat' dir='ltr'>memoriam.</span> 
     </span>
    </p>
   </div>
   <div class='ocr_carea' id='block_1_22' title="bbox 2348 463 2437 493">
    <p class='ocr_par' dir='ltr' id='par_1_29' title="bbox 2348 463 2437 493">
     <span class='ocr_line' id='line_1_95' title="bbox 2348 463 2437 493; baseline 0 -8"><span class='ocrx_word' id='word_1_646' title='bbox 2348 463 2437 493; x_wconf 86' lang='lat'><em>1500.</em></span> 
     </span>
    </p>
   </div>
   <div class='ocr_carea' id='block_1_23' title="bbox 1255 497 2458 618">
    <p class='ocr_par' dir='ltr' id='par_1_30' title="bbox 1255 497 2458 618">
     <span class='ocr_line' id='line_1_96' title="bbox 1292 497 2445 545; baseline -0.003 -9"><span class='ocrx_word' id='word_1_647' title='bbox 1292 506 1437 545; x_wconf 66' lang='lat' dir='ltr'>injuctum</span> <span class='ocrx_word' id='word_1_648' title='bbox 1452 507 1552 538; x_wconf 89' lang='lat' dir='ltr'>Nobis</span> <span class='ocrx_word' id='word_1_649' title='bbox 1568 506 1684 544; x_wconf 87' lang='lat' dir='ltr'>desuper</span> <span class='ocrx_word' id='word_1_650' title='bbox 1702 503 1878 542; x_wconf 85' lang='lat' dir='ltr'>Apostolicae</span> <span class='ocrx_word' id='word_1_651' title='bbox 1899 501 2046 532; x_wconf 87' lang='lat' dir='ltr'>Servitutis</span> <span class='ocrx_word' id='word_1_652' title='bbox 2068 501 2214 534; x_wconf 83' lang='lat' dir='ltr'>Officium</span> <span class='ocrx_word' id='word_1_653' title='bbox 2233 513 2313 536; x_wconf 86' lang='lat' dir='ltr'>men-</span> <span class='ocrx_word' id='word_1_654' title='bbox 2328 497 2380 521; x_wconf 78' lang='lat' dir='ltr'>An.</span> <span class='ocrx_word' id='word_1_655' title='bbox 2401 502 2445 532; x_wconf 88' lang='lat'>¹4·</span> 
     </span>
     <span class='ocr_line' id='line_1_97' title="bbox 1256 537 2405 580; baseline 0 -7"><span class='ocrx_word' id='word_1_656' title='bbox 1256 553 1316 574; x_wconf 90' lang='lat' dir='ltr'>tem</span> <span class='ocrx_word' id='word_1_657' title='bbox 1333 546 1456 575; x_wconf 90' lang='lat' dir='ltr'>nostram</span> <span class='ocrx_word' id='word_1_658' title='bbox 1479 546 1581 575; x_wconf 80' lang='lat' dir='ltr'>excitat</span> <span class='ocrx_word' id='word_1_659' title='bbox 1597 545 1629 575; x_wconf 91' lang='lat'>&amp;</span> <span class='ocrx_word' id='word_1_660' title='bbox 1649 544 1758 574; x_wconf 88' lang='lat' dir='ltr'>inducit</span> <span class='ocrx_word' id='word_1_661' title='bbox 1777 551 1807 573; x_wconf 89' lang='lat' dir='ltr'>ut</span> <span class='ocrx_word' id='word_1_662' title='bbox 1826 542 1860 572; x_wconf 85' lang='lat' dir='ltr'>ad</span> <span class='ocrx_word' id='word_1_663' title='bbox 1879 550 1925 578; x_wconf 86' lang='lat' dir='ltr'>ea,</span> <span class='ocrx_word' id='word_1_664' title='bbox 1943 551 1992 580; x_wconf 89' lang='lat' dir='ltr'>per</span> <span class='ocrx_word' id='word_1_665' title='bbox 2007 550 2071 580; x_wconf 83' lang='lat' dir='ltr'>quae</span> <span class='ocrx_word' id='word_1_666' title='bbox 2089 540 2260 572; x_wconf 85' lang='lat' dir='ltr'>Eclefiarum</span> <span class='ocrx_word' id='word_1_667' title='bbox 2279 543 2312 573; x_wconf 76' lang='grc' dir='ltr'>δε</span> <span class='ocrx_word' id='word_1_668' title='bbox 2329 537 2362 560; x_wconf 84' lang='lat' dir='ltr'>H.</span> <span class='ocrx_word' id='word_1_669' title='bbox 2378 542 2405 568; x_wconf 92' lang='lat'>7·</span> 
     </span>
     <span class='ocr_line' id='line_1_98' title="bbox 1255 572 2458 618; baseline -0.003 -6"><span class='ocrx_word' id='word_1_670' title='bbox 1255 582 1502 613; x_wconf 86' lang='lat' dir='ltr'>Monasteriorum</span> <span class='ocrx_word' id='word_1_671' title='bbox 1517 583 1649 612; x_wconf 90' lang='lat' dir='ltr'>omnium</span> <span class='ocrx_word' id='word_1_672' title='bbox 1673 591 1788 612; x_wconf 89' lang='lat' dir='ltr'>necnon</span> <span class='ocrx_word' id='word_1_673' title='bbox 1807 580 1987 617; x_wconf 83' lang='lat' dir='ltr'>Capellarum</span> <span class='ocrx_word' id='word_1_674' title='bbox 2001 580 2035 610; x_wconf 65' lang='grc' dir='ltr'>ὅ(</span> <span class='ocrx_word' id='word_1_675' title='bbox 2052 578 2243 618; x_wconf 83' lang='lat' dir='ltr'>Hospitalium</span> <span class='ocrx_word' id='word_1_676' title='bbox 2263 590 2311 612; x_wconf 74' lang='lat' dir='ltr'>rie⁴</span> <span class='ocrx_word' id='word_1_677' title='bbox 2329 575 2368 599; x_wconf 76' lang='lat' dir='ltr'>Ex</span> <span class='ocrx_word' id='word_1_678' title='bbox 2387 572 2458 608; x_wconf 55' lang='lat'><strong><em>0¹42·</em></strong></span> 
     </span>
    </p>
   </div>
   <div class='ocr_carea' id='block_1_24' title="bbox 1254 617 2316 812">
    <p class='ocr_par' dir='ltr' id='par_1_31' title="bbox 1254 617 2314 689">
     <span class='ocr_line' id='line_1_99' title="bbox 1254 617 2314 659; baseline 0 -9"><span class='ocrx_word' id='word_1_679' title='bbox 1254 620 1422 651; x_wconf 76' lang='lat' dir='ltr'>ceffitatibus</span> <span class='ocrx_word' id='word_1_680' title='bbox 1436 621 1521 650; x_wconf 86' lang='lat' dir='ltr'>valeat</span> <span class='ocrx_word' id='word_1_681' title='bbox 1534 620 1689 659; x_wconf 88' lang='lat' dir='ltr'>provideri,</span> <span class='ocrx_word' id='word_1_682' title='bbox 1709 628 1847 657; x_wconf 88' lang='lat' dir='ltr'>quantum</span> <span class='ocrx_word' id='word_1_683' title='bbox 1863 628 1933 649; x_wconf 90' lang='lat' dir='ltr'>cum</span> <span class='ocrx_word' id='word_1_684' title='bbox 1949 617 2019 649; x_wconf 86' lang='lat' dir='ltr'>Deo</span> <span class='ocrx_word' id='word_1_685' title='bbox 2032 617 2198 656; x_wconf 77' lang='lat' dir='ltr'>possumu3‚</span> <span class='ocrx_word' id='word_1_686' title='bbox 2211 627 2314 656; x_wconf 82' lang='lat' dir='ltr'>opero-</span> 
     </span>
     <span class='ocr_line' id='line_1_100' title="bbox 1254 657 2037 689; baseline -0.003 -1"><span class='ocrx_word' id='word_1_687' title='bbox 1254 659 1288 688; x_wconf 91' lang='lat' dir='ltr'>sis</span> <span class='ocrx_word' id='word_1_688' title='bbox 1305 660 1408 689; x_wconf 78' lang='lat' dir='ltr'>Studiis</span> <span class='ocrx_word' id='word_1_689' title='bbox 1426 659 1458 689; x_wconf 90' lang='lat'>&amp;</span> <span class='ocrx_word' id='word_1_690' title='bbox 1480 658 1626 688; x_wconf 90' lang='lat' dir='ltr'>Remediis</span> <span class='ocrx_word' id='word_1_691' title='bbox 1644 658 1831 689; x_wconf 82' lang='lat' dir='ltr'>favorabiliter</span> <span class='ocrx_word' id='word_1_692' title='bbox 1850 657 2037 687; x_wconf 85' lang='lat' dir='ltr'>intendamus.</span> 
     </span>
    </p>

    <p class='ocr_par' dir='ltr' id='par_1_32' title="bbox 1254 693 2316 812">
     <span class='ocr_line' id='line_1_101' title="bbox 1293 693 2316 742; baseline -0.001 -15"><span class='ocrx_word' id='word_1_693' title='bbox 1293 697 1416 727; x_wconf 76' lang='lat' dir='ltr'>Dudum</span> <span class='ocrx_word' id='word_1_694' title='bbox 1442 697 1596 734; x_wconf 75' lang='lat' dir='ltr'>siquidem,</span> <span class='ocrx_word' id='word_1_695' title='bbox 1616 706 1668 734; x_wconf 88' lang='lat' dir='ltr'>pro</span> <span class='ocrx_word' id='word_1_696' title='bbox 1688 704 1764 742; x_wconf 79' lang='lat' dir='ltr'>parte</span> <span class='ocrx_word' id='word_1_697' title='bbox 1787 695 1929 726; x_wconf 85' lang='lat' dir='ltr'>Cariffimi</span> <span class='ocrx_word' id='word_1_698' title='bbox 1951 697 1980 725; x_wconf 88' lang='lat' dir='ltr'>in</span> <span class='ocrx_word' id='word_1_699' title='bbox 1999 693 2118 725; x_wconf 86' lang='lat' dir='ltr'>Christo</span> <span class='ocrx_word' id='word_1_700' title='bbox 2141 693 2204 724; x_wconf 86' lang='lat' dir='ltr'>Filii</span> <span class='ocrx_word' id='word_1_701' title='bbox 2225 694 2316 726; x_wconf 86' lang='lat' dir='ltr'>nostri</span> 
     </span>
     <span class='ocr_line' id='line_1_102' title="bbox 1255 731 2315 778; baseline 0 -14"><span class='ocrx_word' id='word_1_702' title='bbox 1255 736 1367 764; x_wconf 65' lang='lat' dir='ltr'>Hemiri</span> <span class='ocrx_word' id='word_1_703' title='bbox 1381 733 1494 773; x_wconf 81' lang='lat' dir='ltr'>Angliae</span> <span class='ocrx_word' id='word_1_704' title='bbox 1502 738 1580 773; x_wconf 75' lang='lat' dir='ltr'>Regis</span> <span class='ocrx_word' id='word_1_705' title='bbox 1596 733 1724 778; x_wconf 73' lang='lat' dir='ltr'>Illustris,</span> <span class='ocrx_word' id='word_1_706' title='bbox 1743 733 1840 764; x_wconf 87' lang='lat' dir='ltr'>Nobis</span> <span class='ocrx_word' id='word_1_707' title='bbox 1857 734 1984 772; x_wconf 78' lang='lat' dir='ltr'>exposito</span> <span class='ocrx_word' id='word_1_708' title='bbox 1999 732 2087 773; x_wconf 80' lang='lat' dir='ltr'>&#39;quod</span> <span class='ocrx_word' id='word_1_709' title='bbox 2103 731 2163 770; x_wconf 85' lang='lat' dir='ltr'>Ipse</span> <span class='ocrx_word' id='word_1_710' title='bbox 2198 733 2235 763; x_wconf 91' lang='lat' dir='ltr'>de</span> <span class='ocrx_word' id='word_1_711' title='bbox 2248 743 2315 772; x_wconf 78' lang='lat' dir='ltr'>pro-</span> 
     </span>
     <span class='ocr_line' id='line_1_103' title="bbox 1254 755 2315 812; baseline 0 -9"><span class='ocrx_word' id='word_1_712' title='bbox 1254 775 1311 812; x_wconf 88' lang='lat' dir='ltr'>pria</span> <span class='ocrx_word' id='word_1_713' title='bbox 1326 773 1421 803; x_wconf 88' lang='lat' dir='ltr'>Salute</span> <span class='ocrx_word' id='word_1_714' title='bbox 1436 774 1594 810; x_wconf 88' lang='lat' dir='ltr'>recogitans</span> <span class='ocrx_word' id='word_1_715' title='bbox 1610 783 1644 803; x_wconf 89' lang='lat' dir='ltr'>ac</span> <span class='ocrx_word' id='word_1_716' title='bbox 1652 782 1769 810; x_wconf 88' lang='lat' dir='ltr'>cupiens</span> <span class='ocrx_word' id='word_1_717' title='bbox 1776 772 1903 803; x_wconf 87' lang='lat' dir='ltr'>Terrena</span> <span class='ocrx_word' id='word_1_718' title='bbox 1918 774 1947 802; x_wconf 91' lang='lat' dir='ltr'>in</span> <span class='ocrx_word' id='word_1_719' title='bbox 1963 771 2101 802; x_wconf 82' lang='lat' dir='ltr'>Coelestia</span> <span class='ocrx_word' id='word_1_720' title='bbox 2111 755 2315 808; x_wconf 71' lang='lat' dir='ltr'>,&amp;²l&#39;ranfito-</span> 
     </span>
    </p>
   </div>
   <div class='ocr_carea' id='block_1_25' title="bbox 1255 809 2367 854">
    <p class='ocr_par' dir='ltr' id='par_1_33' title="bbox 1255 809 2367 854">
     <span class='ocr_line' id='line_1_104' title="bbox 1255 809 2367 854; baseline 0.001 -13"><span class='ocrx_word' id='word_1_721' title='bbox 1255 814 1293 841; x_wconf 90' lang='lat' dir='ltr'>ria</span> <span class='ocrx_word' id='word_1_722' title='bbox 1317 813 1346 841; x_wconf 90' lang='lat' dir='ltr'>in</span> <span class='ocrx_word' id='word_1_723' title='bbox 1363 810 1481 842; x_wconf 86' lang='lat' dir='ltr'>AEterna</span> <span class='ocrx_word' id='word_1_724' title='bbox 1498 812 1576 842; x_wconf 88' lang='lat' dir='ltr'>felici</span> <span class='ocrx_word' id='word_1_725' title='bbox 1593 809 1786 841; x_wconf 91' lang='lat' dir='ltr'>Commerclo</span> <span class='ocrx_word' id='word_1_726' title='bbox 1809 816 2004 854; x_wconf 66' lang='lat' dir='ltr'>commutare,</span> <span class='ocrx_word' id='word_1_727' title='bbox 2018 810 2074 848; x_wconf 67' lang='lat' dir='ltr'>qua</span> <span class='ocrx_word' id='word_1_728' title='bbox 2092 809 2194 840; x_wconf 69' lang='lat' dir='ltr'>ductus</span> <span class='ocrx_word' id='word_1_729' title='bbox 2211 810 2316 842; x_wconf 83' lang='lat' dir='ltr'>Devo—</span> <span class='ocrx_word' id='word_1_730' title='bbox 2362 842 2367 845; x_wconf 88' lang='grc'><strong>,</strong></span> 
     </span>
    </p>
   </div>
   <div class='ocr_carea' id='block_1_26' title="bbox 1255 847 2317 893">
    <p class='ocr_par' dir='ltr' id='par_1_34' title="bbox 1255 847 2317 893">
     <span class='ocr_line' id='line_1_105' title="bbox 1255 847 2317 893; baseline 0.002 -14"><span class='ocrx_word' id='word_1_731' title='bbox 1255 851 1354 888; x_wconf 86' lang='lat' dir='ltr'>tione,</span> <span class='ocrx_word' id='word_1_732' title='bbox 1380 850 1521 888; x_wconf 88' lang='lat' dir='ltr'>quandam</span> <span class='ocrx_word' id='word_1_733' title='bbox 1541 849 1709 893; x_wconf 79' lang='lat' dir='ltr'>Capellam,</span> <span class='ocrx_word' id='word_1_734' title='bbox 1725 855 1792 880; x_wconf 82' lang='lat' dir='ltr'>cu&#39;m</span> <span class='ocrx_word' id='word_1_735' title='bbox 1814 859 1870 879; x_wconf 88' lang='lat' dir='ltr'>una</span> <span class='ocrx_word' id='word_1_736' title='bbox 1891 847 2039 886; x_wconf 64' lang='lat' dir='ltr'>cantaria,</span> <span class='ocrx_word' id='word_1_737' title='bbox 2056 849 2106 879; x_wconf 91' lang='lat' dir='ltr'>sub</span> <span class='ocrx_word' id='word_1_738' title='bbox 2128 848 2317 881; x_wconf 78' lang='lat' dir='ltr'>Invocatione</span> 
     </span>
    </p>
   </div>
   <div class='ocr_carea' id='block_1_27' title="bbox 1254 885 2360 927">
    <p class='ocr_par' dir='ltr' id='par_1_35' title="bbox 1254 885 2360 927">
     <span class='ocr_line' id='line_1_106' title="bbox 1254 885 2360 927; baseline 0 -9"><span class='ocrx_word' id='word_1_739' title='bbox 1254 887 1348 918; x_wconf 85' lang='lat' dir='ltr'>Beatae</span> <span class='ocrx_word' id='word_1_740' title='bbox 1371 887 1472 919; x_wconf 87' lang='lat' dir='ltr'>Mariae</span> <span class='ocrx_word' id='word_1_741' title='bbox 1495 889 1638 925; x_wconf 84' lang='lat' dir='ltr'>Virginis,</span> <span class='ocrx_word' id='word_1_742' title='bbox 1656 897 1723 918; x_wconf 88' lang='lat' dir='ltr'>cum</span> <span class='ocrx_word' id='word_1_743' title='bbox 1744 886 1892 918; x_wconf 84' lang='lat' dir='ltr'>sufficienti</span> <span class='ocrx_word' id='word_1_744' title='bbox 1915 897 2037 917; x_wconf 87' lang='lat' dir='ltr'>numero</span> <span class='ocrx_word' id='word_1_745' title='bbox 2059 885 2315 927; x_wconf 86' lang='lat' dir='ltr'>Presbyterorum,</span> <span class='ocrx_word' id='word_1_746' title='bbox 2354 920 2360 922; x_wconf 69' lang='grc'><strong>,</strong></span> 
     </span>
    </p>
   </div>
   <div class='ocr_carea' id='block_1_28' title="bbox 1253 925 2325 2163">
    <p class='ocr_par' dir='ltr' id='par_1_36' title="bbox 1253 925 2318 1157">
     <span class='ocr_line' id='line_1_107' title="bbox 1253 925 2318 1004; baseline 0.001 -9"><span class='ocrx_word' id='word_1_747' title='bbox 1253 928 1323 995; x_wconf 51' lang='grc' dir='ltr'>ἓξὲξ</span> <span class='ocrx_word' id='word_1_748' title='bbox 1328 926 1395 995; x_wconf 62' lang='grc' dir='ltr'>Πὲἒίξι</span> <span class='ocrx_word' id='word_1_749' title='bbox 1407 925 2088 1004; x_wconf 46' lang='grc' dir='ltr'>εὲῗεέἒὲξᾛηὲῗῗὲἓὲῖἒῑῗεέξῖἒῖᾟῖἶὲἓῗὲζ</span> <span class='ocrx_word' id='word_1_750' title='bbox 2095 926 2318 996; x_wconf 35' lang='lat' dir='ltr'>exussit}</span> 
     </span>
     <span class='ocr_line' id='line_1_108' title="bbox 1255 1001 2318 1042; baseline 0 -8"><span class='ocrx_word' id='word_1_751' title='bbox 1255 1003 1412 1042; x_wconf 81' lang='lat' dir='ltr'>Dioecefis‚</span> <span class='ocrx_word' id='word_1_752' title='bbox 1431 1013 1465 1034; x_wconf 88' lang='lat' dir='ltr'>ac</span> <span class='ocrx_word' id='word_1_753' title='bbox 1491 1012 1584 1034; x_wconf 87' lang='lat' dir='ltr'>unum</span> <span class='ocrx_word' id='word_1_754' title='bbox 1607 1002 1772 1040; x_wconf 61' lang='lat' dir='ltr'>Hospstale,</span> <span class='ocrx_word' id='word_1_755' title='bbox 1797 1003 1825 1032; x_wconf 90' lang='lat' dir='ltr'>in</span> <span class='ocrx_word' id='word_1_756' title='bbox 1846 1002 1927 1033; x_wconf 69' lang='lat' dir='ltr'>dieto</span> <span class='ocrx_word' id='word_1_757' title='bbox 1950 1001 2051 1039; x_wconf 83' lang='lat' dir='ltr'>Opido</span> <span class='ocrx_word' id='word_1_758' title='bbox 2072 1011 2125 1039; x_wconf 87' lang='lat' dir='ltr'>pro</span> <span class='ocrx_word' id='word_1_759' title='bbox 2145 1001 2318 1041; x_wconf 86' lang='lat' dir='ltr'>Pauperibus</span> 
     </span>
     <span class='ocr_line' id='line_1_109' title="bbox 1255 1041 2317 1079; baseline 0 -6"><span class='ocrx_word' id='word_1_760' title='bbox 1255 1043 1289 1073; x_wconf 90' lang='lat'>&amp;</span> <span class='ocrx_word' id='word_1_761' title='bbox 1311 1043 1369 1072; x_wconf 91' lang='lat' dir='ltr'>aliis</span> <span class='ocrx_word' id='word_1_762' title='bbox 1383 1041 1589 1073; x_wconf 83' lang='lat' dir='ltr'>Miserabilibus</span> <span class='ocrx_word' id='word_1_763' title='bbox 1602 1041 1747 1079; x_wconf 87' lang='lat' dir='ltr'>Personis,</span> <span class='ocrx_word' id='word_1_764' title='bbox 1766 1041 1800 1071; x_wconf 90' lang='lat' dir='ltr'>ad</span> <span class='ocrx_word' id='word_1_765' title='bbox 1815 1041 1882 1071; x_wconf 90' lang='lat' dir='ltr'>illud</span> <span class='ocrx_word' id='word_1_766' title='bbox 1897 1050 1949 1077; x_wconf 85' lang='lat' dir='ltr'>pro</span> <span class='ocrx_word' id='word_1_767' title='bbox 1970 1049 2099 1076; x_wconf 87' lang='lat' dir='ltr'>tempore</span> <span class='ocrx_word' id='word_1_768' title='bbox 2113 1041 2317 1073; x_wconf 80' lang='lat' dir='ltr'>declinantibus</span> 
     </span>
     <span class='ocr_line' id='line_1_110' title="bbox 1255 1071 2316 1120; baseline 0.001 -9"><span class='ocrx_word' id='word_1_769' title='bbox 1255 1081 1284 1110; x_wconf 88' lang='lat' dir='ltr'>in</span> <span class='ocrx_word' id='word_1_770' title='bbox 1300 1081 1349 1111; x_wconf 93' lang='lat' dir='ltr'>illo</span> <span class='ocrx_word' id='word_1_771' title='bbox 1366 1080 1546 1120; x_wconf 84' lang='lat' dir='ltr'>recipiendis,</span> <span class='ocrx_word' id='word_1_772' title='bbox 1564 1080 1752 1111; x_wconf 87' lang='lat' dir='ltr'>confovendis</span> <span class='ocrx_word' id='word_1_773' title='bbox 1767 1080 1800 1111; x_wconf 85' lang='lat'>&amp;</span> <span class='ocrx_word' id='word_1_774' title='bbox 1814 1079 1935 1118; x_wconf 87' lang='lat' dir='ltr'>alendis,</span> <span class='ocrx_word' id='word_1_775' title='bbox 1953 1078 1989 1109; x_wconf 91' lang='lat' dir='ltr'>de</span> <span class='ocrx_word' id='word_1_776' title='bbox 2004 1077 2089 1108; x_wconf 88' lang='lat' dir='ltr'>Bonis</span> <span class='ocrx_word' id='word_1_777' title='bbox 2101 1071 2225 1118; x_wconf 85' lang='lat' dir='ltr'>Propriis</span> <span class='ocrx_word' id='word_1_778' title='bbox 2237 1081 2316 1112; x_wconf 87' lang='lat' dir='ltr'>Fun—</span> 
     </span>
     <span class='ocr_line' id='line_1_111' title="bbox 1256 1118 1754 1157; baseline -0.002 -8"><span class='ocrx_word' id='word_1_779' title='bbox 1256 1119 1320 1150; x_wconf 86' lang='lat' dir='ltr'>dare</span> <span class='ocrx_word' id='word_1_780' title='bbox 1335 1122 1367 1151; x_wconf 91' lang='lat'>&amp;</span> <span class='ocrx_word' id='word_1_781' title='bbox 1385 1118 1544 1150; x_wconf 82' lang='lat' dir='ltr'>1²Edificare</span> <span class='ocrx_word' id='word_1_782' title='bbox 1558 1119 1754 1157; x_wconf 84' lang='lat' dir='ltr'>proponebat,</span> 
     </span>
    </p>

    <p class='ocr_par' dir='ltr' id='par_1_37' title="bbox 1258 1154 2323 1852">
     <span class='ocr_line' id='line_1_112' title="bbox 1294 1154 2317 1197; baseline 0.001 -9"><span class='ocrx_word' id='word_1_783' title='bbox 1294 1157 1362 1189; x_wconf 82' lang='lat' dir='ltr'>Nos</span> <span class='ocrx_word' id='word_1_784' title='bbox 1375 1166 1462 1196; x_wconf 80' lang='lat' dir='ltr'>tunc,</span> <span class='ocrx_word' id='word_1_785' title='bbox 1481 1158 1551 1188; x_wconf 71' lang='lat' dir='ltr'>dieti</span> <span class='ocrx_word' id='word_1_786' title='bbox 1569 1157 1657 1197; x_wconf 85' lang='lat' dir='ltr'>Regis</span> <span class='ocrx_word' id='word_1_787' title='bbox 1670 1158 1698 1187; x_wconf 92' lang='lat' dir='ltr'>in</span> <span class='ocrx_word' id='word_1_788' title='bbox 1713 1166 1745 1188; x_wconf 66' lang='lat' dir='ltr'>m</span> <span class='ocrx_word' id='word_1_789' title='bbox 1760 1163 1836 1194; x_wconf 83' lang='lat' dir='ltr'>parte</span> <span class='ocrx_word' id='word_1_790' title='bbox 1850 1154 1889 1186; x_wconf 92' lang='lat' dir='ltr'>Su</span> <span class='ocrx_word' id='word_1_791' title='bbox 1912 1154 2107 1192; x_wconf 89' lang='lat' dir='ltr'>plicationibus</span> <span class='ocrx_word' id='word_1_792' title='bbox 2121 1155 2263 1195; x_wconf 83' lang='lat' dir='ltr'>inclinati,</span> <span class='ocrx_word' id='word_1_793' title='bbox 2279 1158 2317 1189; x_wconf 86' lang='lat' dir='ltr'>de</span> 
     </span>
     <span class='ocr_line' id='line_1_113' title="bbox 1918 1193 2317 1228; baseline 0.01 -5"><span class='ocrx_word' id='word_1_794' title='bbox 1918 1193 2034 1224; x_wconf 67' lang='lat' dir='ltr'>uffuldia</span> <span class='ocrx_word' id='word_1_795' title='bbox 2056 1194 2197 1226; x_wconf 85' lang='lat' dir='ltr'>Prioratus</span> <span class='ocrx_word' id='word_1_796' title='bbox 2219 1195 2317 1228; x_wconf 69' lang='lat' dir='ltr'>saneti</span> 
     </span>
     <span class='ocr_line' id='line_1_114' title="bbox 1258 1232 2321 1272; baseline -0.007 -6"><span class='ocrx_word' id='word_1_797' title='bbox 1258 1236 1413 1272; x_wconf 79' lang='lat' dir='ltr'>Augustini</span> <span class='ocrx_word' id='word_1_798' title='bbox 1429 1236 1462 1266; x_wconf 88' lang='lat'>&amp;</span> <span class='ocrx_word' id='word_1_799' title='bbox 1480 1235 1576 1265; x_wconf 74' lang='lat' dir='ltr'>Sanffi</span> <span class='ocrx_word' id='word_1_800' title='bbox 1592 1233 1736 1266; x_wconf 73' lang='lat' dir='ltr'>BenediCti</span> <span class='ocrx_word' id='word_1_801' title='bbox 1750 1233 1897 1264; x_wconf 88' lang='lat' dir='ltr'>Ordinum</span> <span class='ocrx_word' id='word_1_802' title='bbox 1922 1232 2130 1262; x_wconf 85' lang='lat' dir='ltr'>Wintoniensis</span> <span class='ocrx_word' id='word_1_803' title='bbox 2144 1233 2178 1264; x_wconf 92' lang='lat'>&amp;</span> <span class='ocrx_word' id='word_1_804' title='bbox 2201 1233 2321 1265; x_wconf 57' lang='lat' dir='ltr'>Lincolz</span> 
     </span>
     <span class='ocr_line' id='line_1_115' title="bbox 1258 1270 2319 1311; baseline 0 -7"><span class='ocrx_word' id='word_1_805' title='bbox 1258 1275 1359 1304; x_wconf 86' lang='lat' dir='ltr'>niensis</span> <span class='ocrx_word' id='word_1_806' title='bbox 1381 1273 1588 1311; x_wconf 84' lang='lat' dir='ltr'>Dioecesuum,</span> <span class='ocrx_word' id='word_1_807' title='bbox 1613 1273 1662 1310; x_wconf 92' lang='lat' dir='ltr'>qui</span> <span class='ocrx_word' id='word_1_808' title='bbox 1679 1271 1890 1303; x_wconf 84' lang='lat' dir='ltr'>Conventuales</span> <span class='ocrx_word' id='word_1_809' title='bbox 1911 1270 1948 1300; x_wconf 92' lang='lat' dir='ltr'>de</span> <span class='ocrx_word' id='word_1_810' title='bbox 1963 1272 2024 1309; x_wconf 90' lang='lat' dir='ltr'>jure</span> <span class='ocrx_word' id='word_1_811' title='bbox 2046 1270 2210 1302; x_wconf 68' lang='lat' dir='ltr'>Patronatfis</span> <span class='ocrx_word' id='word_1_812' title='bbox 2227 1272 2319 1311; x_wconf 80' lang='lat' dir='ltr'>Regis</span> 
     </span>
     <span class='ocr_line' id='line_1_116' title="bbox 1259 1308 2318 1351; baseline -0.001 -8"><span class='ocrx_word' id='word_1_813' title='bbox 1259 1313 1369 1351; x_wconf 79' lang='lat' dir='ltr'>Angliae</span> <span class='ocrx_word' id='word_1_814' title='bbox 1378 1323 1430 1349; x_wconf 87' lang='lat' dir='ltr'>pro</span> <span class='ocrx_word' id='word_1_815' title='bbox 1445 1321 1571 1350; x_wconf 88' lang='lat' dir='ltr'>tempore</span> <span class='ocrx_word' id='word_1_816' title='bbox 1585 1311 1724 1343; x_wconf 86' lang='lat' dir='ltr'>existentis</span> <span class='ocrx_word' id='word_1_817' title='bbox 1735 1319 1827 1351; x_wconf 78' lang='lat' dir='ltr'>erant,</span> <span class='ocrx_word' id='word_1_818' title='bbox 1835 1310 2006 1349; x_wconf 89' lang='lat' dir='ltr'>illorumque</span> <span class='ocrx_word' id='word_1_819' title='bbox 2020 1308 2150 1341; x_wconf 75' lang='lat' dir='ltr'>Nomina</span> <span class='ocrx_word' id='word_1_820' title='bbox 2159 1333 2169 1348; x_wconf 91' lang='lat'>‚</span> <span class='ocrx_word' id='word_1_821' title='bbox 2177 1309 2318 1350; x_wconf 75' lang='lat' dir='ltr'>Ordines,</span> 
     </span>
     <span class='ocr_line' id='line_1_117' title="bbox 1259 1347 2319 1390; baseline 0 -9"><span class='ocrx_word' id='word_1_822' title='bbox 1259 1351 1418 1390; x_wconf 86' lang='lat' dir='ltr'>Dignitaies</span> <span class='ocrx_word' id='word_1_823' title='bbox 1436 1351 1468 1381; x_wconf 87' lang='lat'>&amp;</span> <span class='ocrx_word' id='word_1_824' title='bbox 1484 1351 1695 1389; x_wconf 86' lang='lat' dir='ltr'>Dependentias</span> <span class='ocrx_word' id='word_1_825' title='bbox 1718 1350 1896 1381; x_wconf 71' lang='lat' dir='ltr'>Auc&#39;toritate</span> <span class='ocrx_word' id='word_1_826' title='bbox 1921 1347 2092 1388; x_wconf 68' lang='lat' dir='ltr'>apostolica</span> <span class='ocrx_word' id='word_1_827' title='bbox 2111 1349 2222 1386; x_wconf 69' lang='lat' dir='ltr'>penitus</span> <span class='ocrx_word' id='word_1_828' title='bbox 2244 1350 2319 1390; x_wconf 89' lang='lat' dir='ltr'>Sup-</span> 
     </span>
     <span class='ocr_line' id='line_1_118' title="bbox 1259 1386 2320 1429; baseline 0 -9"><span class='ocrx_word' id='word_1_829' title='bbox 1259 1389 1406 1429; x_wconf 85' lang='lat' dir='ltr'>pressimus</span> <span class='ocrx_word' id='word_1_830' title='bbox 1418 1390 1451 1420; x_wconf 67' lang='grc' dir='ltr'>ὃ(</span> <span class='ocrx_word' id='word_1_831' title='bbox 1462 1389 1638 1420; x_wconf 68' lang='lat' dir='ltr'>Eittinximus</span> <span class='ocrx_word' id='word_1_832' title='bbox 1647 1412 1657 1427; x_wconf 84' lang='lat'>,</span> <span class='ocrx_word' id='word_1_833' title='bbox 1677 1398 1793 1419; x_wconf 85' lang='lat' dir='ltr'>necnon</span> <span class='ocrx_word' id='word_1_834' title='bbox 1800 1388 1969 1426; x_wconf 68' lang='lat' dir='ltr'>Strufturas,</span> <span class='ocrx_word' id='word_1_835' title='bbox 1982 1386 2117 1418; x_wconf 87' lang='lat' dir='ltr'>AEdificia</span> <span class='ocrx_word' id='word_1_836' title='bbox 2126 1389 2159 1419; x_wconf 92' lang='lat'>&amp;</span> <span class='ocrx_word' id='word_1_837' title='bbox 2170 1388 2246 1419; x_wconf 88' lang='lat' dir='ltr'>Bona</span> <span class='ocrx_word' id='word_1_838' title='bbox 2254 1399 2320 1420; x_wconf 89' lang='lat' dir='ltr'>om-</span> 
     </span>
     <span class='ocr_line' id='line_1_119' title="bbox 1260 1424 2320 1465; baseline 0 -7"><span class='ocrx_word' id='word_1_839' title='bbox 1260 1429 1305 1458; x_wconf 87' lang='lat' dir='ltr'>nia</span> <span class='ocrx_word' id='word_1_840' title='bbox 1320 1428 1462 1459; x_wconf 63' lang='lat' dir='ltr'>diciorum</span> <span class='ocrx_word' id='word_1_841' title='bbox 1477 1428 1655 1458; x_wconf 78' lang='lat' dir='ltr'>prioratuum</span> <span class='ocrx_word' id='word_1_842' title='bbox 1674 1426 1782 1457; x_wconf 82' lang='lat' dir='ltr'>Mensae</span> <span class='ocrx_word' id='word_1_843' title='bbox 1797 1426 1947 1464; x_wconf 82' lang='lat' dir='ltr'>Capitulari</span> <span class='ocrx_word' id='word_1_844' title='bbox 1962 1425 2047 1456; x_wconf 66' lang='lat' dir='ltr'>dictae</span> <span class='ocrx_word' id='word_1_845' title='bbox 2067 1424 2200 1457; x_wconf 82' lang='lat' dir='ltr'>Ecclesiae</span> <span class='ocrx_word' id='word_1_846' title='bbox 2218 1437 2320 1465; x_wconf 77' lang='lat' dir='ltr'>perpe·</span> 
     </span>
     <span class='ocr_line' id='line_1_120' title="bbox 1261 1463 2318 1533; baseline -0.001 -36"><span class='ocrx_word' id='word_1_847' title='bbox 1261 1469 1314 1497; x_wconf 77' lang='lat' dir='ltr'>tuo</span> <span class='ocrx_word' id='word_1_848' title='bbox 1338 1467 1568 1505; x_wconf 84' lang='lat' dir='ltr'>Applicavimus,</span> <span class='ocrx_word' id='word_1_849' title='bbox 1589 1465 1841 1504; x_wconf 83' lang='lat' dir='ltr'>Appropriavimus</span> <span class='ocrx_word' id='word_1_850' title='bbox 1863 1466 1895 1495; x_wconf 66' lang='grc' dir='ltr'>δί</span> <span class='ocrx_word' id='word_1_851' title='bbox 1912 1463 2146 1533; x_wconf 50' lang='lat' dir='ltr'>‘Aslsssg‘nwimus’</span> <span class='ocrx_word' id='word_1_852' title='bbox 2165 1466 2199 1496; x_wconf 85' lang='lat' dir='ltr'>ita</span> <span class='ocrx_word' id='word_1_853' title='bbox 2223 1467 2318 1505; x_wconf 80' lang='lat' dir='ltr'>quod,</span> 
     </span>
     <span class='ocr_line' id='line_1_121' title="bbox 1263 1503 2319 1536; baseline -0.001 0"><span class='ocrx_word' id='word_1_854' title='bbox 1263 1504 1439 1536; x_wconf 84' lang='lat' dir='ltr'>Cedentibus</span> <span class='ocrx_word' id='word_1_855' title='bbox 1472 1505 1517 1536; x_wconf 91' lang='lat' dir='ltr'>vel</span> <span class='ocrx_word' id='word_1_856' title='bbox 1549 1504 1763 1535; x_wconf 88' lang='lat' dir='ltr'>Decedentibus</span> <span class='ocrx_word' id='word_1_857' title='bbox 1786 1503 1930 1534; x_wconf 86' lang='lat' dir='ltr'>modernis</span> <span class='ocrx_word' id='word_1_858' title='bbox 1990 1503 2113 1533; x_wconf 54' lang='lat' dir='ltr'>ictorum</span> <span class='ocrx_word' id='word_1_859' title='bbox 2137 1503 2319 1535; x_wconf 87' lang='lat' dir='ltr'>Prioratuurn</span> 
     </span>
     <span class='ocr_line' id='line_1_122' title="bbox 1262 1541 2320 1582; baseline 0.002 -10"><span class='ocrx_word' id='word_1_860' title='bbox 1262 1544 1397 1574; x_wconf 82' lang='lat' dir='ltr'>Prioribus</span> <span class='ocrx_word' id='word_1_861' title='bbox 1413 1546 1458 1574; x_wconf 89' lang='lat' dir='ltr'>seu</span> <span class='ocrx_word' id='word_1_862' title='bbox 1473 1543 1615 1574; x_wconf 88' lang='lat' dir='ltr'>Prioratus</span> <span class='ocrx_word' id='word_1_863' title='bbox 1629 1543 1779 1582; x_wconf 66' lang='lat' dir='ltr'>praedistos</span> <span class='ocrx_word' id='word_1_864' title='bbox 1794 1542 1855 1572; x_wconf 64' lang='lat' dir='ltr'>aliiis</span> <span class='ocrx_word' id='word_1_865' title='bbox 1862 1541 2082 1580; x_wconf 89' lang='lat' dir='ltr'>quomodolibet</span> <span class='ocrx_word' id='word_1_866' title='bbox 2091 1542 2320 1582; x_wconf 70' lang='lat' dir='ltr'>Di&#39;mittentibus³</span> 
     </span>
     <span class='ocr_line' id='line_1_123' title="bbox 1261 1579 2320 1618; baseline 0 -6"><span class='ocrx_word' id='word_1_867' title='bbox 1261 1582 1356 1614; x_wconf 83' lang='lat' dir='ltr'>liceret</span> <span class='ocrx_word' id='word_1_868' title='bbox 1370 1582 1491 1613; x_wconf 69' lang='lat' dir='ltr'>Dilectis</span> <span class='ocrx_word' id='word_1_869' title='bbox 1504 1582 1528 1612; x_wconf 83' lang='lat' dir='ltr'>F</span> <span class='ocrx_word' id='word_1_870' title='bbox 1528 1583 1580 1613; x_wconf 88' lang='lat' dir='ltr'>iliis</span> <span class='ocrx_word' id='word_1_871' title='bbox 1590 1584 1700 1611; x_wconf 82' lang='lat' dir='ltr'>Decano</span> <span class='ocrx_word' id='word_1_872' title='bbox 1707 1580 1744 1616; x_wconf 64' lang='lat' dir='ltr'>&lt;ly</span> <span class='ocrx_word' id='word_1_873' title='bbox 1754 1580 1876 1618; x_wconf 82' lang='lat' dir='ltr'>capitulo</span> <span class='ocrx_word' id='word_1_874' title='bbox 1883 1580 1966 1610; x_wconf 71' lang='lat' dir='ltr'>dierae</span> <span class='ocrx_word' id='word_1_875' title='bbox 1976 1579 2108 1610; x_wconf 88' lang='lat' dir='ltr'>Ecclesiae</span> <span class='ocrx_word' id='word_1_876' title='bbox 2119 1580 2216 1611; x_wconf 73' lang='lat' dir='ltr'>Sanffl</span> <span class='ocrx_word' id='word_1_877' title='bbox 2225 1581 2320 1612; x_wconf 86' lang='lat' dir='ltr'>Geor-</span> 
     </span>
     <span class='ocr_line' id='line_1_124' title="bbox 1260 1618 2323 1660; baseline 0 -10"><span class='ocrx_word' id='word_1_878' title='bbox 1260 1622 1299 1660; x_wconf 85' lang='lat' dir='ltr'>gii</span> <span class='ocrx_word' id='word_1_879' title='bbox 1316 1631 1364 1659; x_wconf 91' lang='lat' dir='ltr'>per</span> <span class='ocrx_word' id='word_1_880' title='bbox 1380 1622 1417 1652; x_wconf 93' lang='lat' dir='ltr'>Se</span> <span class='ocrx_word' id='word_1_881' title='bbox 1432 1622 1476 1651; x_wconf 91' lang='lat' dir='ltr'>vel</span> <span class='ocrx_word' id='word_1_882' title='bbox 1491 1621 1578 1652; x_wconf 89' lang='lat' dir='ltr'>alium</span> <span class='ocrx_word' id='word_1_883' title='bbox 1593 1620 1638 1651; x_wconf 89' lang='lat' dir='ltr'>seu</span> <span class='ocrx_word' id='word_1_884' title='bbox 1653 1621 1720 1651; x_wconf 87' lang='lat' dir='ltr'>alios</span> <span class='ocrx_word' id='word_1_885' title='bbox 1741 1629 1791 1650; x_wconf 91' lang='lat' dir='ltr'>cor</span> <span class='ocrx_word' id='word_1_886' title='bbox 1833 1619 1920 1649; x_wconf 77' lang='lat' dir='ltr'>talem</span> <span class='ocrx_word' id='word_1_887' title='bbox 1941 1618 2153 1650; x_wconf 70' lang='lat' dir='ltr'>Stru&amp;urarum</span> <span class='ocrx_word' id='word_1_888' title='bbox 2169 1618 2323 1651; x_wconf 79' lang='lat' dir='ltr'>AEdificio-</span> 
     </span>
     <span class='ocr_line' id='line_1_125' title="bbox 1262 1629 2323 1703; baseline 0 -13"><span class='ocrx_word' id='word_1_889' title='bbox 1262 1669 1325 1690; x_wconf 91' lang='lat' dir='ltr'>rum</span> <span class='ocrx_word' id='word_1_890' title='bbox 1341 1661 1374 1690; x_wconf 63' lang='grc' dir='ltr'>ὃς</span> <span class='ocrx_word' id='word_1_891' title='bbox 1387 1659 1534 1690; x_wconf 89' lang='lat' dir='ltr'>Bonorum</span> <span class='ocrx_word' id='word_1_892' title='bbox 1549 1658 1711 1703; x_wconf 81' lang='lat' dir='ltr'>hujusmodi</span> <span class='ocrx_word' id='word_1_893' title='bbox 1732 1629 2071 1701; x_wconf 57' lang='lat' dir='ltr'>Posfieoffiqnempropria</span> <span class='ocrx_word' id='word_1_894' title='bbox 2087 1656 2266 1689; x_wconf 70' lang='grc' dir='ltr'>Αυέὶότίῑαῑε</span> <span class='ocrx_word' id='word_1_895' title='bbox 2288 1659 2323 1690; x_wconf 82' lang='lat' dir='ltr'>li-</span> 
     </span>
     <span class='ocr_line' id='line_1_126' title="bbox 1262 1694 2322 1738; baseline 0 -10"><span class='ocrx_word' id='word_1_896' title='bbox 1262 1698 1330 1729; x_wconf 78' lang='lat' dir='ltr'>bere</span> <span class='ocrx_word' id='word_1_897' title='bbox 1343 1698 1567 1738; x_wconf 88' lang='lat' dir='ltr'>apprehendere,</span> <span class='ocrx_word' id='word_1_898' title='bbox 1584 1707 1617 1727; x_wconf 92' lang='lat' dir='ltr'>ac</span> <span class='ocrx_word' id='word_1_899' title='bbox 1632 1707 1661 1726; x_wconf 88' lang='lat' dir='ltr'>in</span> <span class='ocrx_word' id='word_1_900' title='bbox 1676 1696 1785 1727; x_wconf 81' lang='lat' dir='ltr'>Mensae</span> <span class='ocrx_word' id='word_1_901' title='bbox 1800 1695 1965 1734; x_wconf 83' lang='lat' dir='ltr'>Capitularis</span> <span class='ocrx_word' id='word_1_902' title='bbox 1981 1695 2066 1726; x_wconf 67' lang='lat' dir='ltr'>d1&amp;ae</span> <span class='ocrx_word' id='word_1_903' title='bbox 2082 1694 2234 1734; x_wconf 87' lang='lat' dir='ltr'>Ecclesiae,</span> <span class='ocrx_word' id='word_1_904' title='bbox 2251 1707 2322 1728; x_wconf 86' lang='lat' dir='ltr'>nec-</span> 
     </span>
     <span class='ocr_line' id='line_1_127' title="bbox 1261 1733 2321 1777; baseline -0.001 -10"><span class='ocrx_word' id='word_1_905' title='bbox 1261 1745 1322 1768; x_wconf 90' lang='lat' dir='ltr'>non</span> <span class='ocrx_word' id='word_1_906' title='bbox 1335 1735 1461 1775; x_wconf 86' lang='lat' dir='ltr'>Capellae</span> <span class='ocrx_word' id='word_1_907' title='bbox 1475 1736 1615 1767; x_wconf 86' lang='lat' dir='ltr'>Cantariae</span> <span class='ocrx_word' id='word_1_908' title='bbox 1633 1736 1666 1766; x_wconf 89' lang='lat'>&amp;</span> <span class='ocrx_word' id='word_1_909' title='bbox 1678 1735 1828 1774; x_wconf 87' lang='lat' dir='ltr'>Hospitalis</span> <span class='ocrx_word' id='word_1_910' title='bbox 1841 1733 2053 1777; x_wconf 43' lang='lat' dir='ltr'>praejdidiorum·</span> <span class='ocrx_word' id='word_1_911' title='bbox 2059 1733 2137 1764; x_wconf 91' lang='lat' dir='ltr'>Usus</span> <span class='ocrx_word' id='word_1_912' title='bbox 2146 1733 2321 1766; x_wconf 75' lang='lat' dir='ltr'>Utilitatem·</span> 
     </span>
     <span class='ocr_line' id='line_1_128' title="bbox 1261 1771 2320 1814; baseline 0 -8"><span class='ocrx_word' id='word_1_913' title='bbox 1261 1785 1317 1814; x_wconf 90' lang='lat' dir='ltr'>que</span> <span class='ocrx_word' id='word_1_914' title='bbox 1329 1784 1513 1813; x_wconf 86' lang='lat' dir='ltr'>convertere,</span> <span class='ocrx_word' id='word_1_915' title='bbox 1530 1773 1695 1804; x_wconf 87' lang='lat' dir='ltr'>Dioecesani</span> <span class='ocrx_word' id='word_1_916' title='bbox 1711 1773 1785 1804; x_wconf 88' lang='lat' dir='ltr'>Loci</span> <span class='ocrx_word' id='word_1_917' title='bbox 1798 1773 1831 1804; x_wconf 87' lang='lat'>&amp;</span> <span class='ocrx_word' id='word_1_918' title='bbox 1845 1773 1967 1810; x_wconf 73' lang='lat' dir='ltr'>cnjusvls</span> <span class='ocrx_word' id='word_1_919' title='bbox 1974 1771 2086 1803; x_wconf 70' lang='lat' dir='ltr'>alterius</span> <span class='ocrx_word' id='word_1_920' title='bbox 2101 1772 2228 1804; x_wconf 75' lang='lat' dir='ltr'>Licentia</span> <span class='ocrx_word' id='word_1_921' title='bbox 2241 1774 2320 1813; x_wconf 86' lang='lat' dir='ltr'>super</span> 
     </span>
     <span class='ocr_line' id='line_1_129' title="bbox 1262 1812 1992 1852; baseline -0.003 -8"><span class='ocrx_word' id='word_1_922' title='bbox 1262 1814 1320 1845; x_wconf 92' lang='lat' dir='ltr'>hoc</span> <span class='ocrx_word' id='word_1_923' title='bbox 1337 1815 1456 1844; x_wconf 76' lang='lat' dir='ltr'>minime</span> <span class='ocrx_word' id='word_1_924' title='bbox 1470 1812 1615 1851; x_wconf 69' lang='lat' dir='ltr'>requisita,</span> <span class='ocrx_word' id='word_1_925' title='bbox 1955 1842 1959 1844; x_wconf 68' lang='grc'><strong>,</strong></span> <span class='ocrx_word' id='word_1_926' title='bbox 1987 1848 1992 1852; x_wconf 86' lang='lat'><em>.</em></span> 
     </span>
    </p>

    <p class='ocr_par' dir='ltr' id='par_1_38' title="bbox 1263 1847 2325 2123">
     <span class='ocr_line' id='line_1_130' title="bbox 1298 1847 2322 1888; baseline -0.002 -5"><span class='ocrx_word' id='word_1_927' title='bbox 1298 1852 1452 1883; x_wconf 88' lang='lat' dir='ltr'>Transsatis</span> <span class='ocrx_word' id='word_1_928' title='bbox 1466 1861 1561 1883; x_wconf 85' lang='lat' dir='ltr'>tamen</span> <span class='ocrx_word' id='word_1_929' title='bbox 1578 1850 1715 1880; x_wconf 76' lang='lat' dir='ltr'>Prioribus</span> <span class='ocrx_word' id='word_1_930' title='bbox 1729 1848 1933 1888; x_wconf 66' lang='lat' dir='ltr'>praedictorum</span> <span class='ocrx_word' id='word_1_931' title='bbox 1946 1847 2126 1880; x_wconf 82' lang='lat' dir='ltr'>Prio&#39;ratuutn</span> <span class='ocrx_word' id='word_1_932' title='bbox 2142 1858 2176 1880; x_wconf 85' lang='lat' dir='ltr'>ac</span> <span class='ocrx_word' id='word_1_933' title='bbox 2191 1849 2322 1881; x_wconf 88' lang='lat' dir='ltr'>Canoni-</span> 
     </span>
     <span class='ocr_line' id='line_1_131' title="bbox 1263 1887 2319 1928; baseline -0.002 -6"><span class='ocrx_word' id='word_1_934' title='bbox 1263 1892 1303 1922; x_wconf 92' lang='lat' dir='ltr'>cis</span> <span class='ocrx_word' id='word_1_935' title='bbox 1317 1892 1350 1922; x_wconf 90' lang='lat'>&amp;</span> <span class='ocrx_word' id='word_1_936' title='bbox 1367 1890 1521 1922; x_wconf 89' lang='lat' dir='ltr'>Monachis</span> <span class='ocrx_word' id='word_1_937' title='bbox 1538 1891 1566 1920; x_wconf 88' lang='lat' dir='ltr'>in</span> <span class='ocrx_word' id='word_1_938' title='bbox 1581 1890 1632 1920; x_wconf 81' lang='lat' dir='ltr'>illis</span> <span class='ocrx_word' id='word_1_939' title='bbox 1646 1890 1799 1928; x_wconf 68' lang='lat' dir='ltr'>respective</span> <span class='ocrx_word' id='word_1_940' title='bbox 1815 1888 1979 1926; x_wconf 86' lang='lat' dir='ltr'>degentibus</span> <span class='ocrx_word' id='word_1_941' title='bbox 1993 1887 2027 1918; x_wconf 88' lang='lat' dir='ltr'>ad</span> <span class='ocrx_word' id='word_1_942' title='bbox 2042 1893 2057 1908; x_wconf 72' lang='lat'>⁴*</span> <span class='ocrx_word' id='word_1_943' title='bbox 2068 1887 2149 1918; x_wconf 92' lang='lat' dir='ltr'>Loca</span> <span class='ocrx_word' id='word_1_944' title='bbox 2163 1888 2213 1919; x_wconf 90' lang='lat' dir='ltr'>alia</span> <span class='ocrx_word' id='word_1_945' title='bbox 2226 1889 2319 1920; x_wconf 68' lang='lat' dir='ltr'>dicto·</span> 
     </span>
     <span class='ocr_line' id='line_1_132' title="bbox 1268 1925 2323 1968; baseline -0.002 -7"><span class='ocrx_word' id='word_1_946' title='bbox 1268 1939 1335 1961; x_wconf 87' lang='lat' dir='ltr'>rum</span> <span class='ocrx_word' id='word_1_947' title='bbox 1356 1929 1503 1960; x_wconf 89' lang='lat' dir='ltr'>Ordinum</span> <span class='ocrx_word' id='word_1_948' title='bbox 1526 1929 1656 1968; x_wconf 86' lang='lat' dir='ltr'>regularia</span> <span class='ocrx_word' id='word_1_949' title='bbox 1667 1951 1676 1966; x_wconf 87' lang='lat'>,</span> <span class='ocrx_word' id='word_1_950' title='bbox 1693 1928 1727 1959; x_wconf 91' lang='lat'>&amp;</span> <span class='ocrx_word' id='word_1_951' title='bbox 1745 1926 1885 1966; x_wconf 78' lang='lat' dir='ltr'>assignatis</span> <span class='ocrx_word' id='word_1_952' title='bbox 1898 1927 1935 1956; x_wconf 85' lang='lat' dir='ltr'>eis</span> <span class='ocrx_word' id='word_1_953' title='bbox 1948 1925 2041 1965; x_wconf 89' lang='lat' dir='ltr'>quoad</span> <span class='ocrx_word' id='word_1_954' title='bbox 2062 1928 2190 1957; x_wconf 89' lang='lat' dir='ltr'>viveient</span> <span class='ocrx_word' id='word_1_955' title='bbox 2203 1927 2238 1959; x_wconf 90' lang='lat' dir='ltr'>de</span> <span class='ocrx_word' id='word_1_956' title='bbox 2253 1929 2323 1959; x_wconf 81' lang='lat' dir='ltr'>Fru-</span> 
     </span>
     <span class='ocr_line' id='line_1_133' title="bbox 1264 1963 2325 2006; baseline -0.002 -6"><span class='ocrx_word' id='word_1_957' title='bbox 1264 1968 1357 2000; x_wconf 69' lang='lat' dir='ltr'>&amp;ibus</span> <span class='ocrx_word' id='word_1_958' title='bbox 1369 1993 1378 2006; x_wconf 88' lang='lat'>,</span> <span class='ocrx_word' id='word_1_959' title='bbox 1399 1968 1569 1999; x_wconf 82' lang='lat' dir='ltr'>Redditibus</span> <span class='ocrx_word' id='word_1_960' title='bbox 1588 1969 1620 1999; x_wconf 70' lang='grc' dir='ltr'>ὃ(</span> <span class='ocrx_word' id='word_1_961' title='bbox 1637 1963 1826 1997; x_wconf 87' lang='lat' dir='ltr'>Proventibus</span> <span class='ocrx_word' id='word_1_962' title='bbox 1842 1964 2000 2004; x_wconf 86' lang='lat' dir='ltr'>hujusmodi</span> <span class='ocrx_word' id='word_1_963' title='bbox 2017 1963 2200 1996; x_wconf 77' lang='lat' dir='ltr'>Pensionibus</span> <span class='ocrx_word' id='word_1_964' title='bbox 2215 1967 2325 1998; x_wconf 88' lang='lat' dir='ltr'>Annuis</span> 
     </span>
     <span class='ocr_line' id='line_1_134' title="bbox 1264 2003 2322 2046; baseline -0.002 -8"><span class='ocrx_word' id='word_1_965' title='bbox 1264 2008 1496 2046; x_wconf 84' lang='lat' dir='ltr'>competentibus</span> <span class='ocrx_word' id='word_1_966' title='bbox 1511 2015 1560 2045; x_wconf 88' lang='lat' dir='ltr'>per</span> <span class='ocrx_word' id='word_1_967' title='bbox 1573 2005 1647 2036; x_wconf 92' lang='lat' dir='ltr'>Loci</span> <span class='ocrx_word' id='word_1_968' title='bbox 1661 2005 1847 2036; x_wconf 87' lang='lat' dir='ltr'>Ordinarium</span> <span class='ocrx_word' id='word_1_969' title='bbox 1868 2011 1902 2033; x_wconf 81' lang='lat' dir='ltr'>ex</span> <span class='ocrx_word' id='word_1_970' title='bbox 1925 2003 2028 2041; x_wconf 91' lang='lat' dir='ltr'>quibus</span> <span class='ocrx_word' id='word_1_971' title='bbox 2040 2003 2077 2033; x_wconf 88' lang='lat' dir='ltr'>Se</span> <span class='ocrx_word' id='word_1_972' title='bbox 2096 2006 2256 2036; x_wconf 81' lang='lat' dir='ltr'>commode</span> <span class='ocrx_word' id='word_1_973' title='bbox 2273 2017 2322 2036; x_wconf 87' lang='lat' dir='ltr'>va-</span> 
     </span>
     <span class='ocr_line' id='line_1_135' title="bbox 1264 2041 2324 2084; baseline -0.003 -7"><span class='ocrx_word' id='word_1_974' title='bbox 1264 2047 1354 2077; x_wconf 87' lang='lat' dir='ltr'>lerent</span> <span class='ocrx_word' id='word_1_975' title='bbox 1367 2045 1553 2084; x_wconf 88' lang='lat' dir='ltr'>substentare,</span> <span class='ocrx_word' id='word_1_976' title='bbox 1572 2053 1655 2084; x_wconf 87' lang='lat' dir='ltr'>prout</span> <span class='ocrx_word' id='word_1_977' title='bbox 1668 2045 1698 2074; x_wconf 88' lang='lat' dir='ltr'>in</span> <span class='ocrx_word' id='word_1_978' title='bbox 1712 2042 1825 2075; x_wconf 82' lang='lat' dir='ltr'>diverfis</span> <span class='ocrx_word' id='word_1_979' title='bbox 1836 2041 1938 2073; x_wconf 88' lang='lat' dir='ltr'>nostris</span> <span class='ocrx_word' id='word_1_980' title='bbox 1951 2042 2067 2080; x_wconf 83' lang='lat' dir='ltr'>desuper</span> <span class='ocrx_word' id='word_1_981' title='bbox 2080 2043 2219 2074; x_wconf 71' lang='lat' dir='ltr'>confectis</span> <span class='ocrx_word' id='word_1_982' title='bbox 2231 2044 2324 2075; x_wconf 82' lang='lat' dir='ltr'>Litte-</span> 
     </span>
     <span class='ocr_line' id='line_1_136' title="bbox 1265 2085 1843 2123; baseline -0.009 -7"><span class='ocrx_word' id='word_1_983' title='bbox 1265 2086 1300 2116; x_wconf 86' lang='lat' dir='ltr'>ris</span> <span class='ocrx_word' id='word_1_984' title='bbox 1334 2085 1422 2116; x_wconf 80' lang='lat' dir='ltr'>lenius</span> <span class='ocrx_word' id='word_1_985' title='bbox 1439 2085 1619 2123; x_wconf 86' lang='lat' dir='ltr'>continetur,</span> <span class='ocrx_word' id='word_1_986' title='bbox 1840 2115 1843 2116; x_wconf 15' lang='lat'><em>⁷</em></span> 
     </span>
    </p>

    <p class='ocr_par' dir='ltr' id='par_1_39' title="bbox 1333 2116 2325 2163">
     <span class='ocr_line' id='line_1_137' title="bbox 1333 2116 2325 2163; baseline -0.001 -9"><span class='ocrx_word' id='word_1_987' title='bbox 1333 2124 1384 2154; x_wconf 82' lang='lat' dir='ltr'>um</span> <span class='ocrx_word' id='word_1_988' title='bbox 1404 2131 1515 2162; x_wconf 86' lang='lat' dir='ltr'>autem,</span> <span class='ocrx_word' id='word_1_989' title='bbox 1531 2122 1601 2153; x_wconf 80' lang='lat' dir='ltr'>sicut</span> <span class='ocrx_word' id='word_1_990' title='bbox 1620 2122 1799 2160; x_wconf 75' lang='lat' dir='ltr'>accepimus,</span> <span class='ocrx_word' id='word_1_991' title='bbox 1823 2116 2033 2163; x_wconf 77' lang='lat' dir='ltr'>Suppreffiones</span> <span class='ocrx_word' id='word_1_992' title='bbox 2055 2118 2089 2149; x_wconf 91' lang='lat'>&amp;</span> <span class='ocrx_word' id='word_1_993' title='bbox 2112 2119 2325 2160; x_wconf 71' lang='lat' dir='ltr'>Exrinc&#39;liones,</span> 
     </span>
    </p>
   </div>
   <div class='ocr_carea' id='block_1_29' title="bbox 1257 1194 1875 1228">
    <p class='ocr_par' dir='ltr' id='par_1_40' title="bbox 1257 1194 1875 1228">
     <span class='ocr_line' id='line_1_138' title="bbox 1257 1194 1875 1228; baseline -0.002 -1"><span class='ocrx_word' id='word_1_994' title='bbox 1257 1195 1434 1228; x_wconf 74' lang='lat' dir='ltr'>Montisfont</span> <span class='ocrx_word' id='word_1_995' title='bbox 1450 1197 1512 1227; x_wconf 84' lang='lat' dir='ltr'>alias</span> <span class='ocrx_word' id='word_1_996' title='bbox 1523 1196 1560 1226; x_wconf 88' lang='lat' dir='ltr'>de</span> <span class='ocrx_word' id='word_1_997' title='bbox 1573 1195 1772 1227; x_wconf 89' lang='lat' dir='ltr'>Montesfonte</span> <span class='ocrx_word' id='word_1_998' title='bbox 1793 1204 1825 1225; x_wconf 89' lang='lat' dir='ltr'>ac</span> <span class='ocrx_word' id='word_1_999' title='bbox 1839 1194 1875 1226; x_wconf 87' lang='lat' dir='ltr'>de</span> 
     </span>
    </p>
   </div>
   <div class='ocr_carea' id='block_1_30' title="bbox 1265 2159 2340 4039">
    <p class='ocr_par' dir='ltr' id='par_1_41' title="bbox 1265 2159 2327 2547">
     <span class='ocr_line' id='line_1_139' title="bbox 1266 2159 2325 2231; baseline -0.001 -38"><span class='ocrx_word' id='word_1_1000' title='bbox 1266 2161 1534 2231; x_wconf 50' lang='lat' dir='ltr'>Apprgpriationes,</span> <span class='ocrx_word' id='word_1_1001' title='bbox 1561 2160 1769 2201; x_wconf 80' lang='lat' dir='ltr'>Applicationes</span> <span class='ocrx_word' id='word_1_1002' title='bbox 1791 2159 1824 2191; x_wconf 90' lang='lat'>&amp;</span> <span class='ocrx_word' id='word_1_1003' title='bbox 1840 2159 2047 2198; x_wconf 82' lang='lat' dir='ltr'>Aflignationes</span> <span class='ocrx_word' id='word_1_1004' title='bbox 2067 2159 2213 2198; x_wconf 76' lang='lat' dir='ltr'>praedic‘tae</span> <span class='ocrx_word' id='word_1_1005' title='bbox 2229 2160 2325 2192; x_wconf 64' lang='lat' dir='ltr'>hacte-</span> 
     </span>
     <span class='ocr_line' id='line_1_140' title="bbox 1265 2197 2323 2236; baseline -0.003 -5"><span class='ocrx_word' id='word_1_1006' title='bbox 1265 2208 1317 2231; x_wconf 90' lang='lat' dir='ltr'>nus</span> <span class='ocrx_word' id='word_1_1007' title='bbox 1330 2211 1346 2231; x_wconf 90' lang='lat' dir='ltr'>e</span> <span class='ocrx_word' id='word_1_1008' title='bbox 1372 2201 1469 2231; x_wconf 66' lang='lat' dir='ltr'>ectum</span> <span class='ocrx_word' id='word_1_1009' title='bbox 1493 2199 1596 2230; x_wconf 83' lang='lat' dir='ltr'>sortitae</span> <span class='ocrx_word' id='word_1_1010' title='bbox 1620 2209 1678 2230; x_wconf 92' lang='lat' dir='ltr'>non</span> <span class='ocrx_word' id='word_1_1011' title='bbox 1696 2199 1818 2236; x_wconf 86' lang='lat' dir='ltr'>fuerint,</span> <span class='ocrx_word' id='word_1_1012' title='bbox 1835 2197 1980 2235; x_wconf 70' lang='lat' dir='ltr'>diCtusque</span> <span class='ocrx_word' id='word_1_1013' title='bbox 2001 2198 2134 2227; x_wconf 69' lang='lat' dir='ltr'>Heri-ricus</span> <span class='ocrx_word' id='word_1_1014' title='bbox 2154 2201 2215 2228; x_wconf 76' lang='lat' dir='ltr'>Rex</span> <span class='ocrx_word' id='word_1_1015' title='bbox 2235 2209 2269 2228; x_wconf 65' lang='lat' dir='ltr'>er</span> <span class='ocrx_word' id='word_1_1016' title='bbox 2285 2200 2323 2230; x_wconf 73' lang='lat' dir='ltr'>e‘o</span> 
     </span>
     <span class='ocr_line' id='line_1_141' title="bbox 1265 2235 2322 2278; baseline -0.002 -8"><span class='ocrx_word' id='word_1_1017' title='bbox 1265 2240 1299 2270; x_wconf 89' lang='lat' dir='ltr'>ad</span> <span class='ocrx_word' id='word_1_1018' title='bbox 1316 2239 1523 2270; x_wconf 85' lang='lat' dir='ltr'>Fundationem</span> <span class='ocrx_word' id='word_1_1019' title='bbox 1537 2238 1662 2276; x_wconf 82' lang='lat' dir='ltr'>Capellae</span> <span class='ocrx_word' id='word_1_1020' title='bbox 1676 2238 1709 2268; x_wconf 74' lang='grc' dir='ltr'>δε</span> <span class='ocrx_word' id='word_1_1021' title='bbox 1725 2236 1874 2274; x_wconf 84' lang='lat' dir='ltr'>Hospitalis</span> <span class='ocrx_word' id='word_1_1022' title='bbox 1895 2235 2097 2274; x_wconf 68' lang='lat' dir='ltr'>praedi&amp;orum</span> <span class='ocrx_word' id='word_1_1023' title='bbox 2120 2247 2214 2268; x_wconf 79' lang='lat' dir='ltr'>morus</span> <span class='ocrx_word' id='word_1_1024' title='bbox 2226 2238 2322 2278; x_wconf 70' lang='lat' dir='ltr'>fuerit,</span> 
     </span>
     <span class='ocr_line' id='line_1_142' title="bbox 1266 2274 2324 2316; baseline -0.001 -8"><span class='ocrx_word' id='word_1_1025' title='bbox 1266 2277 1344 2316; x_wconf 85' lang='lat' dir='ltr'>quod</span> <span class='ocrx_word' id='word_1_1026' title='bbox 1358 2278 1466 2308; x_wconf 87' lang='lat' dir='ltr'>ibidem</span> <span class='ocrx_word' id='word_1_1027' title='bbox 1480 2278 1555 2308; x_wconf 87' lang='lat' dir='ltr'>suam</span> <span class='ocrx_word' id='word_1_1028' title='bbox 1568 2278 1748 2316; x_wconf 83' lang='lat' dir='ltr'>proposuerat</span> <span class='ocrx_word' id='word_1_1029' title='bbox 1760 2276 1864 2312; x_wconf 86' lang='lat' dir='ltr'>eligere</span> <span class='ocrx_word' id='word_1_1030' title='bbox 1876 2274 2050 2312; x_wconf 87' lang='lat' dir='ltr'>Sepulturam</span> <span class='ocrx_word' id='word_1_1031' title='bbox 2059 2297 2069 2311; x_wconf 91' lang='lat'>‚</span> <span class='ocrx_word' id='word_1_1032' title='bbox 2087 2284 2119 2305; x_wconf 91' lang='lat' dir='ltr'>ac</span> <span class='ocrx_word' id='word_1_1033' title='bbox 2136 2278 2324 2312; x_wconf 77' lang='lat' dir='ltr'>postmodum</span> 
     </span>
     <span class='ocr_line' id='line_1_143' title="bbox 1266 2311 2325 2355; baseline -0.002 -8"><span class='ocrx_word' id='word_1_1034' title='bbox 1266 2326 1301 2347; x_wconf 86' lang='lat' dir='ltr'>ex</span> <span class='ocrx_word' id='word_1_1035' title='bbox 1315 2318 1396 2348; x_wconf 91' lang='lat' dir='ltr'>certis</span> <span class='ocrx_word' id='word_1_1036' title='bbox 1409 2316 1506 2347; x_wconf 77' lang='lat' dir='ltr'>Cauiis</span> <span class='ocrx_word' id='word_1_1037' title='bbox 1521 2315 1701 2355; x_wconf 83' lang='lat' dir='ltr'>Propositum</span> <span class='ocrx_word' id='word_1_1038' title='bbox 1718 2315 1881 2352; x_wconf 88' lang='lat' dir='ltr'>mutaverit,</span> <span class='ocrx_word' id='word_1_1039' title='bbox 1901 2314 1934 2344; x_wconf 92' lang='lat'>&amp;</span> <span class='ocrx_word' id='word_1_1040' title='bbox 1952 2311 2098 2350; x_wconf 86' lang='lat' dir='ltr'>Capellam</span> <span class='ocrx_word' id='word_1_1041' title='bbox 2114 2323 2181 2344; x_wconf 84' lang='lat' dir='ltr'>cuni</span> <span class='ocrx_word' id='word_1_1042' title='bbox 2192 2314 2325 2353; x_wconf 78' lang='lat' dir='ltr'>Hospita-</span> 
     </span>
     <span class='ocr_line' id='line_1_144' title="bbox 1266 2350 2327 2393; baseline 0 -8"><span class='ocrx_word' id='word_1_1043' title='bbox 1266 2355 1285 2385; x_wconf 95' lang='lat' dir='ltr'>li</span> <span class='ocrx_word' id='word_1_1044' title='bbox 1311 2357 1344 2387; x_wconf 91' lang='lat'>&amp;</span> <span class='ocrx_word' id='word_1_1045' title='bbox 1373 2354 1503 2386; x_wconf 71' lang='lat' dir='ltr'>Cantaria</span> <span class='ocrx_word' id='word_1_1046' title='bbox 1525 2354 1664 2393; x_wconf 71' lang='lat' dir='ltr'>praedictis</span> <span class='ocrx_word' id='word_1_1047' title='bbox 1688 2355 1758 2385; x_wconf 90' lang='lat' dir='ltr'>infra</span> <span class='ocrx_word' id='word_1_1048' title='bbox 1781 2352 1863 2389; x_wconf 86' lang='lat' dir='ltr'>Septa</span> <span class='ocrx_word' id='word_1_1049' title='bbox 1890 2351 2060 2381; x_wconf 88' lang='lat' dir='ltr'>Monasterii</span> <span class='ocrx_word' id='word_1_1050' title='bbox 2078 2350 2327 2393; x_wconf 55' lang='lat' dir='ltr'>&amp;Vestinonasterii</span> 
     </span>
     <span class='ocr_line' id='line_1_145' title="bbox 1266 2389 2326 2428; baseline -0.001 -4"><span class='ocrx_word' id='word_1_1051' title='bbox 1266 2393 1472 2425; x_wconf 81' lang='lat' dir='ltr'>Londoniensis</span> <span class='ocrx_word' id='word_1_1052' title='bbox 1490 2393 1631 2424; x_wconf 83' lang='lat' dir='ltr'>Dioecesis</span> <span class='ocrx_word' id='word_1_1053' title='bbox 1647 2393 1716 2423; x_wconf 72' lang='lat' dir='ltr'>dieti</span> <span class='ocrx_word' id='word_1_1054' title='bbox 1740 2390 1858 2421; x_wconf 86' lang='lat' dir='ltr'>Ordinis</span> <span class='ocrx_word' id='word_1_1055' title='bbox 1879 2389 1974 2420; x_wconf 72' lang='lat' dir='ltr'>Sanffi</span> <span class='ocrx_word' id='word_1_1056' title='bbox 1996 2389 2160 2428; x_wconf 78' lang='lat' dir='ltr'>Benedicti,</span> <span class='ocrx_word' id='word_1_1057' title='bbox 2177 2392 2226 2422; x_wconf 89' lang='lat' dir='ltr'>ubi</span> <span class='ocrx_word' id='word_1_1058' title='bbox 2250 2391 2326 2423; x_wconf 60' lang='lat' dir='ltr'>Cora</span> 
     </span>
     <span class='ocr_line' id='line_1_146' title="bbox 1267 2428 2323 2471; baseline 0 -9"><span class='ocrx_word' id='word_1_1059' title='bbox 1267 2443 1319 2471; x_wconf 87' lang='lat' dir='ltr'>pus</span> <span class='ocrx_word' id='word_1_1060' title='bbox 1332 2433 1424 2463; x_wconf 84' lang='lat' dir='ltr'>Clarae</span> <span class='ocrx_word' id='word_1_1061' title='bbox 1439 2432 1594 2463; x_wconf 80' lang='lat' dir='ltr'>Memoriae</span> <span class='ocrx_word' id='word_1_1062' title='bbox 1609 2433 1721 2461; x_wconf 79' lang='lat' dir='ltr'>Henrici</span> <span class='ocrx_word' id='word_1_1063' title='bbox 1734 2433 1783 2467; x_wconf 77' lang='lat' dir='ltr'>vi,</span> <span class='ocrx_word' id='word_1_1064' title='bbox 1800 2428 1911 2467; x_wconf 82' lang='lat' dir='ltr'>Angliae</span> <span class='ocrx_word' id='word_1_1065' title='bbox 1927 2431 2021 2467; x_wconf 79' lang='lat' dir='ltr'>Regis,</span> <span class='ocrx_word' id='word_1_1066' title='bbox 2035 2429 2115 2468; x_wconf 87' lang='lat' dir='ltr'>ipsius</span> <span class='ocrx_word' id='word_1_1067' title='bbox 2130 2431 2241 2460; x_wconf 77' lang='lat' dir='ltr'>Henrici‘</span> <span class='ocrx_word' id='word_1_1068' title='bbox 2257 2441 2323 2462; x_wconf 76' lang='lat' dir='ltr'>mo-</span> 
     </span>
     <span class='ocr_line' id='line_1_147' title="bbox 1267 2466 2324 2508; baseline 0.001 -7"><span class='ocrx_word' id='word_1_1069' title='bbox 1267 2471 1346 2502; x_wconf 88' lang='lat' dir='ltr'>derni</span> <span class='ocrx_word' id='word_1_1070' title='bbox 1359 2475 1438 2508; x_wconf 80' lang='lat' dir='ltr'>Regis</span> <span class='ocrx_word' id='word_1_1071' title='bbox 1458 2471 1552 2501; x_wconf 85' lang='lat' dir='ltr'>Patrui</span> <span class='ocrx_word' id='word_1_1072' title='bbox 1571 2472 1604 2502; x_wconf 64' lang='grc' dir='ltr'>ὃς</span> <span class='ocrx_word' id='word_1_1073' title='bbox 1620 2469 1833 2500; x_wconf 84' lang='lat' dir='ltr'>Praedecessoris</span> <span class='ocrx_word' id='word_1_1074' title='bbox 1850 2468 1986 2498; x_wconf 86' lang='lat' dir='ltr'>collocari</span> <span class='ocrx_word' id='word_1_1075' title='bbox 2005 2468 2104 2507; x_wconf 85' lang='lat' dir='ltr'>cupit,</span> <span class='ocrx_word' id='word_1_1076' title='bbox 2120 2466 2266 2501; x_wconf 86' lang='lat' dir='ltr'>AEdificari</span> <span class='ocrx_word' id='word_1_1077' title='bbox 2283 2471 2324 2502; x_wconf 86' lang='lat' dir='ltr'>fa-</span> 
     </span>
     <span class='ocr_line' id='line_1_148' title="bbox 1267 2505 2278 2547; baseline -0.006 -6"><span class='ocrx_word' id='word_1_1078' title='bbox 1267 2520 1333 2541; x_wconf 87' lang='lat' dir='ltr'>cere</span> <span class='ocrx_word' id='word_1_1079' title='bbox 1347 2511 1380 2541; x_wconf 88' lang='lat'>&amp;</span> <span class='ocrx_word' id='word_1_1080' title='bbox 1398 2510 1574 2547; x_wconf 88' lang='lat' dir='ltr'>Sepulturam</span> <span class='ocrx_word' id='word_1_1081' title='bbox 1592 2508 1670 2539; x_wconf 88' lang='lat' dir='ltr'>suam</span> <span class='ocrx_word' id='word_1_1082' title='bbox 1683 2507 1788 2539; x_wconf 84' lang='lat' dir='ltr'>ibidem</span> <span class='ocrx_word' id='word_1_1083' title='bbox 1805 2506 1906 2544; x_wconf 86' lang='lat' dir='ltr'>eligere</span> <span class='ocrx_word' id='word_1_1084' title='bbox 1921 2505 2063 2543; x_wconf 89' lang='lat' dir='ltr'>intendat,</span> <span class='ocrx_word' id='word_1_1085' title='bbox 2274 2541 2278 2543; x_wconf 64' lang='lat'>‚</span> 
     </span>
    </p>

    <p class='ocr_par' dir='ltr' id='par_1_42' title="bbox 1267 2543 2329 3079">
     <span class='ocr_line' id='line_1_149' title="bbox 1307 2543 2324 2587; baseline 0 -8"><span class='ocrx_word' id='word_1_1086' title='bbox 1307 2548 1393 2587; x_wconf 74' lang='lat' dir='ltr'>Nos,</span> <span class='ocrx_word' id='word_1_1087' title='bbox 1412 2549 1460 2586; x_wconf 88' lang='lat' dir='ltr'>qui</span> <span class='ocrx_word' id='word_1_1088' title='bbox 1482 2548 1592 2578; x_wconf 91' lang='lat' dir='ltr'>dudum</span> <span class='ocrx_word' id='word_1_1089' title='bbox 1612 2548 1684 2577; x_wconf 85' lang='lat' dir='ltr'>inter</span> <span class='ocrx_word' id='word_1_1090' title='bbox 1705 2547 1757 2577; x_wconf 80' lang='lat' dir='ltr'>alia</span> <span class='ocrx_word' id='word_1_1091' title='bbox 1779 2546 1922 2575; x_wconf 76' lang='lat' dir='ltr'>voluimus</span> <span class='ocrx_word' id='word_1_1092' title='bbox 1942 2544 2022 2583; x_wconf 83' lang='lat' dir='ltr'>quod</span> <span class='ocrx_word' id='word_1_1093' title='bbox 2043 2553 2166 2581; x_wconf 84' lang='lat' dir='ltr'>petentes</span> <span class='ocrx_word' id='word_1_1094' title='bbox 2183 2543 2324 2579; x_wconf 80' lang='lat' dir='ltr'>Beneficia</span> 
     </span>
     <span class='ocr_line' id='line_1_150' title="bbox 1267 2583 2325 2620; baseline -0.003 -3"><span class='ocrx_word' id='word_1_1095' title='bbox 1267 2586 1462 2618; x_wconf 73' lang='lat' dir='ltr'>Ecclesiastica</span> <span class='ocrx_word' id='word_1_1096' title='bbox 1477 2586 1534 2616; x_wconf 88' lang='lat' dir='ltr'>aliis</span> <span class='ocrx_word' id='word_1_1097' title='bbox 1548 2584 1636 2616; x_wconf 84' lang='lat' dir='ltr'>Uniri</span> <span class='ocrx_word' id='word_1_1098' title='bbox 1652 2593 1812 2615; x_wconf 83' lang='lat' dir='ltr'>tenerentur</span> <span class='ocrx_word' id='word_1_1099' title='bbox 1836 2584 1990 2620; x_wconf 78' lang='lat' dir='ltr'>exprimere</span> <span class='ocrx_word' id='word_1_1100' title='bbox 2009 2592 2110 2613; x_wconf 90' lang='lat' dir='ltr'>verum</span> <span class='ocrx_word' id='word_1_1101' title='bbox 2127 2583 2263 2616; x_wconf 87' lang='lat' dir='ltr'>Valorem</span> <span class='ocrx_word' id='word_1_1102' title='bbox 2285 2587 2325 2617; x_wconf 77' lang='lat' dir='ltr'>se-</span> 
     </span>
     <span class='ocr_line' id='line_1_151' title="bbox 1267 2620 2325 2656; baseline -0.006 0"><span class='ocrx_word' id='word_1_1103' title='bbox 1267 2625 1397 2656; x_wconf 74' lang='lat' dir='ltr'>cundum</span> <span class='ocrx_word' id='word_1_1104' title='bbox 1414 2635 1590 2656; x_wconf 89' lang='lat' dir='ltr'>communen</span> <span class='ocrx_word' id='word_1_1105' title='bbox 1607 2623 1833 2654; x_wconf 86' lang='lat' dir='ltr'>Extimationem</span> <span class='ocrx_word' id='word_1_1106' title='bbox 1847 2623 1932 2651; x_wconf 86' lang='lat' dir='ltr'>etiam</span> <span class='ocrx_word' id='word_1_1107' title='bbox 1948 2620 2080 2652; x_wconf 74' lang='lat' dir='ltr'>Beneficii</span> <span class='ocrx_word' id='word_1_1108' title='bbox 2093 2623 2138 2652; x_wconf 92' lang='lat' dir='ltr'>cui</span> <span class='ocrx_word' id='word_1_1109' title='bbox 2154 2623 2228 2653; x_wconf 90' lang='lat' dir='ltr'>aliud</span> <span class='ocrx_word' id='word_1_1110' title='bbox 2246 2624 2325 2655; x_wconf 86' lang='lat' dir='ltr'>Uni-</span> 
     </span>
     <span class='ocr_line' id='line_1_152' title="bbox 1267 2660 2325 2703; baseline 0.001 -10"><span class='ocrx_word' id='word_1_1111' title='bbox 1267 2665 1290 2694; x_wconf 90' lang='lat' dir='ltr'>ri</span> <span class='ocrx_word' id='word_1_1112' title='bbox 1307 2672 1462 2701; x_wconf 88' lang='lat' dir='ltr'>peteretur,</span> <span class='ocrx_word' id='word_1_1113' title='bbox 1478 2663 1602 2702; x_wconf 89' lang='lat' dir='ltr'>alioquin</span> <span class='ocrx_word' id='word_1_1114' title='bbox 1617 2662 1702 2693; x_wconf 90' lang='lat' dir='ltr'>Unio</span> <span class='ocrx_word' id='word_1_1115' title='bbox 1715 2671 1773 2692; x_wconf 92' lang='lat' dir='ltr'>non</span> <span class='ocrx_word' id='word_1_1116' title='bbox 1789 2660 1908 2698; x_wconf 85' lang='lat' dir='ltr'>valeret,</span> <span class='ocrx_word' id='word_1_1117' title='bbox 1926 2660 2082 2703; x_wconf 63' lang='lat' dir='ltr'>&amp;semper</span> <span class='ocrx_word' id='word_1_1118' title='bbox 2102 2662 2132 2691; x_wconf 91' lang='lat' dir='ltr'>in</span> <span class='ocrx_word' id='word_1_1119' title='bbox 2154 2661 2325 2694; x_wconf 79' lang='lat' dir='ltr'>Unionibus</span> 
     </span>
     <span class='ocr_line' id='line_1_153' title="bbox 1269 2698 2325 2736; baseline -0.001 -3"><span class='ocrx_word' id='word_1_1120' title='bbox 1269 2701 1436 2733; x_wconf 74' lang='lat' dir='ltr'>commissio</span> <span class='ocrx_word' id='word_1_1121' title='bbox 1453 2701 1529 2732; x_wconf 85' lang='lat' dir='ltr'>fieret</span> <span class='ocrx_word' id='word_1_1122' title='bbox 1542 2701 1576 2731; x_wconf 91' lang='lat' dir='ltr'>ad</span> <span class='ocrx_word' id='word_1_1123' title='bbox 1593 2701 1686 2731; x_wconf 86' lang='lat' dir='ltr'>Partes</span> <span class='ocrx_word' id='word_1_1124' title='bbox 1700 2701 1807 2730; x_wconf 85' lang='lat' dir='ltr'>vocatis</span> <span class='ocrx_word' id='word_1_1125' title='bbox 1822 2706 1946 2736; x_wconf 89' lang='lat' dir='ltr'>quorum</span> <span class='ocrx_word' id='word_1_1126' title='bbox 1961 2698 2116 2736; x_wconf 79' lang='lat' dir='ltr'>interesset,</span> <span class='ocrx_word' id='word_1_1127' title='bbox 2136 2699 2245 2731; x_wconf 83' lang='lat' dir='ltr'>Mensae</span> <span class='ocrx_word' id='word_1_1128' title='bbox 2262 2701 2325 2732; x_wconf 64' lang='lat' dir='ltr'>Ab»¹</span> 
     </span>
     <span class='ocr_line' id='line_1_154' title="bbox 1270 2737 2326 2776; baseline 0 -7"><span class='ocrx_word' id='word_1_1129' title='bbox 1270 2740 1376 2771; x_wconf 86' lang='lat' dir='ltr'>batialis</span> <span class='ocrx_word' id='word_1_1130' title='bbox 1390 2740 1459 2775; x_wconf 62' lang='lat' dir='ltr'>disti</span> <span class='ocrx_word' id='word_1_1131' title='bbox 1472 2738 1639 2769; x_wconf 88' lang='lat' dir='ltr'>Monasterii</span> <span class='ocrx_word' id='word_1_1132' title='bbox 1651 2740 1683 2769; x_wconf 73' lang='grc' dir='ltr'>ὃ(</span> <span class='ocrx_word' id='word_1_1133' title='bbox 1693 2739 1815 2768; x_wconf 89' lang='lat' dir='ltr'>aliorum</span> <span class='ocrx_word' id='word_1_1134' title='bbox 1830 2738 1866 2766; x_wconf 91' lang='lat' dir='ltr'>illi</span> <span class='ocrx_word' id='word_1_1135' title='bbox 1879 2746 2051 2772; x_wconf 78' lang='lat' dir='ltr'>annexorum</span> <span class='ocrx_word' id='word_1_1136' title='bbox 2062 2737 2217 2768; x_wconf 63' lang='lat' dir='ltr'>Frudiuum</span> <span class='ocrx_word' id='word_1_1137' title='bbox 2226 2761 2235 2776; x_wconf 77' lang='lat'>‚</span> <span class='ocrx_word' id='word_1_1138' title='bbox 2244 2739 2326 2771; x_wconf 89' lang='lat' dir='ltr'>Red-</span> 
     </span>
     <span class='ocr_line' id='line_1_155' title="bbox 1267 2773 2325 2814; baseline -0.001 -5"><span class='ocrx_word' id='word_1_1139' title='bbox 1267 2779 1378 2809; x_wconf 89' lang='lat' dir='ltr'>dituum</span> <span class='ocrx_word' id='word_1_1140' title='bbox 1391 2779 1424 2809; x_wconf 92' lang='lat'>&amp;</span> <span class='ocrx_word' id='word_1_1141' title='bbox 1437 2776 1634 2808; x_wconf 88' lang='lat' dir='ltr'>Proventuum</span> <span class='ocrx_word' id='word_1_1142' title='bbox 1645 2786 1728 2807; x_wconf 93' lang='lat' dir='ltr'>veros</span> <span class='ocrx_word' id='word_1_1143' title='bbox 1745 2776 1864 2806; x_wconf 93' lang='lat' dir='ltr'>Annuos</span> <span class='ocrx_word' id='word_1_1144' title='bbox 1879 2773 2007 2812; x_wconf 69' lang='lat' dir='ltr'>Valores,</span> <span class='ocrx_word' id='word_1_1145' title='bbox 2021 2774 2200 2814; x_wconf 86' lang='lat' dir='ltr'>ipsorumque</span> <span class='ocrx_word' id='word_1_1146' title='bbox 2214 2777 2325 2810; x_wconf 86' lang='lat' dir='ltr'>Priora-</span> 
     </span>
     <span class='ocr_line' id='line_1_156' title="bbox 1270 2812 2326 2857; baseline 0 -10"><span class='ocrx_word' id='word_1_1147' title='bbox 1270 2826 1351 2848; x_wconf 90' lang='lat' dir='ltr'>tuum</span> <span class='ocrx_word' id='word_1_1148' title='bbox 1365 2816 1506 2853; x_wconf 81' lang='lat' dir='ltr'>qualitates</span> <span class='ocrx_word' id='word_1_1149' title='bbox 1521 2815 1704 2846; x_wconf 63' lang='lat' dir='ltr'>Praesentibus</span> <span class='ocrx_word' id='word_1_1150' title='bbox 1718 2824 1771 2852; x_wconf 90' lang='lat' dir='ltr'>pro</span> <span class='ocrx_word' id='word_1_1151' title='bbox 1785 2812 1913 2850; x_wconf 78' lang='lat' dir='ltr'>expressis</span> <span class='ocrx_word' id='word_1_1152' title='bbox 1928 2813 2077 2851; x_wconf 84' lang='lat' dir='ltr'>habentes,</span> <span class='ocrx_word' id='word_1_1153' title='bbox 2096 2813 2185 2845; x_wconf 89' lang='lat' dir='ltr'>Motu</span> <span class='ocrx_word' id='word_1_1154' title='bbox 2201 2819 2326 2857; x_wconf 85' lang='lat' dir='ltr'>proprio,</span> 
     </span>
     <span class='ocr_line' id='line_1_157' title="bbox 1270 2851 2329 2892; baseline 0.002 -7"><span class='ocrx_word' id='word_1_1155' title='bbox 1270 2865 1330 2885; x_wconf 90' lang='lat' dir='ltr'>non</span> <span class='ocrx_word' id='word_1_1156' title='bbox 1345 2855 1380 2884; x_wconf 89' lang='lat' dir='ltr'>ad</span> <span class='ocrx_word' id='word_1_1157' title='bbox 1401 2855 1482 2892; x_wconf 88' lang='lat' dir='ltr'>ipsius</span> <span class='ocrx_word' id='word_1_1158' title='bbox 1500 2856 1612 2883; x_wconf 81' lang='lat' dir='ltr'>Henrici</span> <span class='ocrx_word' id='word_1_1159' title='bbox 1625 2854 1744 2883; x_wconf 81' lang='lat' dir='ltr'>moderni</span> <span class='ocrx_word' id='word_1_1160' title='bbox 1758 2855 1836 2890; x_wconf 76' lang='lat' dir='ltr'>Regis</span> <span class='ocrx_word' id='word_1_1161' title='bbox 1852 2851 1896 2881; x_wconf 86' lang='lat' dir='ltr'>vel</span> <span class='ocrx_word' id='word_1_1162' title='bbox 1916 2852 2026 2882; x_wconf 85' lang='lat' dir='ltr'>alterius</span> <span class='ocrx_word' id='word_1_1163' title='bbox 2049 2862 2100 2890; x_wconf 92' lang='lat' dir='ltr'>pro</span> <span class='ocrx_word' id='word_1_1164' title='bbox 2120 2863 2157 2883; x_wconf 90' lang='lat' dir='ltr'>eo</span> <span class='ocrx_word' id='word_1_1165' title='bbox 2170 2854 2270 2886; x_wconf 92' lang='lat' dir='ltr'>Nobis</span> <span class='ocrx_word' id='word_1_1166' title='bbox 2284 2857 2329 2887; x_wconf 84' lang='lat' dir='ltr'>su-</span> 
     </span>
     <span class='ocr_line' id='line_1_158' title="bbox 1269 2889 2327 2932; baseline 0.001 -9"><span class='ocrx_word' id='word_1_1167' title='bbox 1269 2904 1316 2932; x_wconf 82' lang='lat' dir='ltr'>per</span> <span class='ocrx_word' id='word_1_1168' title='bbox 1331 2893 1387 2923; x_wconf 85' lang='lat' dir='ltr'>hoc</span> <span class='ocrx_word' id='word_1_1169' title='bbox 1403 2893 1504 2924; x_wconf 84' lang='lat' dir='ltr'>oblatae</span> <span class='ocrx_word' id='word_1_1170' title='bbox 1520 2892 1666 2923; x_wconf 82' lang='lat' dir='ltr'>Petitionis</span> <span class='ocrx_word' id='word_1_1171' title='bbox 1681 2891 1856 2928; x_wconf 80' lang='lat' dir='ltr'>instantiam,</span> <span class='ocrx_word' id='word_1_1172' title='bbox 1874 2889 1919 2920; x_wconf 91' lang='lat' dir='ltr'>sed</span> <span class='ocrx_word' id='word_1_1173' title='bbox 1937 2890 1972 2921; x_wconf 93' lang='lat' dir='ltr'>de</span> <span class='ocrx_word' id='word_1_1174' title='bbox 1985 2889 2078 2922; x_wconf 90' lang='lat' dir='ltr'>nostra</span> <span class='ocrx_word' id='word_1_1175' title='bbox 2094 2901 2168 2922; x_wconf 90' lang='lat' dir='ltr'>mera</span> <span class='ocrx_word' id='word_1_1176' title='bbox 2190 2893 2327 2924; x_wconf 80' lang='lat' dir='ltr'>Liberali-</span> 
     </span>
     <span class='ocr_line' id='line_1_159' title="bbox 1269 2928 2326 2967; baseline 0 -4"><span class='ocrx_word' id='word_1_1177' title='bbox 1269 2941 1325 2965; x_wconf 89' lang='lat' dir='ltr'>tate</span> <span class='ocrx_word' id='word_1_1178' title='bbox 1341 2933 1374 2963; x_wconf 74' lang='grc' dir='ltr'>δε</span> <span class='ocrx_word' id='word_1_1179' title='bbox 1387 2940 1421 2961; x_wconf 82' lang='lat' dir='ltr'>ex</span> <span class='ocrx_word' id='word_1_1180' title='bbox 1440 2940 1514 2962; x_wconf 91' lang='lat' dir='ltr'>certa</span> <span class='ocrx_word' id='word_1_1181' title='bbox 1526 2930 1619 2961; x_wconf 90' lang='lat' dir='ltr'>nostra</span> <span class='ocrx_word' id='word_1_1182' title='bbox 1641 2930 1782 2967; x_wconf 83' lang='lat' dir='ltr'>Scientia,</span> <span class='ocrx_word' id='word_1_1183' title='bbox 1802 2929 1917 2967; x_wconf 82' lang='lat' dir='ltr'>singulas</span> <span class='ocrx_word' id='word_1_1184' title='bbox 1939 2928 2057 2959; x_wconf 88' lang='lat' dir='ltr'>Litteras</span> <span class='ocrx_word' id='word_1_1185' title='bbox 2077 2929 2224 2967; x_wconf 69' lang='lat' dir='ltr'>praedietas</span> <span class='ocrx_word' id='word_1_1186' title='bbox 2239 2932 2273 2962; x_wconf 93' lang='lat'>&amp;</span> <span class='ocrx_word' id='word_1_1187' title='bbox 2295 2932 2326 2963; x_wconf 88' lang='lat' dir='ltr'>iu</span> 
     </span>
     <span class='ocr_line' id='line_1_160' title="bbox 1269 2966 2329 3006; baseline 0.001 -6"><span class='ocrx_word' id='word_1_1188' title='bbox 1269 2972 1307 3003; x_wconf 88' lang='lat' dir='ltr'>eis</span> <span class='ocrx_word' id='word_1_1189' title='bbox 1321 2978 1452 3000; x_wconf 87' lang='lat' dir='ltr'>contenta</span> <span class='ocrx_word' id='word_1_1190' title='bbox 1468 2970 1646 3000; x_wconf 66' lang='lat' dir='ltr'>Auctoritate</span> <span class='ocrx_word' id='word_1_1191' title='bbox 1659 2967 1837 3006; x_wconf 71' lang='lat' dir='ltr'>Apostolica,</span> <span class='ocrx_word' id='word_1_1192' title='bbox 1851 2968 1968 2999; x_wconf 91' lang='lat' dir='ltr'>Tenore</span> <span class='ocrx_word' id='word_1_1193' title='bbox 1981 2966 2164 2999; x_wconf 85' lang='lat' dir='ltr'>Praesentium</span> <span class='ocrx_word' id='word_1_1194' title='bbox 2179 2968 2329 3001; x_wconf 76' lang='lat' dir='ltr'>Caffimus</span> 
     </span>
     <span class='ocr_line' id='line_1_161' title="bbox 1271 3006 2327 3053; baseline 0 -13"><span class='ocrx_word' id='word_1_1195' title='bbox 1271 3011 1304 3040; x_wconf 72' lang='grc' dir='ltr'>δε</span> <span class='ocrx_word' id='word_1_1196' title='bbox 1320 3008 1496 3053; x_wconf 86' lang='lat' dir='ltr'>annullamus</span> <span class='ocrx_word' id='word_1_1197' title='bbox 1505 3033 1513 3047; x_wconf 84' lang='lat'>‚</span> <span class='ocrx_word' id='word_1_1198' title='bbox 1525 3018 1558 3040; x_wconf 87' lang='lat' dir='ltr'>ac</span> <span class='ocrx_word' id='word_1_1199' title='bbox 1581 3018 1634 3048; x_wconf 86' lang='lat' dir='ltr'>pro</span> <span class='ocrx_word' id='word_1_1200' title='bbox 1645 3008 1741 3046; x_wconf 85' lang='lat' dir='ltr'>nullis,</span> <span class='ocrx_word' id='word_1_1201' title='bbox 1754 3007 1867 3038; x_wconf 67' lang='lat' dir='ltr'>infestis</span> <span class='ocrx_word' id='word_1_1202' title='bbox 1879 3007 1913 3038; x_wconf 89' lang='lat'>&amp;</span> <span class='ocrx_word' id='word_1_1203' title='bbox 1925 3006 2032 3038; x_wconf 83' lang='lat' dir='ltr'>viribus</span> <span class='ocrx_word' id='word_1_1204' title='bbox 2047 3007 2142 3037; x_wconf 88' lang='lat' dir='ltr'>vacuis</span> <span class='ocrx_word' id='word_1_1205' title='bbox 2156 3006 2252 3038; x_wconf 89' lang='lat' dir='ltr'>haberi</span> <span class='ocrx_word' id='word_1_1206' title='bbox 2264 3008 2327 3040; x_wconf 73' lang='lat' dir='ltr'>Der</span> 
     </span>
     <span class='ocr_line' id='line_1_162' title="bbox 1271 3057 1410 3079; baseline -0.014 0"><span class='ocrx_word' id='word_1_1207' title='bbox 1271 3057 1410 3079; x_wconf 87' lang='lat' dir='ltr'>cernimus</span> 
     </span>
    </p>

    <p class='ocr_par' dir='ltr' id='par_1_43' title="bbox 1272 3069 2340 3814">
     <span class='ocr_line' id='line_1_163' title="bbox 1310 3069 2328 3125; baseline -0.004 -9"><span class='ocrx_word' id='word_1_1208' title='bbox 1310 3085 1349 3116; x_wconf 85' lang='lat' dir='ltr'>Er</span> <span class='ocrx_word' id='word_1_1209' title='bbox 1362 3069 1560 3116; x_wconf 65' lang='lat' dir='ltr'>nichilominus</span> <span class='ocrx_word' id='word_1_1210' title='bbox 1575 3085 1611 3117; x_wconf 90' lang='lat' dir='ltr'>de</span> <span class='ocrx_word' id='word_1_1211' title='bbox 1626 3085 1803 3117; x_wconf 74' lang='lat' dir='ltr'>Montisfonr.</span> <span class='ocrx_word' id='word_1_1212' title='bbox 1815 3085 1894 3123; x_wconf 83' lang='lat' dir='ltr'>cujus</span> <span class='ocrx_word' id='word_1_1213' title='bbox 1910 3083 2146 3122; x_wconf 84' lang='lat' dir='ltr'>Qingentorum</span> <span class='ocrx_word' id='word_1_1214' title='bbox 2159 3083 2192 3115; x_wconf 91' lang='lat'>&amp;</span> <span class='ocrx_word' id='word_1_1215' title='bbox 2207 3085 2328 3125; x_wconf 82' lang='lat' dir='ltr'>Trigin-</span> 
     </span>
     <span class='ocr_line' id='line_1_164' title="bbox 1272 3121 2329 3195; baseline 0.001 -1"><span class='ocrx_word' id='word_1_1216' title='bbox 1272 3121 2329 3195; x_wconf 45' lang='lat' dir='ltr'>‘1350‘3355{33¹1ssssss‘ffi‘i&#39;offi{iffgissstciifflssffiffinssffifge333²</span> 
     </span>
     <span class='ocr_line' id='line_1_165' title="bbox 1274 3185 2328 3240; baseline 0.001 -7"><span class='ocrx_word' id='word_1_1217' title='bbox 1274 3204 1382 3233; x_wconf 87' lang='lat' dir='ltr'>tionem</span> <span class='ocrx_word' id='word_1_1218' title='bbox 1395 3201 1527 3231; x_wconf 86' lang='lat' dir='ltr'>Valorem</span> <span class='ocrx_word' id='word_1_1219' title='bbox 1540 3203 1692 3240; x_wconf 79' lang='lat' dir='ltr'>Annuurn,</span> <span class='ocrx_word' id='word_1_1220' title='bbox 1712 3210 1743 3232; x_wconf 89' lang='lat' dir='ltr'>ut</span> <span class='ocrx_word' id='word_1_1221' title='bbox 1756 3185 1840 3231; x_wconf 69' lang='lat' dir='ltr'>eti’am</span> <span class='ocrx_word' id='word_1_1222' title='bbox 1849 3199 2027 3237; x_wconf 85' lang='lat' dir='ltr'>accepimus,</span> <span class='ocrx_word' id='word_1_1223' title='bbox 2048 3208 2106 3229; x_wconf 91' lang='lat' dir='ltr'>non</span> <span class='ocrx_word' id='word_1_1224' title='bbox 2121 3201 2281 3239; x_wconf 80' lang='lat' dir='ltr'>excedunt,</span> <span class='ocrx_word' id='word_1_1225' title='bbox 2291 3203 2328 3234; x_wconf 90' lang='lat' dir='ltr'>de</span> 
     </span>
     <span class='ocr_line' id='line_1_166' title="bbox 1277 3235 2330 3277; baseline 0.002 -7"><span class='ocrx_word' id='word_1_1226' title='bbox 1277 3240 1436 3276; x_wconf 84' lang='lat' dir='ltr'>Luffeldia,</span> <span class='ocrx_word' id='word_1_1227' title='bbox 1464 3239 1604 3270; x_wconf 87' lang='lat' dir='ltr'>Prioratus</span> <span class='ocrx_word' id='word_1_1228' title='bbox 1625 3240 1774 3277; x_wconf 56' lang='lat' dir='ltr'>praedictos</span> <span class='ocrx_word' id='word_1_1229' title='bbox 1797 3238 1968 3275; x_wconf 90' lang='lat' dir='ltr'>illorumque</span> <span class='ocrx_word' id='word_1_1230' title='bbox 1991 3235 2130 3276; x_wconf 87' lang='lat' dir='ltr'>Ordines,</span> <span class='ocrx_word' id='word_1_1231' title='bbox 2156 3238 2330 3277; x_wconf 88' lang='lat' dir='ltr'>Dependen-</span> 
     </span>
     <span class='ocr_line' id='line_1_167' title="bbox 1275 3275 2331 3318; baseline 0 -9"><span class='ocrx_word' id='word_1_1232' title='bbox 1275 3283 1342 3317; x_wconf 88' lang='lat' dir='ltr'>tias,</span> <span class='ocrx_word' id='word_1_1233' title='bbox 1361 3278 1400 3308; x_wconf 88' lang='lat' dir='ltr'>Di</span> <span class='ocrx_word' id='word_1_1234' title='bbox 1422 3279 1536 3316; x_wconf 82' lang='lat' dir='ltr'>nitates,</span> <span class='ocrx_word' id='word_1_1235' title='bbox 1554 3278 1689 3308; x_wconf 89' lang='lat' dir='ltr'>Nomina</span> <span class='ocrx_word' id='word_1_1236' title='bbox 1704 3279 1735 3308; x_wconf 73' lang='grc' dir='ltr'>ὅ(</span> <span class='ocrx_word' id='word_1_1237' title='bbox 1754 3276 1908 3315; x_wconf 86' lang='lat' dir='ltr'>Qialitates</span> <span class='ocrx_word' id='word_1_1238' title='bbox 1921 3275 1956 3305; x_wconf 92' lang='lat' dir='ltr'>de</span> <span class='ocrx_word' id='word_1_1239' title='bbox 1965 3284 2046 3305; x_wconf 89' lang='lat' dir='ltr'>novo</span> <span class='ocrx_word' id='word_1_1240' title='bbox 2060 3275 2234 3309; x_wconf 69' lang='lat' dir='ltr'>Auetoritate</span> <span class='ocrx_word' id='word_1_1241' title='bbox 2248 3279 2331 3318; x_wconf 84' lang='lat' dir='ltr'>Apo-</span> 
     </span>
     <span class='ocr_line' id='line_1_168' title="bbox 1276 3313 2331 3355; baseline 0.001 -8"><span class='ocrx_word' id='word_1_1242' title='bbox 1276 3316 1388 3355; x_wconf 73' lang='lat' dir='ltr'>stolica,</span> <span class='ocrx_word' id='word_1_1243' title='bbox 1432 3326 1519 3346; x_wconf 88' lang='lat' dir='ltr'>enore</span> <span class='ocrx_word' id='word_1_1244' title='bbox 1533 3316 1731 3354; x_wconf 83' lang='lat' dir='ltr'>Praesentium,</span> <span class='ocrx_word' id='word_1_1245' title='bbox 1748 3315 1837 3345; x_wconf 90' lang='lat' dir='ltr'>Motu</span> <span class='ocrx_word' id='word_1_1246' title='bbox 1851 3313 1931 3344; x_wconf 87' lang='lat' dir='ltr'>simili</span> <span class='ocrx_word' id='word_1_1247' title='bbox 1947 3314 2058 3351; x_wconf 70' lang='lat' dir='ltr'>penitas</span> <span class='ocrx_word' id='word_1_1248' title='bbox 2076 3314 2281 3354; x_wconf 89' lang='lat' dir='ltr'>Supprimimus</span> <span class='ocrx_word' id='word_1_1249' title='bbox 2295 3319 2331 3350; x_wconf 74' lang='grc' dir='ltr'>δε</span> 
     </span>
     <span class='ocr_line' id='line_1_169' title="bbox 1276 3351 2332 3392; baseline -0.002 -5"><span class='ocrx_word' id='word_1_1250' title='bbox 1276 3355 1474 3392; x_wconf 76' lang='lat' dir='ltr'>Extinguimus</span> <span class='ocrx_word' id='word_1_1251' title='bbox 1489 3377 1498 3391; x_wconf 86' lang='lat'><strong>‚</strong></span> <span class='ocrx_word' id='word_1_1252' title='bbox 1525 3364 1638 3385; x_wconf 90' lang='lat' dir='ltr'>necnon</span> <span class='ocrx_word' id='word_1_1253' title='bbox 1662 3354 1834 3391; x_wconf 69' lang='lat' dir='ltr'>StruCiuras,</span> <span class='ocrx_word' id='word_1_1254' title='bbox 1858 3351 1992 3382; x_wconf 83' lang='lat' dir='ltr'>AEdificia</span> <span class='ocrx_word' id='word_1_1255' title='bbox 2011 3352 2045 3382; x_wconf 91' lang='lat'>&amp;</span> <span class='ocrx_word' id='word_1_1256' title='bbox 2063 3352 2139 3382; x_wconf 90' lang='lat' dir='ltr'>Bona</span> <span class='ocrx_word' id='word_1_1257' title='bbox 2161 3356 2332 3388; x_wconf 88' lang='lat' dir='ltr'>eorumdem</span> 
     </span>
     <span class='ocr_line' id='line_1_170' title="bbox 1278 3389 2331 3431; baseline 0 -8"><span class='ocrx_word' id='word_1_1258' title='bbox 1278 3394 1388 3424; x_wconf 77' lang='lat' dir='ltr'>Mensae</span> <span class='ocrx_word' id='word_1_1259' title='bbox 1399 3393 1536 3422; x_wconf 86' lang='lat' dir='ltr'>Abbatiali</span> <span class='ocrx_word' id='word_1_1260' title='bbox 1553 3392 1708 3431; x_wconf 87' lang='lat' dir='ltr'>hujusmodi</span> <span class='ocrx_word' id='word_1_1261' title='bbox 1724 3402 1774 3429; x_wconf 86' lang='lat' dir='ltr'>pro</span> <span class='ocrx_word' id='word_1_1262' title='bbox 1790 3392 1860 3421; x_wconf 86' lang='lat' dir='ltr'>illius</span> <span class='ocrx_word' id='word_1_1263' title='bbox 1872 3400 1908 3421; x_wconf 89' lang='lat' dir='ltr'>ac</span> <span class='ocrx_word' id='word_1_1264' title='bbox 1918 3390 2044 3428; x_wconf 81' lang='lat' dir='ltr'>Capeilae</span> <span class='ocrx_word' id='word_1_1265' title='bbox 2058 3389 2200 3423; x_wconf 88' lang='lat' dir='ltr'>Cantariae</span> <span class='ocrx_word' id='word_1_1266' title='bbox 2212 3393 2244 3425; x_wconf 69' lang='grc' dir='ltr'>ὃ(</span> <span class='ocrx_word' id='word_1_1267' title='bbox 2253 3394 2331 3426; x_wconf 89' lang='lat' dir='ltr'>Hos-</span> 
     </span>
     <span class='ocr_line' id='line_1_171' title="bbox 1278 3429 2333 3471; baseline -0.001 -10"><span class='ocrx_word' id='word_1_1268' title='bbox 1278 3431 1366 3471; x_wconf 90' lang='lat' dir='ltr'>pitalis</span> <span class='ocrx_word' id='word_1_1269' title='bbox 1384 3430 1588 3467; x_wconf 69' lang='lat' dir='ltr'>praedi&amp;omm</span> <span class='ocrx_word' id='word_1_1270' title='bbox 1612 3429 1816 3460; x_wconf 75' lang='lat' dir='ltr'>necessitatibus</span> <span class='ocrx_word' id='word_1_1271' title='bbox 1833 3431 1970 3468; x_wconf 80' lang='lat' dir='ltr'>perpetuo</span> <span class='ocrx_word' id='word_1_1272' title='bbox 1990 3429 2191 3470; x_wconf 84' lang='lat' dir='ltr'>Applicamus,</span> <span class='ocrx_word' id='word_1_1273' title='bbox 2215 3432 2333 3471; x_wconf 71' lang='lat' dir='ltr'>Appi-0.</span> 
     </span>
     <span class='ocr_line' id='line_1_172' title="bbox 1277 3466 2334 3508; baseline 0.001 -9"><span class='ocrx_word' id='word_1_1274' title='bbox 1277 3471 1401 3508; x_wconf 89' lang='lat' dir='ltr'>priamus</span> <span class='ocrx_word' id='word_1_1275' title='bbox 1422 3468 1455 3498; x_wconf 72' lang='grc' dir='ltr'>ὅ(</span> <span class='ocrx_word' id='word_1_1276' title='bbox 1478 3467 1673 3506; x_wconf 78' lang='lat' dir='ltr'>Affignamus,</span> <span class='ocrx_word' id='word_1_1277' title='bbox 1687 3469 1723 3498; x_wconf 72' lang='lat' dir='ltr'>ita</span> <span class='ocrx_word' id='word_1_1278' title='bbox 1742 3468 1836 3506; x_wconf 82' lang='lat' dir='ltr'>quod,</span> <span class='ocrx_word' id='word_1_1279' title='bbox 1856 3466 2033 3497; x_wconf 87' lang='lat' dir='ltr'>Cedentibus</span> <span class='ocrx_word' id='word_1_1280' title='bbox 2051 3467 2095 3497; x_wconf 93' lang='lat' dir='ltr'>vel</span> <span class='ocrx_word' id='word_1_1281' title='bbox 2117 3467 2334 3504; x_wconf 81' lang='lat' dir='ltr'>Decedentibus</span> 
     </span>
     <span class='ocr_line' id='line_1_173' title="bbox 1280 3504 2336 3546; baseline 0 -6"><span class='ocrx_word' id='word_1_1282' title='bbox 1280 3506 1424 3539; x_wconf 85' lang='lat' dir='ltr'>modernis</span> <span class='ocrx_word' id='word_1_1283' title='bbox 1444 3506 1587 3535; x_wconf 62' lang='lat' dir='ltr'>dierorum</span> <span class='ocrx_word' id='word_1_1284' title='bbox 1610 3505 1787 3536; x_wconf 88' lang='lat' dir='ltr'>Prioratuum</span> <span class='ocrx_word' id='word_1_1285' title='bbox 1807 3505 1941 3534; x_wconf 81' lang='lat' dir='ltr'>Prioribus</span> <span class='ocrx_word' id='word_1_1286' title='bbox 1959 3505 2006 3535; x_wconf 87' lang='lat' dir='ltr'>seu</span> <span class='ocrx_word' id='word_1_1287' title='bbox 2028 3504 2168 3538; x_wconf 89' lang='lat' dir='ltr'>Prioratus</span> <span class='ocrx_word' id='word_1_1288' title='bbox 2184 3510 2336 3546; x_wconf 68' lang='lat' dir='ltr'>praedictos</span> 
     </span>
     <span class='ocr_line' id='line_1_174' title="bbox 1278 3542 2336 3584; baseline 0.002 -7"><span class='ocrx_word' id='word_1_1289' title='bbox 1278 3547 1342 3577; x_wconf 70' lang='lat' dir='ltr'>alias</span> <span class='ocrx_word' id='word_1_1290' title='bbox 1362 3543 1579 3584; x_wconf 86' lang='lat' dir='ltr'>quomodolibet</span> <span class='ocrx_word' id='word_1_1291' title='bbox 1601 3543 1818 3574; x_wconf 86' lang='lat' dir='ltr'>Dimitteniibus</span> <span class='ocrx_word' id='word_1_1292' title='bbox 1829 3566 1838 3580; x_wconf 83' lang='lat'>,</span> <span class='ocrx_word' id='word_1_1293' title='bbox 1862 3543 1944 3573; x_wconf 87' lang='lat' dir='ltr'>liceat</span> <span class='ocrx_word' id='word_1_1294' title='bbox 1968 3542 2092 3574; x_wconf 73' lang='lat' dir='ltr'>Dileffls</span> <span class='ocrx_word' id='word_1_1295' title='bbox 2119 3545 2194 3576; x_wconf 87' lang='lat' dir='ltr'>Filiis</span> <span class='ocrx_word' id='word_1_1296' title='bbox 2223 3548 2336 3579; x_wconf 78' lang='lat' dir='ltr'>Abbati</span> 
     </span>
     <span class='ocr_line' id='line_1_175' title="bbox 1281 3580 2334 3620; baseline 0.005 -7"><span class='ocrx_word' id='word_1_1297' title='bbox 1281 3582 1319 3619; x_wconf 72' lang='lat'><em>&amp;</em></span> <span class='ocrx_word' id='word_1_1298' title='bbox 1335 3585 1489 3614; x_wconf 82' lang='lat' dir='ltr'>conventui</span> <span class='ocrx_word' id='word_1_1299' title='bbox 1501 3581 1570 3612; x_wconf 66' lang='lat' dir='ltr'>dieti</span> <span class='ocrx_word' id='word_1_1300' title='bbox 1584 3581 1752 3612; x_wconf 87' lang='lat' dir='ltr'>Monasterii</span> <span class='ocrx_word' id='word_1_1301' title='bbox 1768 3580 2015 3612; x_wconf 84' lang='lat' dir='ltr'>westmonasterii</span> <span class='ocrx_word' id='word_1_1302' title='bbox 2030 3582 2122 3620; x_wconf 85' lang='lat' dir='ltr'>perSe</span> <span class='ocrx_word' id='word_1_1303' title='bbox 2132 3585 2177 3615; x_wconf 90' lang='lat' dir='ltr'>vel</span> <span class='ocrx_word' id='word_1_1304' title='bbox 2192 3585 2279 3617; x_wconf 91' lang='lat' dir='ltr'>alium</span> <span class='ocrx_word' id='word_1_1305' title='bbox 2287 3588 2334 3618; x_wconf 78' lang='lat' dir='ltr'>seu</span> 
     </span>
     <span class='ocr_line' id='line_1_176' title="bbox 1278 3619 2332 3663; baseline 0.002 -9"><span class='ocrx_word' id='word_1_1306' title='bbox 1278 3624 1348 3654; x_wconf 85' lang='lat' dir='ltr'>alios</span> <span class='ocrx_word' id='word_1_1307' title='bbox 1360 3619 1536 3659; x_wconf 85' lang='lat' dir='ltr'>corporalem</span> <span class='ocrx_word' id='word_1_1308' title='bbox 1556 3620 1766 3651; x_wconf 60' lang='lat' dir='ltr'>Structurarum</span> <span class='ocrx_word' id='word_1_1309' title='bbox 1791 3619 1996 3650; x_wconf 89' lang='lat' dir='ltr'>AEdificiorum</span> <span class='ocrx_word' id='word_1_1310' title='bbox 2019 3622 2053 3651; x_wconf 71' lang='grc' dir='ltr'>ὃ(</span> <span class='ocrx_word' id='word_1_1311' title='bbox 2073 3620 2217 3653; x_wconf 90' lang='lat' dir='ltr'>Bonorum</span> <span class='ocrx_word' id='word_1_1312' title='bbox 2237 3625 2332 3663; x_wconf 87' lang='lat' dir='ltr'>hujus-</span> 
     </span>
     <span class='ocr_line' id='line_1_177' title="bbox 1280 3657 2334 3700; baseline 0.003 -10"><span class='ocrx_word' id='word_1_1313' title='bbox 1280 3661 1362 3693; x_wconf 91' lang='lat' dir='ltr'>modi</span> <span class='ocrx_word' id='word_1_1314' title='bbox 1372 3657 1580 3689; x_wconf 87' lang='lat' dir='ltr'>Possesfionem</span> <span class='ocrx_word' id='word_1_1315' title='bbox 1594 3658 1707 3698; x_wconf 68' lang='lat' dir='ltr'>propria</span> <span class='ocrx_word' id='word_1_1316' title='bbox 1721 3658 1896 3689; x_wconf 65' lang='lat' dir='ltr'>Auifitorirate</span> <span class='ocrx_word' id='word_1_1317' title='bbox 1909 3659 1995 3689; x_wconf 77' lang='lat' dir='ltr'>libere</span> <span class='ocrx_word' id='word_1_1318' title='bbox 2006 3659 2211 3699; x_wconf 87' lang='lat' dir='ltr'>apprehendere</span> <span class='ocrx_word' id='word_1_1319' title='bbox 2221 3662 2254 3692; x_wconf 94' lang='lat'>&amp;</span> <span class='ocrx_word' id='word_1_1320' title='bbox 2268 3672 2334 3700; x_wconf 87' lang='lat' dir='ltr'>per-</span> 
     </span>
     <span class='ocr_line' id='line_1_178' title="bbox 1280 3696 2332 3738; baseline 0.002 -9"><span class='ocrx_word' id='word_1_1321' title='bbox 1280 3699 1370 3738; x_wconf 72' lang='lat' dir='ltr'>petuo</span> <span class='ocrx_word' id='word_1_1322' title='bbox 1382 3698 1516 3734; x_wconf 85' lang='lat' dir='ltr'>retinere,</span> <span class='ocrx_word' id='word_1_1323' title='bbox 1533 3706 1566 3727; x_wconf 94' lang='lat' dir='ltr'>ac</span> <span class='ocrx_word' id='word_1_1324' title='bbox 1582 3698 1610 3727; x_wconf 93' lang='lat' dir='ltr'>in</span> <span class='ocrx_word' id='word_1_1325' title='bbox 1628 3697 1736 3728; x_wconf 86' lang='lat' dir='ltr'>Mensae</span> <span class='ocrx_word' id='word_1_1326' title='bbox 1754 3697 1904 3727; x_wconf 89' lang='lat' dir='ltr'>Abbatialis</span> <span class='ocrx_word' id='word_1_1327' title='bbox 1920 3696 2044 3734; x_wconf 74' lang='lat' dir='ltr'>Capenae</span> <span class='ocrx_word' id='word_1_1328' title='bbox 2061 3696 2201 3730; x_wconf 88' lang='lat' dir='ltr'>Cantariae</span> <span class='ocrx_word' id='word_1_1329' title='bbox 2214 3699 2332 3731; x_wconf 87' lang='lat' dir='ltr'>&amp;Hos-</span> 
     </span>
     <span class='ocr_line' id='line_1_179' title="bbox 1279 3734 2340 3777; baseline 0.002 -10"><span class='ocrx_word' id='word_1_1330' title='bbox 1279 3737 1368 3777; x_wconf 85' lang='lat' dir='ltr'>pitalis</span> <span class='ocrx_word' id='word_1_1331' title='bbox 1393 3734 1594 3772; x_wconf 60' lang='lat' dir='ltr'>praedictorum</span> <span class='ocrx_word' id='word_1_1332' title='bbox 1611 3735 1690 3766; x_wconf 89' lang='lat' dir='ltr'>Usus</span> <span class='ocrx_word' id='word_1_1333' title='bbox 1714 3735 1748 3766; x_wconf 68' lang='grc' dir='ltr'>δί</span> <span class='ocrx_word' id='word_1_1334' title='bbox 1771 3734 1935 3766; x_wconf 85' lang='lat' dir='ltr'>Utilitatem</span> <span class='ocrx_word' id='word_1_1335' title='bbox 1955 3744 2121 3767; x_wconf 88' lang='lat' dir='ltr'>convertere</span> <span class='ocrx_word' id='word_1_1336' title='bbox 2135 3760 2146 3776; x_wconf 81' lang='lat'>,</span> <span class='ocrx_word' id='word_1_1337' title='bbox 2171 3736 2340 3774; x_wconf 72' lang='lat' dir='ltr'>Dioecesani</span> 
     </span>
     <span class='ocr_line' id='line_1_180' title="bbox 1283 3771 2263 3814; baseline 0 -8"><span class='ocrx_word' id='word_1_1338' title='bbox 1283 3776 1360 3808; x_wconf 89' lang='lat' dir='ltr'>Loci</span> <span class='ocrx_word' id='word_1_1339' title='bbox 1373 3773 1407 3804; x_wconf 92' lang='lat'>&amp;</span> <span class='ocrx_word' id='word_1_1340' title='bbox 1420 3771 1539 3810; x_wconf 86' lang='lat' dir='ltr'>cujusvis</span> <span class='ocrx_word' id='word_1_1341' title='bbox 1550 3774 1659 3810; x_wconf 82' lang='lat' dir='ltr'>alterius</span> <span class='ocrx_word' id='word_1_1342' title='bbox 1675 3773 1806 3804; x_wconf 76' lang='lat' dir='ltr'>Licentia</span> <span class='ocrx_word' id='word_1_1343' title='bbox 1819 3774 1897 3811; x_wconf 87' lang='lat' dir='ltr'>super</span> <span class='ocrx_word' id='word_1_1344' title='bbox 1913 3775 1970 3804; x_wconf 89' lang='lat' dir='ltr'>hoc</span> <span class='ocrx_word' id='word_1_1345' title='bbox 1985 3775 2104 3805; x_wconf 86' lang='lat' dir='ltr'>minime</span> <span class='ocrx_word' id='word_1_1346' title='bbox 2118 3775 2245 3813; x_wconf 72' lang='lat' dir='ltr'>requisita</span> <span class='ocrx_word' id='word_1_1347' title='bbox 2254 3799 2263 3814; x_wconf 91' lang='lat'>,</span> 
     </span>
    </p>

    <p class='ocr_par' dir='ltr' id='par_1_44' title="bbox 1282 3810 2337 4039">
     <span class='ocr_line' id='line_1_181' title="bbox 1319 3810 2335 3851; baseline -0.001 -9"><span class='ocrx_word' id='word_1_1348' title='bbox 1319 3810 1472 3844; x_wconf 88' lang='lat' dir='ltr'>Transsatis</span> <span class='ocrx_word' id='word_1_1349' title='bbox 1483 3821 1576 3842; x_wconf 89' lang='lat' dir='ltr'>tamen</span> <span class='ocrx_word' id='word_1_1350' title='bbox 1592 3811 1728 3842; x_wconf 80' lang='lat' dir='ltr'>Prioribus</span> <span class='ocrx_word' id='word_1_1351' title='bbox 1740 3812 1883 3842; x_wconf 60' lang='lat' dir='ltr'>diffitorum</span> <span class='ocrx_word' id='word_1_1352' title='bbox 1895 3811 2074 3843; x_wconf 87' lang='lat' dir='ltr'>Prioratuum</span> <span class='ocrx_word' id='word_1_1353' title='bbox 2083 3835 2094 3851; x_wconf 92' lang='lat'>,</span> <span class='ocrx_word' id='word_1_1354' title='bbox 2107 3813 2126 3843; x_wconf 88' lang='lat' dir='ltr'>fi</span> <span class='ocrx_word' id='word_1_1355' title='bbox 2139 3813 2229 3843; x_wconf 78' lang='lat' dir='ltr'>forsan</span> <span class='ocrx_word' id='word_1_1356' title='bbox 2245 3816 2335 3848; x_wconf 84' lang='lat' dir='ltr'>ceffe.</span> 
     </span>
     <span class='ocr_line' id='line_1_182' title="bbox 1282 3849 2332 3890; baseline 0.003 -11"><span class='ocrx_word' id='word_1_1357' title='bbox 1282 3854 1359 3888; x_wconf 70' lang='lat' dir='ltr'>fuit,</span> <span class='ocrx_word' id='word_1_1358' title='bbox 1374 3849 1584 3887; x_wconf 88' lang='lat' dir='ltr'>Canonicisque</span> <span class='ocrx_word' id='word_1_1359' title='bbox 1596 3852 1630 3882; x_wconf 70' lang='grc' dir='ltr'>ὃς</span> <span class='ocrx_word' id='word_1_1360' title='bbox 1648 3849 1800 3880; x_wconf 85' lang='lat' dir='ltr'>Monachis</span> <span class='ocrx_word' id='word_1_1361' title='bbox 1818 3852 1846 3880; x_wconf 91' lang='lat' dir='ltr'>in</span> <span class='ocrx_word' id='word_1_1362' title='bbox 1866 3850 1949 3880; x_wconf 68' lang='lat' dir='ltr'>dietis</span> <span class='ocrx_word' id='word_1_1363' title='bbox 1962 3850 2128 3881; x_wconf 76' lang='lat' dir='ltr'>prioratibus</span> <span class='ocrx_word' id='word_1_1364' title='bbox 2150 3850 2332 3890; x_wconf 83' lang='lat' dir='ltr'>Degentibus</span> 
     </span>
     <span class='ocr_line' id='line_1_183' title="bbox 1284 3887 2335 3930; baseline 0 -10"><span class='ocrx_word' id='word_1_1365' title='bbox 1284 3891 1319 3923; x_wconf 82' lang='lat' dir='ltr'>ad</span> <span class='ocrx_word' id='word_1_1366' title='bbox 1333 3889 1383 3920; x_wconf 88' lang='lat' dir='ltr'>alia</span> <span class='ocrx_word' id='word_1_1367' title='bbox 1400 3887 1481 3918; x_wconf 90' lang='lat' dir='ltr'>Loca</span> <span class='ocrx_word' id='word_1_1368' title='bbox 1491 3887 1631 3918; x_wconf 81' lang='lat' dir='ltr'>dictorum</span> <span class='ocrx_word' id='word_1_1369' title='bbox 1647 3887 1794 3919; x_wconf 89' lang='lat' dir='ltr'>Ordinum</span> <span class='ocrx_word' id='word_1_1370' title='bbox 1808 3889 1956 3927; x_wconf 85' lang='lat' dir='ltr'>regularia,</span> <span class='ocrx_word' id='word_1_1371' title='bbox 1974 3889 2009 3920; x_wconf 87' lang='lat'>&amp;</span> <span class='ocrx_word' id='word_1_1372' title='bbox 2025 3887 2161 3927; x_wconf 78' lang='lat' dir='ltr'>assignaris</span> <span class='ocrx_word' id='word_1_1373' title='bbox 2175 3890 2213 3920; x_wconf 84' lang='lat' dir='ltr'>eis</span> <span class='ocrx_word' id='word_1_1374' title='bbox 2228 3901 2276 3930; x_wconf 84' lang='lat' dir='ltr'>per</span> <span class='ocrx_word' id='word_1_1375' title='bbox 2291 3892 2335 3925; x_wconf 83' lang='lat' dir='ltr'>lo-</span> 
     </span>
     <span class='ocr_line' id='line_1_184' title="bbox 1284 3924 2337 3964; baseline 0.001 -6"><span class='ocrx_word' id='word_1_1376' title='bbox 1284 3936 1387 3961; x_wconf 89' lang='lat' dir='ltr'>corum</span> <span class='ocrx_word' id='word_1_1377' title='bbox 1400 3924 1563 3956; x_wconf 78' lang='lat' dir='ltr'>Ordinatios</span> <span class='ocrx_word' id='word_1_1378' title='bbox 1576 3926 1668 3964; x_wconf 87' lang='lat' dir='ltr'>quoad</span> <span class='ocrx_word' id='word_1_1379' title='bbox 1677 3927 1794 3957; x_wconf 83' lang='lat' dir='ltr'>vixerint</span> <span class='ocrx_word' id='word_1_1380' title='bbox 1806 3927 1842 3957; x_wconf 89' lang='lat' dir='ltr'>de</span> <span class='ocrx_word' id='word_1_1381' title='bbox 1856 3925 2016 3964; x_wconf 68' lang='lat' dir='ltr'>Fructibus,</span> <span class='ocrx_word' id='word_1_1382' title='bbox 2028 3925 2198 3958; x_wconf 87' lang='lat' dir='ltr'>Redditibus</span> <span class='ocrx_word' id='word_1_1383' title='bbox 2215 3931 2250 3961; x_wconf 89' lang='lat'>&amp;</span> <span class='ocrx_word' id='word_1_1384' title='bbox 2263 3931 2337 3962; x_wconf 86' lang='lat' dir='ltr'>Pro-</span> 
     </span>
     <span class='ocr_line' id='line_1_185' title="bbox 1284 3963 2335 4007; baseline 0.004 -12"><span class='ocrx_word' id='word_1_1385' title='bbox 1284 3966 1414 4000; x_wconf 79' lang='lat' dir='ltr'>ventibus</span> <span class='ocrx_word' id='word_1_1386' title='bbox 1428 3963 1583 4001; x_wconf 86' lang='lat' dir='ltr'>hujusmodi</span> <span class='ocrx_word' id='word_1_1387' title='bbox 1599 3964 1782 3996; x_wconf 89' lang='lat' dir='ltr'>Pensionibus</span> <span class='ocrx_word' id='word_1_1388' title='bbox 1802 3965 1912 3996; x_wconf 85' lang='lat' dir='ltr'>Annuis</span> <span class='ocrx_word' id='word_1_1389' title='bbox 1925 3965 2154 4003; x_wconf 84' lang='lat' dir='ltr'>competentibus</span> <span class='ocrx_word' id='word_1_1390' title='bbox 2174 3975 2209 3997; x_wconf 85' lang='lat' dir='ltr'>ex</span> <span class='ocrx_word' id='word_1_1391' title='bbox 2231 3970 2335 4007; x_wconf 82' lang='lat' dir='ltr'>quibus</span> 
     </span>
     <span class='ocr_line' id='line_1_186' title="bbox 1287 4001 1719 4039; baseline 0.002 -7"><span class='ocrx_word' id='word_1_1392' title='bbox 1287 4004 1395 4039; x_wconf 69' lang='lat' dir='ltr'>valmnt</span> <span class='ocrx_word' id='word_1_1393' title='bbox 1408 4001 1566 4033; x_wconf 77' lang='lat' dir='ltr'>commode</span> <span class='ocrx_word' id='word_1_1394' title='bbox 1578 4001 1719 4033; x_wconf 89' lang='lat' dir='ltr'>sustentari</span> 
     </span>
    </p>
   </div>
   <div class='ocr_carea' id='block_1_31' title="bbox 1286 4026 2342 4083">
    <p class='ocr_par' dir='ltr' id='par_1_45' title="bbox 1286 4026 2342 4083">
     <span class='ocr_line' id='line_1_187' title="bbox 1286 4026 2342 4083; baseline 0.001 -12"><span class='ocrx_word' id='word_1_1395' title='bbox 1286 4043 1289 4045; x_wconf 87' lang='grc'><strong>’</strong></span> <span class='ocrx_word' id='word_1_1396' title='bbox 1323 4040 1471 4083; x_wconf 73' lang='lat' dir='ltr'>roiroa</span> <span class='ocrx_word' id='word_1_1397' title='bbox 1487 4039 1699 4073; x_wconf 79' lang='lat' dir='ltr'>Venerabilibus</span> <span class='ocrx_word' id='word_1_1398' title='bbox 1714 4026 1854 4083; x_wconf 60' lang='lat' dir='ltr'>Prauibus</span> <span class='ocrx_word' id='word_1_1399' title='bbox 1865 4039 1980 4078; x_wconf 75' lang='lat' dir='ltr'>nostriS,</span> <span class='ocrx_word' id='word_1_1400' title='bbox 1994 4039 2169 4083; x_wconf 73' lang='lat' dir='ltr'>Dunelmenss</span> <span class='ocrx_word' id='word_1_1401' title='bbox 2181 4043 2216 4076; x_wconf 66' lang='grc' dir='ltr'>ὅς</span> <span class='ocrx_word' id='word_1_1402' title='bbox 2230 4043 2342 4076; x_wconf 75' lang='lat' dir='ltr'>Londo-</span> 
     </span>
    </p>
   </div>
   <div class='ocr_carea' id='block_1_32' title="bbox 2249 4082 2351 4128">
    <p class='ocr_par' dir='ltr' id='par_1_46' title="bbox 2249 4082 2351 4128">
     <span class='ocr_line' id='line_1_188' title="bbox 2249 4082 2351 4128; baseline 0.029 -3"><span class='ocrx_word' id='word_1_1403' title='bbox 2249 4082 2351 4128; x_wconf 62' lang='lat' dir='ltr'>must,</span> 
     </span>
    </p>
   </div>
   <div class='ocr_carea' id='block_1_33' title="bbox 2339 1884 2434 1964">
    <p class='ocr_par' dir='ltr' id='par_1_47' title="bbox 2339 1884 2434 1964">
     <span class='ocr_line' id='line_1_189' title="bbox 2339 1884 2434 1920; baseline 0.053 -5"><span class='ocrx_word' id='word_1_1404' title='bbox 2339 1889 2354 1902; x_wconf 76' lang='grc'><em>·</em></span> <span class='ocrx_word' id='word_1_1405' title='bbox 2365 1884 2434 1920; x_wconf 65' lang='lat' dir='ltr'>xn&#39;i</span> 
     </span>
     <span class='ocr_line' id='line_1_190' title="bbox 2342 1936 2405 1964; baseline 0 -1"><span class='ocrx_word' id='word_1_1406' title='bbox 2342 1936 2405 1964; x_wconf 89' lang='lat'>739·</span> 
     </span>
    </p>
   </div>
  </div>
 </body>
</html>
