2555 4266
779 215 890 262 ἘΤ
974 215 1248 264 ACTA
1333 197 1810 275 P'UssttcA.

28 305 106 338 Ann.
121 303 164 335 D.
180 305 300 338 Domus
322 304 420 337 San-sti
439 302 577 342 Johannis
594 304 747 344 Jerulalem
773 308 801 338 in
825 308 942 348 Anglia,
960 318 1093 348 necnon,
1111 309 1246 353 Dilecto-

50 343 136 382 1496.
181 355 247 375 rum
267 346 300 376 &
321 344 459 374 Fidelium
486 343 664 383 nostrorum,
679 345 812 376 Wilhemi
828 348 963 376 Warham
978 348 1090 386 Legum
1106 348 1246 378 Doctons

29 389 91 412 Heu.
109 391 135 417 7.
181 383 316 420 Magistri
333 381 468 412 Custodis
485 382 659 413 Rorulorum
676 383 860 415 Cancellariae
876 385 999 423 nostrae,
1018 385 1245 430 Christofmjip'r-

170 422 275 461 fiwike
303 420 508 451 Archidiaconi
531 421 740 454 Riclimondiae
755 445 766 461 ,
791 425 824 454 &
844 422 987 461 Johanm's
1010 423 1096 463 Ristey
1121 423 1243 462 Minus,

173 459 418 500 quamplurimum
433 460 608 490 confidentes
615 483 626 498 ‚
943 499 948 505 Π

214 498 294 535 Ipsos
310 498 420 528 nostros
436 509 518 529 veros
532 500 566 530 δε
580 498 747 529 indubitatos
763 498 996 536 Commiffirios,
1006 498 1159 537 Oratores,
1171 498 1243 542 Pro-

0 541 2 563 l
177 546 319 568 curatores
330 560 338 575 ,
356 537 506 575 mermes,
528 539 691 567 Attornatos
711 538 743 567 ἃ
761 537 918 575 Deputatos
940 536 1142 575 Affignamus,
1160 537 1243 568 Faci-

2314 245 2365 297 87

2353 328 2432 359 Ann.
2442 329 2484 365 D,

2034 361 2199 401 Prudence,
2218 363 2343 405 Vertuz,
2381 377 2466 406 1490.

1283 383 1472 425 Souffisance,
1491 389 1663 423 Prendomie
1677 397 1710 426 δε
1725 396 1822 427 bonne
1835 397 1987 438 Diligence
2000 401 2051 438 de,
2068 412 2127 432 noz
2143 404 2235 432 Amez
2247 406 2279 435 &
2296 405 2346 435 Fe-
2364 411 2423 435 Hen.
2439 417 2466 443 7.

1282 422 1360 460 aulx,
1378 423 1413 468 le·
1424 429 1548 469 Seigneur
1563 431 1595 459 de
1619 435 1718 462 Beures
1733 435 1828 465 nostre
1843 436 1952 467 Cousm
1972 438 2137 471 Lieutenant
2151 440 2264 472 Gouver
2274 452 2344 473 nour

1285 460 1318 490 ὅ(
1341 461 1490 500 Capitarne
1511 465 1633 498 Genera!
1656 471 1780 502 d’Artois
1803 475 1835 504 &
1862 475 1989 505 Admiral
2009 478 2045 507 de
2065 479 2089 509 la
2113 480 2203 519 Mer,
2229 479 2341 511 Mestre

1285 498 1371 543 Pqule
1392 501 1425 530 de
1446 502 1545 540 Baeust
1564 509 1686 542 Seigneur
1709 511 1740 538 de
1762 512 1927 542 Formezeele
1941 514 2037 546 nostre
2051 517 2196 549 Prelident
2211 519 2248 549 de
2262 519 2343 550 Flan-

1285 537 1361 576 drle,
1377 539 1479 569 Robert
1499 541 1532 569 de
1548 543 1645 574 Alelun
1659 549 1781 583 Seigneur
1796 550 1827 578 de
1840 554 1916 580 Roun

1322 312 1423 339 Savoir
1438 311 1537 352 faisbns
1555 326 1604 355 que
1617 317 1694 346 Nom
1704 341 1712 355 ‚

1325 346 1462 380 Confians
1487 355 1655 385 entirement
1678 358 1712 388 «Sc
1738 367 1753 387 a
1779 359 1851 395 plain
1873 369 1902 390 es
1923 360 2008 399 Sens,

1913 562 1933 592 y
1952 556 1966 568 ‘⁶
1986 554 2080 585 nostre
2094 555 2301 596 Chambellan,
2319 559 2343 588 le
2361 557 2380 577 *
2402 559 2469 589 XII,

1 1360 3 1365 '
23 1355 44 1376 '
61 1360 133 1388 XH-

24 1408 91 1435 590.

175 585 255 613 muS,
274 574 500 614 Constituimus,
521 575 713 613 ordinamus,
731 576 765 605 &
781 574 961 614 Deputamus
972 585 1021 613 per
1036 575 1207 613 Praesentes,

214 613 324 646 Dmtes
339 615 371 646 ὃ(
388 613 590 645 Concedentes
602 613 706 644 eisdem
723 613 872 650 plenariam
889 613 1064 645 Potestatem
1077 616 1111 646 &
1129 615 1242 645 Aucto-

178 653 289 684 ritatem
325 663 358 684 ac
381 653 552 684 Mandatum
594 650 700 681 enerale
721 652 753 680 &
772 651 904 690 speciale,
923 652 1058 683 Nomine
1074 652 1189 692 nostro,
1206 653 1241 683 &

178 701 233 728 pro
258 677 374 731 Nobis,
404 692 532 731 Regnis,
588 691 670 725 ems,
689 688 857 727 Dominiis,
874 690 1016 730 Subditis‚
1037 691 1176 730 Vaffirllis,
1196 692 1239 722 Α-

179 731 264 761 micis
300 731 441 769 Animus,
460 729 630 759 Faventibus
652 728 686 756 &
709 726 927 759 Adhaerentibus
945 730 1045 760 nostris
1069 731 1241 769 quibuscun-

177 778 249 807 que,
267 754 336 801 cum
356 758 464 801 loxlobili
486 767 557 797 Viro
570 764 644 795 Phili
676 776 689 794 ο
704 768 819 796 Domino
832 768 864 796 de
878 770 978 797 Beures
995 769 1242 808 Locumtenente,

178 808 382 840 Gubernatore
398 809 432 838 &
453 806 610 842 Capitaneo
669 804 769 834 enerali
788 805 904 836 Arteliae
931 808 966 837 δε
989 808 1166 845 Admirauo,
1189 817 1240 845 ac,

177 845 298 877 Dilestis
322 845 438 882 Nobis,
455 846 572 873 Domino
595 842 681 871 Paulo
702 843 735 872 de
755 844 855 882 Baeuft
866 868 876 883 ,
894 847 1011 875 Domino
1029 846 1061 876 de
1074 846 1242 877 Formezeele

173 884 345 916 Praefidentc
358 883 512 918 Flandriae,
533 880 647 910 Roberto
662 881 694 910 de
707 880 805 911 Melan
820 886 935 913 Domino
950 885 982 914 de
996 887 1089 925 Rouny
1103 884 1240 916 Camera-

174 925 217 954 rio
252 924 385 954 Domino
405 920 522 950 Daniele
536 923 653 949 Domino
667 920 700 949 de
715 922 801 950 Praet
818 924 850 951 de
866 923 1007 952 Merwede
1023 923 1188 955 Camerario
1205 925 1240 955 δι

174 947 318 1000 Superiori
335 960 444 991 Ballivo
459 958 599 989 Flandriae
608 981 617 996 ,
634 958 770 997 Johanne
785 960 817 990 de
831 961 996 999 Cortevtlle,
1006 964 1039 994 &
1053 962 1156 992 Thomu
1170 965 1241 993 Por-

171 1003 283 1039 timari,
300 997 490 1036 Conliliariis,
508 999 542 1029 &c
558 996 698 1035 Magistro
710 997 844 1029 Florentio
856 1000 995 1031 Han-well
1005 1000 1160 1032 Secretario
1177 1001 1237 1032 Or·

170 1040 382 1075 dinanciarum,
399 1036 667 1074 Ambaffiatoribus,
688 1036 937 1077 ProcuratoribuS‚
955 1039 1068 1079 Legatis
1091 1041 1125 1071 &
1149 1040 1240 1070 Nun-

170 1079 221 1108 ciis
235 1076 409 1107 illustrissimi
424 1076 564 1113 Principis
578 1074 776 1106 Praecariffimi
788 1075 1004 1115 Consanguinei
1017 1078 1107 1109 nostri
1118 1079 1236 1119 Phihppi

169 1115 336 1150 Archiducis
353 1115 496 1156 Austriae‚
516 1114 696 1152 Burgundiae‚
715 1112 778 1149 &c.
799 1115 986 1148 sufficientem
1007 1117 1181 1150 Potestatem
1203 1118 1238 1149 &

169 1153 377 1186 Auctoritatem
399 1155 435 1185 ab
449 1154 554 1184 eodem
569 1152 791 1192 Consanguineo
805 1154 907 1186 nostro
921 1155 1108 1196 habentibus,
1126 1157 1186 1188 tam
1200 1157 1237 1188 de

168 1193 204 1224 δε
225 1193 305 1233 super
327 1203 410 1232 vera,
428 1192 507 1223 firma
522 1193 555 1223 δι’.
570 1192 633 1222 reali
648 1191 740 1230 Pace,
756 1192 892 1225 Amicitia
906 1202 990 1232 atque
1005 1193 1190 1234 Concordia,
1205 1205 1239 1227 ac

170 1232 257 1262 etiam
283 1232 382 1270 Ligis,
401 1232 561 1269 Amicitiis,
579 1229 904 1268 Confoederationibus,
921 1233 1044 1272 Treugis
1060 1234 1093 1264 ὃ(
1111 1233 1239 1266 Guerra-

171 1280 236 1301 rurn
252 1268 455 1308 Abstinentiis,
466 1269 648 1306 FoederibuS,
664 1268 873 1309 Affinitatibus,
886 1271 920 1301 ὃς
935 1271 1237 1312 Intelhgentiis‚qu21m

171 1309 208 1340 de
222 1310 255 1340 ὅ(
271 1309 351 1349 super
366 1309 580 1348 quibuscunque
593 1307 789 1338 Commerciis
803 1309 1022 1349 Excercitioque
1032 1310 1240 1342 Commercio-

171 1357 236 1378 rum
250 1358 283 1379 ac
304 1349 322 1368 ¹*
337 1358 439 1379 mutuo
455 1349 487 1379 &
504 1346 646 1377 amicabili
660 1345 817 1378 Intercursu
837 1348 1095 1386 Mer-candilarum,

209 1389 290 1416 Inter
305 1389 381 1425 Nos,
400 1386 538 1417 Haeredes
552 1387 587 1417 ὃς
602 1384 782 1416 Succeffores
797 1386 1019 1426 nostros,atque
1035 1387 1240 1427 Regna,Ter-

172 1436 232 1463 ras,
252 1425 409 1463 Dominia,
431 1424 533 1455 Patrias
553 1424 586 1454 ὅτ
608 1423 690 1454 Loca
705 1423 803 1454 nostra
815 1435 1014 1467 quecunque,
1031 1427 1064 1456 &
1076 1427 1186 1457 dictum
1201 1428 1239 1458 ll-

171 1464 366 1495 lustrilsimum
382 1463 550 1502 Principem
568 1462 798 1502 Consanguineum
810 1464 948 1504 nostrum,
967 1465 1104 1495 Haeredes
1117 1466 1151 1496 ὅτ.
1166 1466 1240 1496 Suc-

170 1504 292 1533 cessbres
316 1502 395 1540 suos,
412 1511 496 1539 atque
522 1501 643 1539 Regna,
659 1502 779 1540 'rei-ras,
798 1501 960 1540 Dominus,
979 1502 1082 1534 Patrias
1105 1505 1139 1535 &
1158 1504 1239 1535 Loca

168 1542 214 1572 sua
229 1550 426 1580 quaecunque,
445 1539 597 1578 sabditos,
614 1539 768 1577 Vaffallos‚
785 1539 1026 1579 Confoederatos‚
1042 1542 1240 1580 Amicos,A1-

168 1580 288 1618 ligatos,
306 1580 459 1617 flaventes,
472 1580 506 1611 &
521 1579 707 1609 Adhaerentes
726 1577 838 1608 nostros
853 1581 886 1610 ὃ(
902 1580 963 1609 suos
980 1580 1163 1620 quoscunque
1173 1604 1182 1619 ,
1195 1583 1240 1611 in—

169 1618 285 1655 eundis,
310 1618 472 1657 capiendis,
500 1617 691 1655 paciscendis,
712 1617 932 1656 conveniendis,
949 1619 1136 1658 celebrandis,
1153 1630 1240 1651 com-

169 1657 328 1697 ponendis,
346 1656 573 1693 concordandis,
590 1654 795 1685 concludendis
808 1658 840 1687 ὃ(
858 1657 1008 1695 bibendis,

209 1696 341 1726 Necnon
355 1696 392 1726 de
407 1696 439 1726 δε
456 1695 536 1732 super
550 1695 686 1724 omnibus
700 1694 733 1724 &
750 1694 859 1733 singulis
872 1695 1114 1727 Contentionibus
1123 1720 1132 1736 ,
1147 1698 1240 1738 Quae-

171 1733 325 1772 stionibuS,
345 1734 467 1764 Guerrae
491 1732 609 1771 Causis,
629 1732 779 1771 Qierelis,
799 1733 1142 1777 Litibus,<Attemptatis,
1162 1737 1240 1775 lnju-

171 1773 218 1803 riis
231 1796 241 1811 ,
259 1772 501 1808 Gravaminibus,
520 1772 553 1802 ὅ(
578 1770 749 1808 Demandis,
770 1774 822 1801 unii
837 1775 972 1803 cuminis
993 1773 1239 1815 Circumstantiis‚

170 1811 412 1850 Emergentibus,
434 1810 646 1847 IncidentibuS,
674 1809 908 1848 Dependentibus
928 1812 961 1842 &
988 1811 1153 1853 Connexis,
1171 1824 1236 1852 quae

169 1851 243 1882 inter
265 1850 333 1881 Nos
347 1851 379 1881 &c
393 1849 543 1888 praefatum
558 1847 811 1887 Consanguineurn
828 1850 973 1891 nostrum,
990 1861 1024 1881 ac
1041 1851 1159 1891 Regna,
1176 1855 1239 1885 Lo-

170 1899 222 1927 ca,
248 1889 350 1919 Terras
363 1911 373 1925 ,
401 1887 559 1925 Dominia,
585 1886 708 1925 Patrias,
733 1886 883 1925 Subditos,
912 1888 1061 1928 Varianos,
1086 1893 1239 1933 Alligatos‚

171 1927 413 1964 Consoederatos,
430 1926 565 1962 Amicos,
584 1925 722 1956 Faventes
743 1925 776 1956 &
799 1926 983 1959 Adhaerentes
1002 1930 1115 1960 nostros
1129 1932 1163 1963 &
1177 1931 1240 1964 suos

169 1967 322 2005 praedictos
332 1990 342 2004 ,
358 1966 495 1996 hincinde
510 1964 631 2002 pendere
645 1964 824 1996 dinoscantur
834 1988 843 2006 ,
883 2005 888 2009 ·

208 2003 479 2042 communicandi,
497 2002 672 2041 Tradhmdi,
688 2001 889 2034 Conveniendt
905 2005 938 2034 ὃς
953 2004 1160 2039 Concordandi
1171 2030 1180 2047 ,
1196 2018 1238 2040 at-

168 2053 225 2082 que
244 2054 276 2074 ea
292 2044 392 2074 omnia
407 2044 441 2074 ὃ(
459 2041 566 2080 lingula
580 2040 808 2082 Componendi,
829 2043 1011 2086 Paciscendi,
1030 2045 1238 2085 Appunrstuan.

166 2083 199 2113 di
219 2093 252 2114 ac
276 2083 402 2120 plenarie
425 2082 459 2112 &
482 2081 592 2119 integre
606 2080 826 2113 Determinandi
841 2083 874 2113 ὃς
889 2081 1006 2113 finaliter
1019 2082 1240 2126 Concludendi,

166 2130 253 2161 prout
267 2122 306 2151 eis
319 2120 467 2158 expediens
480 2120 572 2150 visum
585 2118 715 2150 fuerit&
730 2129 922 2164 oportunum,

203 2159 332 2191 Necnon
347 2160 383 2190 de
400 2160 434 2191 &
449 2159 529 2197 super
542 2158 701 2197 hujusmodi
717 2158 934 2196 Appunetuaus,
951 2159 985 2191 δί
1002 2156 1162 2202 Conclus15‚
1177 2173 1236 2196 cae-

166 2198 283 2238 terisque
298 2199 434 2229 omnibus
448 2200 482 2229 &
498 2198 608 2237 singulis
625 2196 774 2228 Praemissa
790 2199 1023 2238 qualitercunque
1036 2204 1238 2234 concernenti-

165 2237 238 2277 bus,
281 2248 324 2268 uae
351 2247 420 2268 curn
443 2237 565 2277 praefatis
586 2235 815 2275 Commiffiriis‚
833 2237 1019 2277 Oratoribus,
1038 2239 1240 2273 Procurator-i-

167 2277 239 2314 bus,
287 2277 391 2316 egatis,
409 2275 559 2314 Deputatis
581 2276 614 2306 &
634 2274 760 2306 Nunciis
775 2277 902 2316 praediCti
919 2275 1129 2318 Consanguinei
1147 2280 1239 2313 nostri

166 2315 388 2355 Appuncfflata,
405 2313 563 2349 Promissa,
581 2312 764 2345 Concordata
783 2316 816 2345 &
833 2315 978 2347 Conclusa
994 2316 1116 2357 fuerint,
1132 2318 1239 2352 Literas

165 2354 268 2384 validas
283 2356 316 2385 &
332 2352 463 2384 efficaces
475 2363 528 2391 pro
542 2353 625 2384 Parte
640 2353 735 2382 nostra
750 2353 897 2385 Tradendi
913 2355 947 2385 δε
964 2354 1166 2397 Deliberandi,
1187 2359 1240 2390 Li-

166 2392 291 2431 terasque
306 2393 369 2422 alias
385 2391 539 2422 consimilis
553 2392 659 2429 vigoris
673 2393 706 2423 &r
723 2391 845 2424 effeetus
859 2403 894 2424 ex
906 2394 992 2425 altera
1007 2394 1090 2426 Parte
1106 2395 1239 2438 Petendi,

168 2431 308 2470 Exigendi
320 2432 355 2463 &c
370 2430 559 2470 Recipiendi,
888 2470 892 2475 ι

202 2470 241 2501 Et
256 2469 421 2507 generaliter
442 2471 558 2508 omnia,
577 2469 722 2500 Praemissa
739 2470 773 2500 ὃς
788 2469 1003 2502 Praernrfforurn
1021 2472 1125 2512 singula
1145 2475 1236 2513 quali-

165 2517 322 2547 tercunque
333 2509 556 2546 concernentia,
576 2508 725 2546 Faciendi,
743 2508 922 2551 Excercendi
939 2511 971 2541 &
987 2511 1181 2552 Expediendi,
1199 2516 1240 2546 ita

166 2549 200 2579 &
223 2547 328 2579 eodem
350 2546 442 2577 modo
463 2547 531 2576 sicut
551 2557 604 2577 nos
618 2547 664 2586 ipli
680 2547 836 2577 faceremus
853 2549 886 2578 &
903 2553 993 2580 tacere
1032 2551 1154 2582 offemus
1171 2553 1190 2583 li
1206 2555 1236 2583 in

165 2585 291 2616 Persona
309 2585 404 2617 nostra
421 2585 617 2615 inrereffemus
628 2608 637 2623 ,
655 2587 741 2616 etiam
756 2585 776 2615 fi
791 2586 854 2617 talia
867 2587 918 2617 sint
933 2598 997 2627 quae
1011 2599 1022 2619 l
1036 2589 1185 2622 laudatum
1201 2592 1238 2623 de

169 2624 196 2654 se
211 2626 299 2664 magis
310 2625 422 2663 exigant
437 2624 572 2662 speciale,
902 2665 907 2670 ι
1039 2667 1045 2672 .

205 2663 426 2700 Pmmtuenoes,
444 2662 522 2693 bona
538 2662 605 2693 Fide
621 2663 654 2693 &
673 2663 702 2693 in
718 2662 819 2693 Verbo
834 2662 944 2703 Regio,
963 2674 1062 2696 omnia
1074 2668 1109 2699 ὅτ
1124 2668 1237 2708 singula,

167 2711 233 2740 quae
251 2712 301 2742 per
322 2702 453 2740 praefatos
466 2700 706 2739 Oommiffarios,
726 2701 880 2740 Oratores,
898 2703 1114 2743 Procuratores,
1133 2707 1235 2738 Fac‘to-

167 2751 228 2778 res,
253 2742 418 2772 Attornaros
444 2741 477 2771 δε
504 2739 665 2778 Deputatos
693 2740 806 2770 nostros
828 2741 1031 2780 Appunctuata
1047 2767 1056 2782 ,
1082 2744 1239 2785 Promiss'a,

168 2778 372 2817 Concordata,
390 2779 546 2809 Conventa
564 2779 598 2809 &
617 2778 762 2810 Conclufil
783 2779 907 2818 fuerint,
926 2781 953 2812 in
978 2781 1030 2813 hac
1055 2793 1148 2823 parte,
1167 2784 1237 2816 Nos

170 2815 245 2848 Rata
260 2840 270 2855 ‚
298 2818 389 2849 Grata
414 2818 447 2849 &
470 2817 564 2848 Firma
589 2817 735 2848 habituros
753 2819 786 2849 ὃς
811 2820 1023 2859 observaturos,
1040 2822 1074 2853 &
1090 2823 1238 2861 superinde

171 2855 277 2887 Literas
297 2856 404 2886 nostras
425 2856 553 2886 Patentes
569 2853 790 2886 confirmatorias
806 2858 839 2887 δε
854 2860 1080 2900 approbatorias,
1100 2862 1129 2892 in
1145 2862 1238 2895 forma

168 2894 262 2926 debita
274 2895 307 2926 δε
321 2895 479 2931 autentica,
496 2902 581 2930 prout
597 2904 668 2932 opus
681 2895 765 2924 fuerit
774 2918 783 2932 ,
799 2894 936 2927 Daruros.

204 2932 238 2963 In
261 2933 341 2972 cujus
361 2932 420 2964 Rei
434 2931 651 2963 Testimonium
665 2933 711 2963 has
729 2933 837 2963 Literas
850 2935 958 2966 nostras
972 2934 1032 2967 fieri
1046 2937 1168 2970 fecimus
1183 2939 1238 2972 Pa-

166 2979 266 3003 tentes.

201 3038 292 3079 Teste
314 3043 398 3088 Rege
419 3058 435 3079 a
457 3048 494 3078 ud
519 3047 780 3089 Wstmonasterium
793 3071 803 3087 ,
829 3050 967 3082 vicesimo
991 3052 1053 3084 Die
1075 3053 1238 3096 Februarii,

168 3085 258 3117 Anno
274 3086 374 3125 Regni
389 3097 429 3119 un
451 3088 559 3118 ecimo.

234 3156 364 3202 Helippe,
382 3173 430 3201 par
453 3163 479 3194 la
505 3163 602 3194 Grace
620 3164 655 3194 de
673 3164 766 3202 Dieu,
785 3164 809 3193 A
820 3174 927 3197 RcHE
939 3175 1018 3199 Duc
1036 3169 1215 3209 d'Austrirhe

248 3202 308 3232 Du
319 3211 335 3231 c
353 3201 385 3231 dc
403 3205 605 3242 Bourgoingm,
623 3203 656 3232 de
669 3202 805 3239 Lothier‚
820 3205 853 3233 de
872 3206 1014 3246 Brabant,
1031 3208 1063 3237 de
1079 3213 1183 3246 suere,
1202 3194 1235 3239 ιζ’

206 3272 207 3275 ¹
247 3243 375 3278 carinte,
394 3241 426 3270 de
447 3242 589 3280 Carniole,
607 3242 640 3271 de
661 3242 849 3280 Lemhourgh‚
867 3243 899 3273 de
925 3247 1128 3286 Lucembourg,
1149 3247 1186 3282 &
1204 3249 1237 3279 de

168 3277 304 3317 Gheldre,
323 3277 471 3310 CONTE
491 3280 524 3309 de
540 3280 739 3320 Habsbourgh,
753 3281 786 3310 de
804 3280 953 3320 Flandres,
971 3284 1004 3314 de
1021 3286 1118 3323 Tirol,
1138 3287 1159 3316 d
1163 3287 1236 3318 'Ar-

167 3321 236 3356 tois,
252 3317 285 3347 de
305 3319 507 3356 Bourgoingne,
524 3318 575 3349 ΡΑ
586 3329 608 3350 L
619 3329 640 3350 A
651 3329 673 3349 τ
684 3329 696 3350 1
706 3329 729 3350 N
752 3319 791 3355 ῤ’
815 3319 847 3349 de
862 3322 980 3359 Hynuu,
1001 3323 1026 3353 L
1036 3334 1056 3354 A
1068 3333 1091 3354 N
1101 3332 1154 3354 To
1165 3335 1188 3356 R
1201 3336 1236 3356 A·

169 3364 217 3386 vr:
243 3354 392 3395 d'Elsbce,
413 3355 512 3387 MAR
524 3366 625 3395 qur-:s
650 3358 683 3388 de
703 3361 827 3396 Burgaw
850 3358 888 3393 ὠ
907 3360 943 3390 du
961 3364 1036 3399 Seinr
1059 3365 1185 3402 Empire,
1204 3365 1238 3394 de

170 3392 312 3433 Holland,
336 3395 370 3424 de
390 3394 529 3433 Zeeland,
553 3396 586 3425 de
606 3400 736 3435 Farette,
756 3399 788 3426 de
800 3397 904 3434 Kiburg
914 3422 923 3436 ,
947 3400 978 3428 de
1002 3401 1113 3431 Namur
1142 3401 1180 3437 ὠ·
1204 3404 1236 3433 de

168 3433 299 3471 zutphen
312 3433 370 3464 Co
381 3442 405 3464 N
416 3441 440 3463 Ἰ·
449 3444 480 3472 E,
489 3434 508 3464 S
517 3444 536 3464 E
546 3443 589 3465 IG
599 3444 622 3465 N
633 3444 651 3465 E
661 3443 684 3465 U
695 3444 718 3466 R
737 3436 770 3465 de
783 3435 869 3474 Frifi’,
883 3436 946 3475 [Eur
963 3437 993 3468 la
1012 3443 1111 3470 Marce
1122 3441 1154 3470 de
1171 3444 1239 3472 Por-

169 3471 293 3510 tenaub,
311 3473 343 3502 de
363 3471 453 3502 Salius
477 3472 515 3508 &
541 3473 575 3503 de
601 3473 740 3513 Malmes,
757 3485 774 3506 a
789 3483 852 3505 tous
867 3478 949 3507 ceulx
963 3479 1013 3516 qui
1033 3488 1080 3509 ces
1099 3479 1239 3520 presentes

172 3509 285 3541 Lettres
297 3520 418 3550 veront,
435 3511 521 3549 Salur,
593 3545 595 3548 ,

207 3546 338 3579 Comme
361 3549 450 3580 Nous
469 3551 548 3581 aions
570 3551 710 3590 n'agueres
723 3562 834 3592 envoye
849 3553 946 3584 devers
958 3554 1131 3594 Treshault,
1151 3556 1239 3588 Tres-

171 3587 309 3618 excellent
322 3587 355 3616 &
371 3587 567 3624 Trespuiffant
585 3589 690 3621 Prince
705 3591 912 3622 Trelhonnore
927 3592 1064 3632 Seigneur
1080 3596 1114 3626 &
1128 3594 1237 3627 Coufin

171 3625 196 3656 le
218 3628 273 3666 Roy
295 3624 496 3662 d'Angleter-re
521 3637 629 3658 aucuns
649 3638 708 3659 noz
730 3630 966 3670 Ambaffadeurs,
982 3642 1055 3672 pour
1075 3633 1101 3663 le
1121 3633 1237 3675 Faitbde

172 3664 425 3696 l’Entretenement
457 3664 506 3694 des
537 3665 666 3697 Aliances
695 3668 803 3697 d'entre
827 3668 922 3699 nostre
942 3671 983 3700 dit
1007 3669 1116 3702 Coufin'
1136 3673 1160 3702 le
1181 3676 1237 3713 Roy

173 3701 372 3740 d'Angleterre
388 3702 472 3733 d'une
488 3701 555 3733 Part
596 3704 630 3734 δε
655 3705 744 3735 Nous
768 3706 890 3743 d’autre,
912 3708 946 3738 δε
969 3709 1036 3740 aussi
1058 3710 1095 3741 de
1117 3711 1237 3742 l’Entre-

171 3751 255 3774 cours
278 3741 314 3770 de
338 3739 535 3771 le1archandise
547 3726 656 3786 dgentre·
669 3744 706 3774 les
722 3744 848 3782 Subgetz
862 3745 1008 3788 delnostre
1024 3748 1064 3779 dit
1079 3749 1187 3780 Coufin
1202 3752 1236 3782 ὅ(

169 3780 209 3813 les
234 3779 356 3817 nostres,
375 3781 408 3810 &
430 3788 503 3818 pour
527 3780 552 3810 13
575 3779 751 3812 Restitution
773 3783 809 3812 de
825 3791 958 3815 certames
976 3784 1084 3817 Prinles
1097 3787 1175 3818 faites
1190 3798 1236 3826 par

168 3819 208 3852 les
219 3819 348 3857 Subgetz
355 3817 390 3848 de
406 3817 503 3848 nostre
516 3817 558 3848 dit
566 3818 676 3850 Cousin
691 3819 717 3849 le
732 3823 789 3862 Roy
805 3821 1004 3860 d'Angleterre
1019 3825 1062 3856 sur
1075 3827 1112 3856 les
1128 3826 1237 3858 nostres

171 3866 204 3888 au
221 3856 364 3895 prejudice
378 3857 426 3887 des
437 3857 506 3887 dites
520 3856 650 3887 Aliances
665 3859 698 3889 ὃς
714 3857 904 3897 Enttecours,

209 3895 267 3928 Les
281 3896 385 3933 quelles
400 3905 452 3926 nos
469 3895 690 3927 Ambassadeurs
703 3907 718 3926 a
734 3897 792 3927 leur
805 3896 916 3928 Retour
931 3900 1018 3932 Nous
1035 3903 1109 3934 aient
1125 3900 1236 3940 Rapor-

171 3940 201 3964 te
218 3943 272 3971 que
287 3936 409 3965 certaine
420 3934 548 3973 Journee
561 3934 638 3964 avoit
654 3934 712 3965 este
725 3935 835 3965 advisee
846 3937 918 3967 estre
929 3947 1015 3969 tenue
1027 3940 1126 3972 devers
1141 3941 1236 3972 nostre

170 3971 213 4004 dit
239 3970 347 4003 Coufin
376 3973 402 4003 le
429 3975 485 4012 Roy
508 3971 708 4009 d'Angleterre
733 3984 766 4004 au
789 3974 861 4005 Lieu
880 3975 918 4006 de
941 3977 1059 4012 Londre
1073 3989 1109 4010 en
1132 3981 1237 4011 dedens

171 4010 291 4043 certains
313 4011 398 4041 briefs
415 4012 518 4050 Jours,
533 4012 566 4043 &
581 4021 636 4049 que
650 4021 667 4048 y
679 4013 847 4042 envoierons
861 4023 920 4044 noz
933 4015 1149 4049 Ambassadeurs
1166 4019 1238 4049 No-

168 4049 256 4081 tables
269 4057 342 4085 pour
356 4050 415 4090 plus
429 4060 512 4081 avant
525 4050 618 4080 Parler
632 4051 665 4081 ὃ(
679 4049 812 4082 Τῑαίιῖὶετ
825 4051 873 4082 des
887 4052 957 4083 dites
971 4053 1105 4094 Manem,

205 4087 258 4117 Par
276 4096 352 4124 quoy
376 4087 427 4117 soit
453 4089 570 4125 besoing
593 4090 708 4128 deputer
728 4098 743 4119 a
759 4099 794 4121 ce
811 4100 918 4122 aucuns
932 4090 1027 4124 Grans
1039 4095 1072 4126 &
1091 4095 1236 4127 Notables

167 4125 368 4165 Personnaiges
381 4135 396 4156 a
412 4125 501 4157 Nous
517 4127 637 4166 feables,

1285 578 1410 614 Selgneur
1431 579 1464 608 de
1486 582 1627 610 Merwea'e
1648 583 1699 612 offi

1282 613 1318 644 de
1334 615 1358 645 F
1359 616 1482 655 landres,
1495 617 1596 654 Jehan
1608 620 1641 648 de
1656 624 1820 654 Courteville
1833 627 1926 657 nostre
1941 628 2053 661 Escuier
2067 631 2234 664 Trenchant
2244 657 2252 672 ‚
2261 634 2344 666 Mes-

1281 653 1330 690 sire
1351 654 1467 685 Thomas
1487 658 1653 695 Portimari,
1679 667 1741 690 tous
1759 671 1811 692 nos
1833 663 2014 706 Conselliers,
2038 670 2071 700 δε
2090 670 2208 703 Maistre
2229 673 2342 704 Florent

1281 693 1408 724 Hauwel
1418 694 1515 725 nostre
1525 695 1678 727 Secretaire
1690 708 1725 728 en
1743 698 1947 733 Ordonnances
1955 728 1964 742 ,

1319 730 1431 771 Iceulx,
1448 733 1485 764 les
1503 733 1569 773 Six,
1589 733 1670 774 Cinq
1684 746 1722 767 ou
1737 737 1847 775 Qatre
1859 739 1946 770 d'eulx
1967 743 2055 780 (dont
2069 746 2162 777 nostre
2179 749 2220 779 dit
2232 749 2345 782 Coufin

1281 768 1308 798 le
1329 773 1456 809 Seigneur
1470 772 1502 801 de
1514 774 1615 803 Bearer
1629 774 1681 805 soit
1695 775 1772 812 l'un)
1792 786 1881 807 avons
1895 773 1954 809 Fait
1963 803 1972 817 ,
1991 781 2124 814 Commis
2138 787 2171 816 &
2185 787 2346 825 Ordonne,

1281 807 1409 849 Faisons‚
1428 809 1638 842 Commettons
1652 813 1685 844 ὃ(
1698 813 1892 854 Ordonnons,
1910 826 1960 856 par
1973 827 2020 848 ces
2034 820 2192 863 Presentes,
2201 835 2259 856 noz
2269 827 2345 858 Am-

1284 846 1438 880 baffideurs
1451 850 1486 880 &
1502 850 1689 890 Procureurs,

1319 886 1381 918 Aus
1403 888 1505 927 quelz,
1521 898 1574 920 aux
1594 889 1662 928 six,
1680 890 1776 930 Cinq,
1795 902 1834 923 ou
1858 892 1969 932 Quatre
1984 894 2075 926 d’eulx
2094 900 2141 936 qui
2157 902 2260 933 mieulx
2273 914 2343 935 vac-

1280 927 1639 1001 118211)ῗᾶἑέῑὸἒὲἓὲ
1651 930 2342 1008 {¹³30ssssssstgaff‘css‘zzsszss0132sslsstssss's‘lme

2295 991 2341 1011 ain

1281 1000 1407 1041 Povoir,
1424 1004 1576 1035 Auctorite
1588 1007 1622 1037 ὃς
1638 1006 1827 1039 Mandement
1840 1009 1971 1049 especial,
1990 1011 2045 1050 de,
2063 1022 2153 1052 pour,
2169 1016 2202 1046 &
2216 1026 2253 1046 ou
2265 989 2346 1048 ¹Non

1280 1039 1318 1070 de
1332 1041 1436 1081 Nous,
1454 1043 1518 1075 eulx
1532 1043 1721 1085 Transporter
1734 1057 1795 1079 vers
1808 1048 1904 1079 nostre
1915 1049 1957 1080 dit
1974 1048 2085 1083 Coufin
2097 1051 2123 1082 le
2139 1056 2194 1094 Ray
2207 1054 2348 1095 d'Angleq

1279 1084 1353 1109 terre

1320 1102 1454 1158 Et'illec‚
1472 1129 1540 1152 avec
1565 1121 1643 1162 Luy,
1658 1131 1706 1153 ces
1726 1122 1826 1162 Gens,
1844 1134 1884 1156 ou
1901 1124 2056 1168 Commis,
2071 1128 2232 1172 Traictier,
2251 1133 2350 1167 Com-‘

1282 1158 1440 1196 maingnier
1450 1180 1460 1196 ,
1478 1159 1636 1200 Besongner
1658 1161 1692 1191 &
1711 1160 1887 1202 Concluire,
1902 1172 1961 1196 tant
1975 1165 2039 1197 sour
2055 1167 2080 1198 le
2096 1168 2155 1199 Fait
2171 1171 2208 1201 de
2222 1172 2345 1205 l'Entre·

1283 1202 1428 1226 tenement
1447 1197 1495 1227 des
1516 1198 1586 1229 dites
1602 1200 1748 1238 Aliances‚
1768 1200 1962 1242 Intelligences
1978 1205 2012 1235 &
2028 1204 2220 1248 Entrecours,
2238 1212 2346 1243 d’entre

1280 1232 1376 1266 Icellui
1402 1235 1498 1266 nostre
1518 1237 1560 1268 dit
1576 1237 1686 1270 Coufin
1700 1238 1725 1268 le
1741 1242 1811 1281 Roy,
1831 1242 1870 1271 ses
1882 1241 1951 1273 dites
1965 1242 2125 1284 Royalme,
2142 1247 2212 1278 Paiis
2224 1250 2257 1280 δε
2271 1250 2346 1282 Sub-

1282 1281 1366 1311 getz,
1384 1273 1418 1303 δε
1442 1273 1530 1305 Nous
1553 1277 1586 1307 &
1601 1276 1637 1307 les
1655 1277 1782 1315 nostres,
1798 1289 1883 1311 come
1900 1280 1944 1311 sur
1960 1281 1985 1311 13
1999 1281 2171 1322 Reparation
2188 1287 2221 1317 &
2240 1288 2346 1328 Appai-

1281 1310 1401 1343 sements
1423 1312 1471 1343 des
1498 1312 1643 1346 Differens
1668 1315 1826 1356 Questions
1847 1319 1880 1349 &
1902 1318 2071 1353 Entrefaites
2091 1325 2139 1362 qui
2159 1335 2262 1362 peuent
2272 1328 2344 1360 estre

1281 1358 1401 1381 avenues
1422 1350 1488 1382 d’un
1513 1352 1603 1384 Coste
1622 1355 1655 1385 δε
1671 1354 1791 1386 d’autre:
1811 1358 1844 1388 ὃς
1858 1357 1900 1388 sur
1911 1366 2005 1389 toutes
2021 1369 2110 1392 autres
2123 1361 2232 1395 Choses
2247 1367 2294 1404 qui
2307 1377 2344 1398 en

1281 1398 1385 1425 peuent
1399 1399 1438 1419 ou
1452 1392 1584 1429 poroient
1598 1391 1758 1432 dependre,

1318 1426 1356 1457 Et
1380 1428 1464 1466 faire,
1482 1440 1516 1459 au
1529 1429 1572 1460 sur
1585 1431 1664 1470 plus,
1683 1441 1774 1462 toutes
1789 1433 1822 1463 &
1837 1433 1978 1472 finguliers
1990 1436 2026 1467 les
2042 1437 2141 1469 choses
2152 1449 2208 1478 que
2224 1441 2297 1473 bons
2310 1443 2345 1474 &

1282 1464 1392 1502 loyaulx
1408 1466 1622 1509 Ambaffadeurs
1634 1480 1736 1510 peuent
1752 1471 1785 1501 &
1802 1471 1939 1503 doibvent
1953 1474 2020 1513 fere,
2039 1476 2073 1507 &
2089 1486 2144 1515 que
2160 1479 2248 1510 Nous
2264 1482 2347 1512 meis-

1284 1513 1343 1534 mes
1365 1505 1469 1534 ferrons
1484 1515 1523 1536 ou
1536 1507 1593 1538 fere
1609 1510 1740 1545 porrions
1756 1509 1782 1539 se
1798 1519 1833 1539 en
1849 1510 1944 1542 nostre
1961 1512 2104 1545 Personne
2118 1517 2228 1553 presens
2245 1529 2261 1558 y
2280 1520 2344 1550 esti-

1281 1552 1350 1579 ons,
1370 1552 1454 1580 quant
1470 1553 1532 1574 ores
1545 1546 1611 1576 elles
1626 1546 1834 1585 Requerroient
1851 1548 2039 1583 Mandement
2053 1554 2112 1590 plus
2123 1555 2255 1596 especial3

1322 1581 1520 1620 PromertanS,
1537 1584 1572 1614 de
1591 1586 1688 1614 bonne
1712 1586 1769 1624 Foy
1795 1587 1828 1616 &
1850 1597 1886 1617 en
1904 1587 2013 1620 Parolle
2028 1591 2063 1622 de
2077 1592 2198 1632 Prince,
2216 1597 2296 1626 avoir
2311 1597 2346 1627 &

1282 1621 1355 1650 tenir
1370 1621 1528 1656 Agreeable
1544 1622 1647 1654 Ferme
1662 1625 1694 1655 &
1705 1623 1818 1655 Estable
1830 1635 1846 1655 a
1862 1634 1925 1656 tous
1939 1628 2016 1664 jours
2030 1638 2091 1660 tout
2108 1641 2143 1661 ce
2156 1643 2210 1670 que
2224 1644 2271 1671 par
2287 1643 2348 1665 noz

1283 1656 1498 1690 Ambaffideurs
1513 1660 1603 1692 dessus
1622 1672 1772 1700 nommes,
1790 1663 1829 1694 les
1845 1663 1911 1701 Sne,
1928 1665 2008 1704 Cinq
2021 1676 2058 1697 ou
2078 1669 2187 1706 Quatre
2203 1671 2295 1703 d'eulx
2308 1673 2349 1704 se-

1280 1706 1309 1725 ra
1328 1696 1406 1735 Fait,
1423 1694 1657 1739 Communique,
1677 1701 1810 1740 Traiete,
1829 1703 1863 1734 &
1885 1701 2001 1735 Conclu
2024 1715 2052 1736 es
2068 1705 2176 1739 Choses
2189 1709 2349 1742 deffusdites

1281 1736 1316 1767 &
1335 1736 1416 1767 celles
1436 1738 1484 1775 qui
1507 1747 1544 1768 en
1565 1739 1742 1778 dependent,
1759 1741 1818 1771 sans
1841 1743 1935 1779 jamais
1961 1743 2046 1783 faire,
2062 1756 2102 1776 ou
2116 1747 2173 1778 aler
2188 1758 2224 1778 ne
2239 1749 2351 1780 souffrir

1281 1773 1354 1804 estre
1377 1775 1417 1805 fet
1440 1786 1480 1806 ou
1505 1777 1572 1808 allee
1592 1788 1626 1808 au
1650 1788 1781 1809 contrere
1801 1789 1837 1809 en
1852 1783 1974 1812 manicre
1987 1784 2167 1823 quelconque
2178 1810 2189 1825 ,
2207 1787 2240 1817 ὃς
2254 1788 2299 1818 sur
2314 1799 2349 1819 ce

1281 1812 1349 1843 faire
1369 1815 1499 1853 expediet
1522 1824 1581 1846 noz
1602 1816 1719 1848 Lettrez
1735 1817 1863 1849 Patenres
1879 1820 1914 1850 de
1930 1820 2167 1862 Confirmacion,
2185 1825 2212 1856 se
2230 1826 2347 1866 besoing

1282 1850 1340 1889 est,
1357 1860 1448 1883 toutes
1464 1853 1500 1883 les
1512 1854 1572 1884 foix
1589 1864 1645 1893 que
1658 1855 1768 1895 Requis
1779 1867 1816 1887 en
1829 1856 1932 1889 serons.

1317 1927 1364 1958 Eu
1387 1929 1546 1971 Tesmoing
1566 1931 1602 1962 de
1624 1941 1680 1972 ce,-
1696 1932 1784 1963 Nous
1806 1943 1897 1965 avons
1919 1935 1968 1966 fait
1989 1945 2091 1968 mettre
2105 1938 2131 1969 le
2146 1939 2210 1971 Seel
2225 1941 2260 1971 de
2275 1952 2348 1973 mon

1282 1965 1493 1999 Tresredoubte
1507 1969 1643 2010 Seigneur
1659 1975 1692 2002 ὅ(
1705 1969 1728 2000 P
1733 1982 1795 2011 ere,
1813 1974 1847 2004 &
1863 1973 1899 2004 de
1913 1973 2001 2006 Nous
2015 1986 2030 2007 a
2048 1986 2095 2007 ces
2107 1977 2258 2010 Presentes.

1320 2043 1431 2076 Donne
1448 2055 1483 2076 en
1501 2046 1597 2079 nostre
1612 2047 1684 2078 Ville
1700 2049 1732 2078 de
1748 2049 1908 2089 Bruxelles,
1928 2050 1955 2082 le
1971 2053 2019 2083 xiv
2033 2052 2105 2092 Jour
2119 2055 2154 2086 de
2171 2055 2350 2097 Decembre,

1280 2082 1348 2114 1’An
1362 2083 1398 2115 de
1412 2083 1509 2116 Gracc
1523 2085 1607 2117 Mille
1617 2110 1628 2126 ,
1649 2087 1824 2126 Quatrecens
1831 2112 1842 2128 ,
1861 2089 2035 2130 Quatrevins
2046 2093 2081 2124 &
2095 2094 2210 2132 quinze.

1317 2158 1352 2191 In
1368 2170 1494 2200 quorum
1508 2165 1644 2195 omnium
1663 2165 1697 2196 &
1714 2165 1885 2207 singulorum
1899 2166 2116 2202 Praemissorum
2130 2170 2349 2205 Testimonium

1282 2197 1379 2230 Fidem
1402 2201 1437 2231 &
1453 2202 1707 2242 Approbationem
1719 2204 1804 2244 Nos,
1822 2205 2044 2239 Ambaffiatores
2056 2209 2184 2248 praediffl
2199 2210 2348 2243 Illustriffi‘-

1281 2238 1323 2268 mi
1345 2239 1510 2271 Archiducis
1534 2241 1656 2281 superius
1678 2244 1837 2284 nominati,
1855 2245 2007 2285 praesentoe
2019 2247 2125 2279 Literas
2141 2248 2243 2288 sigillis
2257 2260 2290 2282 ac
2303 2250 2349 2284 Si-

1280 2277 1346 2315 gnis
1359 2277 1460 2309 nostris
1473 2281 1649 2312 manualibus
1663 2281 1844 2321 sigillavimus
1855 2285 1889 2315 &
1903 2284 2130 2325 subfignavimus.

1317 2354 1386 2387 Dat.
1404 2357 1578 2396 Londinum,
1595 2359 1730 2391 vicesimo
1746 2369 1847 2399 quarto
1862 2361 1924 2393 Die
1940 2362 2100 2402 Februarii,
2115 2363 2203 2396 Anno
2218 2365 2345 2397 Domini

1283 2392 1457 2434 Millefirno,
1476 2396 1783 2438 Qadringentefimo,
1801 2399 1999 2441 Nonagefimo
2012 2403 2119 2442 quinto.

1320 2471 1401 2502 PHE.
1422 2482 1463 2503 DE
1484 2473 1640 2505 Bounce.

1320 2510 1355 2540 P.
1376 2520 1418 2541 DE
1439 2511 1580 2543 Bassusr.

1320 2549 1465 2580 RonERT
1484 2559 1526 2581 DE
1549 2551 1716 2584 Memmii.

1320 2587 1459 2618 Danu-:L
1479 2597 1520 2619 DE
1541 2589 1669 2622 BRAET,

1316 2626 1344 2663 J.
1365 2636 1406 2657 DE
1426 2627 1692 2660 COURTEerLE.

1318 2664 1464 2696 THOMAS
1484 2666 1671 2699 Pons-Man.

1320 2702 1521 2735 HAUBBEEL.

1483 2847 1574 2879 Bulla
1606 2847 1798 2896 Indulgentiae
1819 2861 1874 2895 pro
1899 2851 2016 2896 Capella
2040 2854 2142 2898 Regia.

1688 2934 1746 2967 Pro
1771 2936 1817 2968 W
1814 2933 1937 2980 indescr-

1426 3010 1585 3059 Registrata
1599 3019 1672 3058 apud
1691 3029 1736 3050 me
1762 3019 1796 3050 L.
1823 3019 1876 3050 Po
1888 3028 2193 3056 DOCATHARUM,

1279 3093 1492 3151 Alagxffldt’r
1503 3092 1654 3139 Episcopus,
1672 3095 1774 3140 Servus
1796 3096 1960 3141 Servorum·
1979 3097 2053 3150 Dei}
2072 3101 2206 3149 universis
2232 3101 2339 3147 Christi
2363 3103 2442 3135 Ann.
2456 3105 2494 3136 D.

1354 3135 1493 3166 hdelrbus
1510 3138 1657 3172 praelentes
1678 3135 1797 3166 Litteras
1813 3136 1992 3175 mipeetuns,
2011 3140 2134 3168 §alutem
2148 3143 2181 3170 ὸε
2197 3141 2341 3180 Apostolr-
2385 3145 2469 3182 1496,

1279 3181 1344 3203 carn
1363 3172 1608 3205 Benediffionem.

1280 3288 1388 3326 plicum
1408 3290 1519 3320 excedit
1541 3291 1574 3320 δε
1594 3273 1670 3319 <lota
1683 3290 1757 3319 bene
1773 3290 1954 3321 servientibus
1971 3292 2018 3320 libi
2036 3294 2128 3333 multo
2146 3295 2251 3330 majora
2265 3298 2345 3327 retri-

1280 3328 1347 3358 buat
1373 3328 1456 3365 quarn
1481 3328 1589 3358 valeant
1604 3329 1776 3366 promereri,
1796 3327 1997 3359 nichilominus
2011 3329 2194 3362 delideranres
2210 3332 2345 3366 Domino

1280 3365 1427 3404 Populum
1449 3367 1564 3397 reddere
1585 3372 1653 3397 acce
1673 3367 1788 3397 tabilem
1799 3367 1831 3398 &
1846 3367 1989 3397 bonorum
2007 3367 2139 3407 Operum
2157 3370 2345 3412 Sedtatorem,

1281 3404 1389 3435 Fideles
1410 3405 1483 3442 ipsos
1504 3400 1539 3435 ad'
1562 3414 1651 3445 comp
1677 3404 1800 3435 cendum
1814 3405 1840 3434 ei
1872 3405 1925 3435 uasl
1939 3407 2103 3449 quibuldam
2118 3408 2255 3441 allectivis
2273 3411 2344 3442 Mu*-

1280 3445 1408 3481 neribus,
1427 3442 1610 3482 Indulgentiis
1626 3444 1794 3482 (videlicet)
1813 3445 1845 3473 &
1894 3445 2106 3484 emillionibus‚
2127 3448 2290 3488 invitamus,
2312 3459 2343 3481 ut

1280 3482 1382 3512 exinde
1397 3481 1546 3512 reddantur
1561 3482 1679 3512 Divinae
1694 3482 1802 3513 Gratiae
1814 3485 1930 3518 aptiores

1317 3519 1397 3550 Cum
1418 3521 1527 3559 itaque,
1545 3521 1613 3551 licut
1631 3522 1808 3558 accepimus,
1828 3519 1995 3551 Carirsimus
2009 3522 2039 3552 in
2054 3521 2172 3554 Christo
2187 3525 2272 3555 Filius
2287 3536 2340 3556 no—

1281 3558 1335 3589 ster
1356 3561 1490 3588 Henriciss
1511 3559 1624 3595 Angliae
1645 3561 1704 3587 Rex
1729 3558 1857 3596 Illustris,
1877 3560 1988 3589 fervore
2008 3559 2180 3592 Devotionis
2194 3565 2342 3603 accensus,

1280 3598 1396 3636 cupiens
1417 3597 1545 3627 Terrena
1566 3599 1594 3626 in
1617 3596 1754 3627 Coelestia
1774 3599 1806 3627 ὅ(
1820 3597 1991 3628 Tranlitoria
2006 3599 2035 3629 iu
2053 3599 2171 3631 AEterna
2186 3602 2260 3631 felici
2277 3602 2339 3632 Co-

1279 3637 1391 3666 mercio
1405 3644 1600 3671 commutare,
1619 3644 1758 3675 proponat
1774 3644 1859 3666 unam
1877 3636 1894 3654 ²*
1905 3636 2069 3676 Capellam,
2086 3639 2137 3669 sub
2153 3639 2340 3672 invocatione

1280 3673 1372 3703 Beatae
1398 3673 1500 3703 Mariae
1528 3672 1666 3710 Virginis,
1685 3675 1714 3703 in
1735 3672 1860 3704 Ecclelia
1875 3673 1971 3705 Sancti
1984 3675 2105 3716 Georgii
2125 3677 2233 3716 Oppidi
2252 3679 2339 3710 Win-

1279 3712 1403 3750 desorae,
1422 3712 1624 3742 Sares'urriemis
1647 3711 1803 3749 Dioecelis,
1822 3713 1850 3741 in
1876 3722 1928 3749 qua
1953 3715 2130 3752 Sepulturam
2146 3718 2223 3746 suam
2239 3718 2273 3747 el'
2295 3729 2341 3750 ere

1279 3751 1418 3788 intendit,
1436 3760 1469 3780 ac
1491 3750 1562 3779 infra
1582 3749 1698 3780 Limites
1713 3750 1782 3779 dicti
1798 3750 1907 3787 Oppidi
1927 3762 2019 3783 unum
2035 3753 2182 3791 Hospitsle
2198 3764 2251 3791 pro
2292 3767 2341 3788 au-

1279 3790 1392 3826 peribus
1413 3790 1446 3819 ὃς
1465 3787 1522 3817 aliis
1543 3787 1753 3818 Miserabilibus
1769 3789 1898 3820 Persom's
1915 3791 1985 3820 inibi
2003 3793 2166 3827 recipiendis
2182 3793 2215 3823 ὅ(
2236 3796 2341 3827 confo-

1279 3828 1392 3865 vendis,
1411 3826 1508 3865 Opere
1523 3826 1639 3863 quidem
1656 3826 1845 3866 Sumpmoso,
1863 3827 1898 3858 de
1915 3831 2030 3867 propriis
2045 3830 2129 3871 Bonis
2141 3830 2193 3860 suis
2209 3832 2340 3866 Fundare

1279 3867 1313 3896 δε
1339 3865 1524 3900 Construere,
1540 3873 1572 3894 ac
1597 3863 1743 3902 Capellam
1766 3867 1800 3896 ὅ(
1816 3865 1963 3903 Hospitale
1990 3868 2151 3904 hujulmodi
2169 3869 2341 3904 sufficienter

1278 3902 1407 3941 Dotare,
1426 3903 1568 3940 ipsamque
1584 3901 1730 3940 Capellam
1749 3903 1858 3943 Libris,
1878 3904 2087 3948 Calicibus,q&
2103 3906 2160 3937 aliis
2176 3907 2340 3942 Ornamen-

1276 3944 1310 3972 tis
1334 3940 1532 3974 Ecclefiasticis
1554 3940 1588 3970 ad
1612 3940 1758 3973 Divinum
1777 3942 1898 3973 Cultum
1919 3944 2074 3974 neccssariis
2091 3945 2222 3977 decenter
2238 3948 2340 3981 Deco-

1277 3990 1337 4011 rare

1315 4003 1398 4056 N'os,
1414 4018 1556 4056 cupientes
1571 4024 1602 4047 ut
1617 4017 1731 4055 Capella
1749 4019 1880 4055 praedidta
1892 4043 1901 4056 ,
1919 4020 1947 4048 in
1967 4029 2019 4058 qua
2033 4021 2117 4052 etiarn
2134 4023 2262 4061 praefatus
2275 4025 2341 4057 Rex

1277 4057 1395 4095 Septem
1421 4056 1607 4093 Presbiteros,
1625 4065 1678 4093 pro
1694 4057 1787 4088 Missis
1801 4058 1922 4095 qualibet
1938 4057 1995 4088 Die
2010 4060 2197 4100 celebrandis,
2216 4062 2341 4101 deputari

1277 4096 1311 4126 δε
1335 4095 1442 4126 institui
1459 4095 1551 4124 facere
1567 4095 1703 4134 intendit,
1724 4097 1854 4134 congruis
1865 4096 2056 4134 frequentetur
2068 4097 2256 4137 Honoribus,
2276 4103 2342 4140 ipsi-

1277 4143 1332 4172 que
1353 4134 1386 4165 &
1411 4133 1453 4164 alii
1481 4131 1629 4164 Presbiteri
1651 4133 1685 4164 ad
1710 4133 1810 4165 Missas
1833 4134 1995 4173 hujusmodi
2021 4137 2223 4169 celebrandurn
2237 4142 2283 4206 (δί
2298 4141 2344 4207 3Ιέ

2252 4178 2265 4206 2
2286 4179 2320 4206 rii
2339 4178 2344 4182 ”

1722 587 1815 616 nostre
1838 588 2027 621 chambellan
2044 594 2077 624 δε
2095 594 2248 627 Souverain
2262 596 2342 627 Bailli
2364 606 2427 633 59¹-

2365 3187 2417 3209 An.
2437 3194 2445 3209 ι
2457 3193 2478 3211 ῐ.

1317 3211 1401 3242 Licet
1417 3212 1453 3251 is,
1471 3211 1506 3241 de
1523 3213 1603 3256 cujus
1620 3221 1737 3243 munere
1754 3213 1830 3242 venit
1846 3220 1877 3243 ut
1892 3213 1939 3242 sibi
1957 3223 1970 3242 a
1988 3214 2125 3245 Fidelibus
2140 3215 2192 3246 suis
2204 3217 2293 3254 digne
2309 3219 2341 3251 &
2365 3226 2398 3248 H.
2418 3231 2440 3255 7.

1280 3249 1451 3281 laudabiliter
1465 3251 1595 3281 servratur
1628 3250 1665 3280 de
1677 3250 1862 3281 habundantia
1876 3251 1931 3281 suae
1948 3251 2058 3283 Pietatis
2072 3263 2136 3291 qua:
2150 3254 2256 3287 Merita
2269 3259 2343 3296 Sup-
2364 3264 2406 3287 Ex
2425 3261 2495 3297 orig.

2361 3664 2380 3683 ¹·
2396 3666 2467 3705 ΧΠ,

2359 3714 2425 3740 592.
