2555 4266
61 1538 78 1554 ⁰
97 1538 167 1566 xit.

63 1577 127 1611 287.

208 154 286 194 170

72 224 150 257 Ann.
167 226 206 257 D.
218 237 275 264 que
288 224 479 262 conditionis,
497 221 609 261 Status,
628 222 672 253 seu
688 222 804 253 Gradus
819 223 939 260 fuerint,
956 222 1064 253 etiamsi
1086 222 1204 261 Regali,
1220 220 1288 251 Du·-

102 265 187 304 1486.
217 267 286 303 cali,
316 263 570 301 Archiepiscopali,
596 261 771 300 Episcopali,
796 260 960 299 Comitiali,
978 270 1025 291 aut
1048 260 1188 292 Inferioris
1209 260 1285 290 Gra-

72 308 135 332 Hen.
157 315 183 340 7.
217 304 272 335 dsis
285 304 443 340 Homines,
461 303 488 331 vi
506 302 711 340 Tempestate,
729 301 775 331 seu
791 301 842 331 alifi
855 301 1006 332 rationibili
1024 309 1197 339 urgenteque
1205 298 1284 329 Cau-

215 344 245 374 sa
268 344 301 373 ad
324 343 381 372 hoc
403 342 440 369 eis
459 341 584 370 omnino
613 341 776 377 impellente
791 364 799 377 ,
825 340 896 371 cum
912 340 961 377 ipsi
977 340 1035 369 hoc
1050 348 1110 369 non
1130 337 1284 368 affeetave-

213 384 288 418 rint,
307 391 359 410 nec
383 380 412 410 id
434 389 565 417 tempore
588 377 725 409 Recesssis
747 389 849 409 eorum
871 389 886 408 a
905 377 997 409 Patria
1009 377 1055 408 {ua
1070 377 1285 415 proposuerint,

215 421 370 458 lipp'icare
389 419 420 448 in
440 419 537 455 aliquo
558 418 646 448 Portu
670 417 725 448 five
749 417 834 448 Loco
860 427 1034 456 quocunque
1059 416 1156 455 Regni
1177 416 1287 445 alterius

218 459 373 496 Principis,
389 457 422 488 δε
439 456 634 493 Naufragium
652 458 725 494 pati,
743 457 906 487 dummodo
924 457 1012 495 aliqua
1030 456 1149 486 Persona
1162 455 1285 484 humana

215 500 244 528 in
263 497 342 527 Navi
358 498 394 526 lic
411 495 602 532 Naufragium
618 496 692 533 passa
705 495 836 533 luperstes
855 494 968 532 existat,
986 494 1063 525 Non
1086 494 1186 523 licebit
1206 491 1285 521 alteri

212 537 380 574 Principum
391 558 398 571 ,
417 535 461 565 seu
476 536 558 564 alieri
574 535 619 564 vel
632 535 768 573 aiiquibus
782 534 968 564 Subditorum
983 533 1028 563 seu
1047 533 1203 570 Ligeorum
1219 529 1284 559 suo-

215 585 297 611 rum,
315 583 365 614 per
383 573 422 603 Se
443 573 489 603 vel
511 574 578 603 alios
603 574 673 611 ipsos
698 573 735 604 sic
765 573 894 612 {ppulsos
908 574 952 602 seu
969 571 1158 606 Naufragium
1175 567 1283 606 paffos,

214 623 318 644 eorum
334 612 450 650 Naves,
467 612 562 650 Bona,
583 612 792 649 Mercandisas,
813 612 941 648 Aurum,
962 609 1120 649 Argentum
1145 607 1282 637 Moneta-

213 661 277 683 tum
300 654 346 682 vel
368 661 426 682 non
453 651 653 689 Monetatum,
674 650 798 689 Jocalia,
820 650 919 680 Vestes
942 649 1066 684 Aureas,
1082 646 1208 682 Sericas,
1226 645 1282 674 La-

213 702 296 729 neas,
313 691 359 722 vel
374 690 492 728 Lineas,
512 690 569 720 sive
585 690 645 720 Res
661 691 723 720 alias
737 690 917 728 quascunque
931 688 958 716 in
972 685 1133 725 hujusmodi
1146 683 1281 714 adductas

213 730 341 768 Capere,
370 729 498 767 Rapere,
523 729 570 759 vel
594 730 630 758 ab
656 730 759 759 eisdem
782 728 821 758 fic
845 725 991 764 Appulsis,
1010 725 1055 756 vel
1081 723 1279 766 Naufragium

212 770 294 807 pastis
315 768 464 806 aut‘passo
480 768 608 798 -Auferre
631 767 840 805 quovismodO,
864 765 911 796 vel
930 764 1083 799 Detinere,
1109 769 1155 792 aut
1175 768 1281 791 ratione

212 808 322 839 Defieri
335 808 450 846 alicujus
466 806 599 837 Personae
615 806 725 835 easdem
740 804 818 842 Res,
834 804 927 838 Bona,
945 803 988 833 vel
1015 799 1204 832 Mercandisas
1225 798 1281 828 Ar·-

212 847 334 885 restare,
359 847 406 877 v‘el
427 845 564 876 Arrestari
585 845 699 875 ficere:
728 842 778 873 Set
797 844 896 873 licebit
915 842 977 877 iplis
999 840 1036 870 fic
1062 837 1209 876 Appulfis,
1232 845 1279 867 aut

210 885 406 925 Naufragium
423 883 518 922 paffis,
537 893 606 914 cum
624 882 776 919 Navibus,
794 880 894 917 Bonis,
910 877 1112 920 Mercandisis,
1130 878 1163 908 δε
1179 876 1280 919 Rebus

210 925 264 955 suis
285 924 440 962 praedieits,
460 922 555 952 Causa
575 920 739 958 hujusmodi
761 920 900 956 cessante,
918 925 1004 954 prout
1030 920 1066 946 lic
1089 915 1223 953 App-alu,
1237 915 1278 958 .&

209 963 407 1002 Naufragium
423 959 508 998 palii,
527 969 628 990 eorum
647 958 734 988 Nave
759 957 898 995 Refeeia,
917 957 1088 986 tenebuntur
1109 954 1278 996 quamcitius

209 1003 371 1033 commode
391 1001 504 1031 valeant
529 998 692 1035 Recedere,
711 997 814 1034 absque
833 995 1052 1033 quibuscunque
1074 992 1278 1030 impetitione,

191 1040 424 1078 impedimento
437 1062 446 1074 ,
472 1036 607 1074 Arresta,
632 1037 676 1066 sei
700 1035 750 1065 alia
773 1036 935 1066 Occasione
957 1041 1139 1071 quacumque
1159 1031 1208 1062 sibi
1228 1039 1279 1068 per

209 1079 326 1110 alterum
343 1078 506 1114 Principem
523 1077 647 1113 aliquem
665 1076 711 1104 vel
724 1075 833 1112 aliqios
846 1073 966 1112 ejusdem
977 1071 1131 1103 Subditum
1146 1070 1192 1101 vel
1202 1069 1278 1101 Sub—

209 1119 284 1149 ditos
299 1116 458 1148 obiciendis
469 1115 513 1145 seu
530 1117 615 1145 etiarn
631 1114 776 1144 faciendis.

248 1155 321 1186 Ιτε
332 1165 377 1193 Μ,
393 1153 572 1184 Conclusam
594 1152 636 1183 est
659 1152 759 1190 quod,
775 1152 792 1182 fi
814 1150 912 1189 aliquis
929 1149 974 1180 vel
986 1149 1072 1188 aliqui
1089 1148 1278 1179 Subditorum

209 1195 256 1226 vel
282 1195 440 1231 Ligeorum
461 1193 569 1222 alterius
590 1191 727 1228 Principis
752 1191 789 1221 sic
812 1199 842 1220 ut
864 1190 1042 1228 priemittitur
1064 1188 1204 1226 Appulsus
1229 1188 1276 1218 vel

208 1234 344 1271 Appulsi,
368 1233 424 1263 five
451 1233 479 1261 in
507 1231 644 1267 Regnum
668 1230 777 1260 alterius
799 1228 850 1259 sub
872 1229 959 1259 Salvo
983 1226 1132 1258 condustu
1150 1227 1276 1258 Veniens

209 1274 257 1304 vel
273 1273 443 1308 Venientes,
461 1279 524 1300 ante
541 1271 618 1300 diem
635 1269 816 1305 expirationis
832 1267 909 1299 Salvi
923 1265 1098 1297 Condustsis
1111 1265 1151 1296 sui
1164 1265 1276 1296 adversa

209 1310 379 1342 Valetudine
403 1310 476 1340 adeo
500 1318 616 1339 vexetur
642 1309 687 1338 vel
714 1316 850 1340 vexentur
866 1330 876 1345 ,
900 1306 982 1344 quod
1007 1306 1044 1335 sic
1071 1304 1209 1342 Appulsus
1230 1305 1276 1335 vel

208 1350 325 1388 Appulsi
336 1374 346 1388 ,
363 1358 409 1379 aut
422 1348 614 1387 Naufragium
630 1346 719 1384 paffus
732 1347 777 1378 vel
791 1345 876 1384 passi,
893 1354 940 1375 aut
953 1344 1003 1375 sub
1017 1345 1092 1374 salvo
1117 1342 1276 1374 conductu

208 1388 334 1419 Veniens
354 1388 398 1418 vel
422 1386 590 1425 Venientes,
615 1396 684 1417 cum
710 1385 792 1416 Navi
811 1385 855 1415 vel
881 1383 1017 1414 Navibus
1040 1382 1096 1421 qua
1116 1382 1163 1412 vel
1176 1383 1277 1421 quibus

209 1438 223 1457 a
246 1428 344 1466 plicuit
368 1426 412 1457 vel
434 1426 629 1464 applicuerunt
645 1448 654 1463 ,
680 1425 726 1456 vel
748 1433 812 1455 ante
831 1424 908 1453 diem
930 1422 1118 1460 Expirationis
1138 1421 1176 1451 sui
1202 1421 1277 1452 Salvi

262 1465 384 1497 aduersis
401 1465 437 1496 fic
458 1464 580 1495 Veniens
595 1463 641 1494 vel
660 1463 812 1494 Venientes
827 1471 946 1500 nequeat
964 1461 1011 1492 vel
1030 1468 1170 1498 nequeant
1192 1470 1276 1490 com-

208 1506 297 1536 mode
319 1505 486 1542 Recedere,
505 1505 538 1534 δε
559 1505 588 1534 in
612 1504 738 1541 proprias
760 1501 858 1532 Partes
877 1500 904 1530 se
926 1501 1071 1538 recipere,
1089 1499 1179 1529 Tunc
1201 1500 1276 1529 bene

206 1545 302 1575 licebit
319 1544 356 1574 lic
373 1543 499 1580 Appulso
521 1542 567 1573 vel
586 1542 730 1580 Appulsis,
749 1539 942 1578 Naufragium
966 1538 1045 1577 passo
1065 1538 1111 1569 vel
1138 1538 1155 1556 ³*
1179 1537 1278 1576 passis,

206 1594 240 1614 ac
259 1583 392 1614 Venienti
406 1582 450 1612 vel
465 1581 668 1618 Venientibus,
687 1579 808 1610 Infirmo
826 1579 869 1609 vel
886 1577 1024 1615 Infirmis,
1042 1576 1126 1607 Laeso
1147 1579 1191 1606 vel
1210 1577 1277 1606 1⁴ae-

208 1623 256 1661 sis,
276 1623 438 1657 cuicunque
454 1621 487 1652 ὃς
504 1619 735 1658 quibuscunque,
751 1618 829 1648 salvo
848 1619 882 1649 &
896 1616 991 1647 secure
1007 1617 1037 1646 in
1062 1616 1131 1646 loco
1153 1624 1214 1653 quo
1237 1615 1275 1646 sic

207 1661 348 1700 Appulffis
366 1660 411 1691 vel
428 1659 545 1699 Appulsi
560 1658 750 1697 Naufragium
775 1657 865 1694 passus
887 1656 932 1685 vel
956 1654 1024 1693 passi
1046 1654 1212 1693 applicuerit
1231 1654 1278 1685 vel

206 1701 394 1740 applicuerim
408 1697 583 1736 Expectare,
600 1697 746 1735 quousque
761 1695 985 1726 Reconvaluerit
1007 1693 1053 1724 vel
1075 1692 1277 1724 Reconvalue-

206 1741 278 1776 rint,
299 1739 412 1768 Extunc
426 1746 495 1768 cum
514 1737 623 1768 Litteris
640 1734 897 1765 Testimonialibus
913 1732 1048 1771 Majoris,
1066 1731 1279 1769 Ballivi,Con-

208 1777 369 1815 stabularii,
385 1784 431 1807 aut
455 1776 563 1806 alterius
584 1775 700 1813 alicujus
720 1773 862 1804 Officiarii
888 1772 977 1811 Regis
998 1773 1027 1801 in
1047 1771 1134 1801 Loco
1158 1781 1216 1809 quo
1240 1770 1279 1802 fic

207 1827 276 1848 cum
293 1816 338 1847 vel
354 1826 402 1846 eos
416 1814 555 1845 Infirmari
570 1813 614 1844 seu
634 1813 715 1844 Laedi
730 1813 902 1851 contigerit,
922 1810 1015 1841 eidem
1031 1810 1078 1841 vel
1101 1809 1207 1840 eisdem
1229 1809 1280 1840 sub

209 1855 362 1887 moderatis
376 1853 510 1891 Ettpenfis
525 1852 716 1884 concedendis
730 1852 763 1882 &
777 1850 934 1888 tradendis,
953 1848 1034 1880 causa
1049 1848 1211 1886 hujusmodi
1229 1848 1279 1879 In-

206 1896 342 1926 firmitatis
367 1893 414 1923 vel
441 1892 576 1923 Laefionis
598 1890 739 1928 celsante,
755 1891 785 1921 in
811 1890 935 1929 proprias
956 1888 1051 1920 Partes
1072 1887 1234 1918 Recedere:
1252 1887 1281 1917 1-

207 1934 336 1972 demque
351 1931 483 1962 Infirmus
502 1932 549 1961 seu
567 1930 676 1969 Ltesus,
692 1929 799 1960 Infirmi
818 1929 864 1960 seu
884 1927 974 1965 Laefi,
993 1927 1032 1958 fic
1057 1926 1205 1958 Recedere
1229 1925 1280 1957 de-

207 1973 290 2004 bebit
307 1974 339 2003 &
355 1971 451 2001 debeb
459 1978 502 2000 int
515 1969 617 2007 absque
635 1968 848 2006 [mpedimento
861 1966 906 1997 vel
921 1965 1082 1997 Obstaculo
1106 1974 1282 2004 quocunque

208 2012 259 2042 sibi
278 2020 326 2048 per
339 2010 462 2047 aliquem
478 2009 664 2038 Subditorum
681 2008 726 2038 vel
744 2007 900 2044 Ligeorum
917 2005 1062 2043 utriusque
1072 2004 1194 2042 Regum
1207 2014 1282 2042 quo—

206 2050 369 2081 modolibet
389 2047 542 2083 farciendis,
563 2046 602 2077 Ita
626 2056 722 2077 tamen
745 2045 826 2084 quod
849 2046 962 2075 interim
985 2043 1073 2074 nichil
1087 2043 1282 2081 Praejudiciale

208 2098 309 2120 contra
325 2089 443 2118 alterurn
462 2086 625 2122 Principem
636 2108 645 2123 ,
663 2086 799 2124 Regnum
810 2107 818 2121 ,
835 2083 881 2115 seu
899 2084 1003 2122 Ligeos
1018 2081 1142 2121 ejusdem
1159 2091 1281 2121 attemp-

209 2137 250 2160 tet
268 2127 313 2157 vel
330 2133 518 2162 atteinptent,
538 2125 633 2155 fierive
653 2133 786 2161 procuret
805 2123 849 2154 seu
866 2130 1027 2159 procurent.

249 2166 451 2196 palmensi
472 2187 482 2201 ,
510 2163 690 2194 Conclusum
706 2162 747 2192 est
763 2161 860 2201 quod,
877 2161 897 2190 si
910 2161 1013 2192 eisdem
1028 2159 1207 2191 Guerrarum
1221 2159 1283 2190 Ab·

208 2204 348 2235 stinenziis
362 2203 544 2240 durantibus,
564 2203 712 2240 contigerit
725 2202 848 2239 aliquem
867 2210 927 2230 non
942 2199 1096 2230 Subditum
1111 2198 1158 2230 vel
1172 2200 1283 2236 aliquos

209 2254 268 2274 non
295 2243 431 2273 Subditus
451 2242 593 2278 utriusque
614 2240 758 2278 Principis
781 2240 899 2270 Navem
919 2239 965 2270 vel
989 2238 1107 2275 Naves,
1124 2238 1281 2269 Personam

208 2284 254 2313 vel
271 2282 422 2318 Personas,
443 2280 516 2319 Res,
537 2279 746 2317 Mercandisas,
757 2288 803 2309 aut
819 2277 896 2308 Bona
913 2286 1093 2316 quecunque
1107 2277 1223 2315 alicujus
1235 2277 1282 2309 vel

207 2321 370 2359 aliquorum
393 2319 509 2350 subditi
533 2319 578 2349 vel
606 2318 794 2349 Subditorum
818 2318 925 2347 alterius
951 2316 1090 2354 Principis
1109 2325 1228 2355 capere,
1247 2317 1281 2348 δε

209 2370 254 2390 eas
277 2361 320 2391 vel
341 2370 372 2390 ea
393 2360 423 2388 in
441 2358 565 2396 aliquem
592 2357 708 2388 Locum
731 2357 776 2388 vel
799 2355 922 2386 Portum
941 2356 1016 2386 alteri
1031 2353 1106 2394 Regi
1120 2354 1280 2394 subjeetum

212 2399 374 2437 adducere,
397 2396 473 2428 Non
494 2396 590 2427 licebit
614 2396 664 2436 ipsi
685 2396 780 2434 Regi,
797 2395 843 2425 vel
865 2395 948 2425 alicui
965 2393 1087 2425 Subdito
1109 2392 1167 2425 five
1190 2394 1284 2433 Ligeo

209 2438 262 2468 suo
275 2448 319 2468 eas
336 2437 382 2467 vel
394 2445 444 2473 ea,
462 2435 508 2466 seu
523 2436 644 2474 aliquam
662 2444 773 2473 partem
800 2433 972 2464 eorumdem
996 2432 1120 2470 Emere,
1138 2433 1183 2464 seu
1208 2444 1282 2473 quo-

209 2477 343 2507 vismodo
361 2475 395 2505 ad
412 2475 560 2505 utilitatem
576 2475 652 2504 suam
669 2473 846 2511 Receptare,
861 2472 965 2510 absque
984 2470 1132 2502 Consensu
1155 2472 1214 2510 ejus
1237 2472 1282 2503 vel

209 2525 313 2545 eorum
327 2514 363 2545 ad
380 2522 466 2552 quem
482 2513 528 2543 vel
543 2513 577 2542 ad
594 2523 666 2551 quos
683 2512 761 2543 Bona
776 2512 822 2542 seu
841 2511 900 2541 Res
913 2510 1072 2549 hujusmodi
1092 2518 1157 2541 ante
1179 2521 1281 2542 eorum

213 2554 392 2592 Captionem
409 2553 476 2582 vere
488 2553 680 2589 pertinebant,
698 2560 744 2581 aut
757 2560 858 2581 eorum
876 2549 1047 2579 raetorum:
1068 2548 1107 2579 Et
1124 2549 1144 2579 fi
1167 2549 1283 2580 Merca-

213 2602 260 2625 tor
274 2593 319 2623 vel
335 2592 540 2628 Proprietarius
551 2589 713 2628 Bonorum,
731 2589 776 2621 vel
787 2589 845 2627 ejus
861 2589 884 2618 F
885 2589 965 2619 aetor
978 2597 1037 2617 non
1054 2587 1138 2619 fuerit
1151 2589 1282 2627 praesens,

214 2641 285 2664 tunc
303 2629 423 2661 sufficiet
441 2629 572 2659 Licentia
587 2628 735 2666 Magistri,
756 2627 912 2665 DuC’mris,
928 2627 974 2656 seu
992 2626 1201 2657 Gubernatoris
1218 2627 1283 2658 Na-

213 2672 256 2701 vis
269 2679 334 2700 ante
349 2668 542 2707 captionem,
560 2667 593 2697 &
606 2667 721 2696 aliarum
736 2665 924 2696 Personarum
938 2666 967 2694 in
977 2664 1077 2694 eadem
1092 2664 1284 2701 existentium3

215 2709 312 2747 Quod
326 2708 344 2738 fi
360 2718 409 2746 per
424 2706 548 2743 aliquem
573 2715 675 2735 eorum
697 2705 852 2742 quicquam
875 2705 903 2733 in
924 2704 1098 2733 contrarium
1121 2703 1284 2741 hujusmodi

214 2747 412 2778 Ordinationis
432 2744 543 2775 raecum
559 2766 568 2782 ,
592 2743 639 2774 vel
663 2752 861 2780 attemptatum
884 2742 993 2778 fuerit,
1018 2741 1107 2771 Tunc
1136 2741 1284 2781 Personae,

213 2787 312 2824 Bona,
334 2783 540 2819 Mercandiste,
559 2784 592 2815 &
609 2782 668 2813 Res
683 2792 878 2820 quaecunque,
896 2781 932 2810 fic
958 2779 1070 2817 Emptae
1090 2780 1146 2810 five
1172 2780 1284 2818 Recep-

215 2836 269 2863 με,
288 2824 332 2855 Illi
348 2825 394 2854 vel
411 2823 484 2862 Illis,
502 2822 536 2852 ad
554 2831 642 2860 quem
658 2821 704 2851 vel
716 2821 748 2850 ad
768 2830 839 2859 quos
857 2820 932 2849 bona
949 2818 1110 2857 hujusmodi
1131 2820 1198 2850 vere
1220 2830 1285 2857 per-

215 2866 345 2895 tinebant
357 2886 366 2901 ,
382 2863 470 2900 dolo,
487 2861 597 2898 fraude,
617 2860 731 2890 malove
747 2859 864 2898 Ingenio
880 2858 1047 2889 celiantibus
1063 2857 1286 2897 quibuscunque,

218 2903 389 2940 integraliter
405 2901 600 2931 Rei'tituentur
614 2909 664 2937 per
680 2899 716 2929 fic
735 2898 870 2928 Ementes
886 2897 942 2927 sive
958 2896 1157 2934 Recipientes,
1171 2906 1206 2926 co
1221 2907 1287 2927 mo-

217 2943 256 2973 do
282 2951 342 2980 quo
362 2939 487 2971 Restitui
509 2939 631 2975 debent,
651 2937 670 2968 fi
692 2947 707 2966 a
730 2938 854 2968 Subditis
869 2936 939 2966 illius
955 2934 1045 2974 Regis
1062 2934 1155 2972 Capta
1172 2935 1287 2967 fuissent

216 2983 246 3012 iu
269 2982 348 3019 cujus
366 2979 477 3016 Regno
500 2977 559 3008 Res
579 2976 739 3015 hujusmodi
762 2975 878 3013 Emptae
901 2983 998 3004 erant:
1019 2972 1056 3004 Et
1069 2973 1288 3005 Nichilominus

217 3021 255 3051 fic
277 3027 448 3057 attemptans
467 3026 605 3054 tanquam
632 3015 762 3046 violator
788 3015 888 3044 harum
907 3012 1148 3043 Abstinentiarum
1163 3012 1290 3044 Guerra-

218 3068 284 3089 rum
298 3067 350 3095 pro
363 3057 453 3088 modo
469 3056 502 3085 &
518 3055 647 3091 qualitate
661 3053 799 3084 Criminis
816 3052 960 3083 Punietur.

257 3097 302 3127 [τ
315 3105 334 3126 E
345 3105 371 3127 M
382 3119 391 3134 ,
411 3093 592 3125 Conclusuni
614 3093 655 3122 est
670 3091 750 3128 quod
761 3114 770 3129 ,
791 3091 808 3120 li
825 3091 989 3121 durantibus
1005 3089 1146 3129 praedietis
1161 3089 1288 3122 Guerra-

220 3146 285 3166 rum
302 3134 489 3166 Abstinentiis
505 3133 651 3170 contingat
666 3130 788 3168 aliquam
806 3129 926 3160 Navem
939 3130 1050 3160 alterius
1066 3128 1195 3159 Partium
1214 3139 1288 3167 prae-

220 3176 362 3204 distarum
379 3172 569 3210 Naufragium
586 3171 641 3206 pati
658 3178 706 3199 aut
722 3167 851 3206 Rumpi,
871 3169 903 3198 δε
917 3168 1008 3206 aliqua
1029 3167 1218 3198 Personarum
1232 3169 1290 3199 exi—

223 3213 357 3243 stentium
380 3213 410 3243 in
437 3210 518 3241 Navi
542 3209 578 3239 fic
600 3207 794 3246 Naufragium
819 3207 893 3244 pass-Li
915 3208 960 3237 vel
978 3205 1075 3244 Rupta
1088 3206 1232 3243 Superstes
1245 3217 1289 3237 re-

223 3253 372 3289 manserit,
393 3249 564 3281 cessantibus
582 3247 610 3276 in
624 3246 658 3277 ea
681 3255 757 3283 parte
781 3245 868 3282 dolo,
886 3245 996 3282 fraude,
1015 3246 1048 3276 ὃ(
1072 3245 1149 3275 malo
1170 3246 1288 3283 ingenio

224 3290 458 3328 quibuscunque,
485 3285 690 3322 Mercandisae,
717 3284 812 3320 Boua,
834 3286 867 3315 &
886 3284 944 3314 Re>-
963 3292 1143 3321 quaecunque
1167 3293 1232 3321 quae
1254 3285 1291 3314 de

226 3328 304 3359 dieta
319 3328 408 3358 Nave
422 3325 554 3364 projecta
572 3324 633 3354 sunt
645 3347 654 3362 ,
673 3331 707 3353 ex
724 3322 824 3353 eadem
839 3321 988 3359 Extrad‘h,
1008 3322 1053 3351 vel
1073 3322 1101 3350 in
1118 3320 1195 3351 Mari
1217 3321 1292 3353 Col-

228 3366 318 3405 lech,
335 3366 381 3396 seu
395 3365 429 3396 ad
442 3365 566 3395 Terram
578 3363 736 3399 venientia,
755 3361 799 3390 seu
816 3361 879 3390 ali-*is
895 3359 1086 3397 quovismodo
1104 3359 1173 3389 fiilva
1193 3361 1227 3391 δε
1243 3360 1293 3391 sal-

228 3414 311 3443 vata,
328 3413 376 3442 per
392 3414 441 3434 eos
456 3404 490 3434 ad
507 3411 631 3441 quorum
647 3411 744 3431 manus
761 3400 837 3436 Res,
857 3397 1043 3428 Mercandisae
1054 3421 1063 3436 ,
1083 3399 1116 3428 &
1141 3397 1220 3428 Bona
1239 3399 1292 3428 hu-

225 3443 352 3483 jusmodi
371 3442 546 3472 devenerunt
567 3441 721 3470 nullatenus
745 3437 926 3476 dissipentur,
943 3437 1151 3473 diminuantur,
1170 3437 1293 3466 alienen-

229 3492 294 3519 tur,
312 3480 488 3518 dividantur,
505 3491 558 3510 nec
573 3480 674 3516 quovis
694 3478 784 3507 modo
800 3477 1007 3513 lubtrahantur,
1023 3485 1070 3506 aut
1090 3475 1294 3513 concelentur3

233 3521 284 3552 Set
299 3522 403 3558 integra
417 3519 473 3549 sine
488 3518 688 3549 Diminutione
705 3525 875 3554 quacunque
888 3513 1080 3544 Gubernatori
1095 3513 1166 3544 illius
1182 3512 1291 3543 Domi-

232 3561 275 3589 nii
299 3560 356 3589 sive
381 3557 473 3595 Loci,
491 3559 520 3587 in
541 3556 618 3594 quod
640 3556 687 3585 vel
711 3556 738 3584 in
753 3564 839 3592 quem
855 3553 929 3583 dista
947 3551 1026 3583 Bona
1039 3552 1231 3589 devenerunt,
1248 3552 1294 3582 seu

233 3600 292 3636 ejus
315 3598 461 3634 Deputato
472 3618 481 3633 ,
499 3595 615 3626 fideliter
632 3595 665 3625 &
684 3593 741 3624 sinc
756 3593 850 3623 fraude
864 3592 1052 3622 deliberentur
1074 3598 1159 3628 atque
1184 3590 1295 3620 tradan-

235 3645 282 3667 tur
296 3636 332 3667 ad
349 3635 444 3665 Usum
460 3635 492 3664 ὃ(
509 3634 673 3664 Utilitatem
697 3632 771 3662 Illius
796 3631 842 3661 vel
859 3630 998 3667 Illorum,
1015 3629 1050 3659 ad
1070 3629 1171 3667 Quem
1192 3629 1238 3659 vel
1259 3629 1294 3659 ad

239 3676 325 3714 Qios
344 3674 424 3706 Bona
443 3674 514 3712 ipsa,
532 3674 571 3702 rei
593 3673 709 3702 veritate
730 3669 871 3708 inspeeta,
891 3669 1029 3707 pertinere
1051 3673 1206 3698 nolcuntur
1226 3677 1298 3698 con·

236 3715 388 3750 servanda,
407 3711 466 3742 Cui
485 3710 531 3742 vel
555 3711 670 3746 Quibus
689 3709 759 3738 infra
778 3709 905 3745 Spatium
929 3709 1011 3738 unius
1024 3705 1104 3736 Anni
1111 3729 1121 3745 ,
1136 3716 1152 3735 a
1167 3714 1298 3744 ternpore

238 3754 347 3782 noritiae
369 3749 522 3790 Naufragii
543 3750 589 3778 vel
610 3748 746 3785 Rupturae
771 3747 865 3777 Navis
886 3744 1098 3783 Computandi,
1126 3744 1222 3775 licebit
1245 3754 1299 3781 pro

240 3789 471 3828 Recuperatione
495 3789 528 3820 δε
555 3785 746 3816 Restitutiorie
766 3784 896 3822 Rerum,
916 3783 1177 3821 Mercandisarum,
1195 3784 1228 3814 &
1244 3782 1302 3812 Bo—

241 3838 346 3858 norum
363 3827 522 3862 huiusmodi
536 3824 670 3861 Prosequi
686 3833 783 3852 coram
796 3823 899 3861 Judice
915 3825 943 3853 in
958 3823 991 3854 ea
1005 3830 1081 3861 parte
1103 3829 1299 3860 competente:

244 3865 303 3896 Cui
324 3867 370 3897 vel
390 3867 504 3905 Qiibus
525 3865 560 3894 fic
582 3861 757 3901 prosequenti
779 3861 825 3891 vel
846 3862 1074 3899 prosequentibus
1087 3882 1096 3898 ,
1124 3860 1172 3891 seu
1198 3869 1299 3899 eorum

244 3903 471 3944 Executoribus‚
490 3904 596 3935 realiter
617 3902 650 3933 ὃς
672 3899 858 3941 effeetualiter
880 3900 966 3938 tradi,
988 3900 1114 3936 liberari,
1140 3899 1174 3929 ὃς
1195 3899 1301 3928 restitui

245 3942 371 3980 debent,
389 3944 492 3973 Solutis
517 3950 609 3972 tamen
630 3941 663 3972 ὃς
685 3937 797 3968 Refulis
823 3936 956 3974 Expensis
977 3939 1010 3970 δε
1033 3937 1196 3976 sumptibus
1216 3938 1303 3966 ratio-

246 3979 385 4009 nabilibus
400 4004 409 4018 ,
441 3981 519 4011 saetis
550 3982 627 4010 circa
649 3977 864 4008 Colleetionem
884 3977 917 4006 &
940 3977 1132 4007 Salvationem
1153 3975 1300 4005 Bonorum

245 4017 418 4054 eorundem,
438 4014 555 4048 Proviso
574 4018 681 4054 semper
695 4015 775 4052 quod
792 4011 912 4045 Persona
931 4016 974 4046 vel
996 4014 1142 4053 Personae,
1159 4012 1304 4051 Superstes

242 4056 292 4089 vel
312 4055 478 4093 Superstites
500 4066 533 4086 ex
556 4056 656 4086 eadem
681 4054 770 4086 Nave
789 4053 824 4085 ad
837 4053 960 4085 Terram
976 4055 1136 4091 venientes,
1153 4053 1187 4083 ad
1209 4051 1302 4084 statim

689 128 1931 198 CONVENTIONEQLITERAQ

1327 221 1406 264 juxta
1421 217 1559 251 effeetum
1577 220 1611 251 &
1626 218 1778 249 Tenorem
1793 217 1980 250 Praesentium
1995 217 2239 255 Abstinentiarum
2252 224 2340 258 libere
2359 227 2403 259 di-
2415 223 2491 256 Ann-
2500 222 2540 261 U.

1369 297 1461 328 ITEM
1471 322 1481 337 ,
1499 295 1680 327 Conclusum
1695 294 1736 326 est
1752 295 1852 334 quod,
1868 295 1904 332 fi,
1922 295 2006 327 dietis
2021 296 2197 332 Guerrarum
2213 301 2399 338 Abstinentiis
2413 266 2522 341 liti-2535

1331 268 1488 290 mittantur.

1330 337 1511 375 durantibus,
1529 336 1621 373 aliqua
1643 334 1741 365 Navis
1763 335 1846 364 unius
1871 333 1959 364 Partis
1969 335 2015 365 vel
2026 336 2152 377 alterius,
2171 340 2300 374 Personis
2334 345 2396 377 Re-

1331 375 1400 414 buS‚
1419 375 1623 412 Mercandisis,
1642 383 1689 405 aut
1710 371 1795 403 Bonis
1822 371 1952 410 Onusta,
1978 373 2034 404 five
2054 374 2166 416 Rupta,
2189 380 2246 412 five
2266 369 2320 422 pro
2341 386 2393 416 Vi—

1330 415 1468 446 &ualjbus
1480 415 1517 445 de
1531 412 1756 444 Neceffitatibus
1770 413 1809 442 eis
1823 412 1854 441 in
1876 409 1960 441 Mare
1979 411 2238 451 supervenientibus
2255 422 2396 457 Emendis

1328 455 1496 492 applicuerit
1512 455 1541 483 in
1553 453 1676 490 aliquem
1692 451 1814 481 Portum
1828 451 1873 481 vel
1885 450 2002 481 Locum
2022 452 2108 484 alium
2132 456 2244 496 alicujus
2264 462 2393 494 Partium

1329 493 1530 530 praedi&arum
1540 515 1549 530 ,
1565 501 1617 529 pro
1630 491 1686 529 qua
1700 490 1873 520 Refeeirone
1890 488 2009 520 Navem
2022 491 2110 529 ipsam
2121 514 2133 530 2
2149 493 2282 530 Personas
2309 502 2394 534 Mer-

1329 541 1377 561 ces
1386 554 1396 569 ,
1411 532 1487 569 Res,
1504 533 1537 562 &
1552 530 1630 561 Bona
1644 538 1780 560 contenta
1794 531 1822 560 in
1838 528 1940 559 eidem
1953 539 2085 567 oporteat
2099 532 2133 562 ad
2140 532 2261 567 Terram
2275 524 2388 579 d’epon'·

1330 568 1425 606 Quod
1440 571 1468 599 in
1483 570 1543 600 hoc
1557 568 1632 599 Casu
1646 568 1794 605 Personae,
1816 568 1948 606 Messe&
1968 569 2046 607 Res’
2065 571 2100 602 ἃ
2114 570 2195 603 Bona
2207 574 2263 613 ipa
2276 577 2314 608 fic
2330 553 2392 611 Del:

1329 608 1417 645 posita
1428 608 1533 645 absque
1550 606 1767 654 [mpedimento
1781 607 1888 651 &nline
1908 607 2058 651 Solutione
2077 607 2228 642 Custumae
2248 614 2279 644 in
2299 617 2319 636 ⁸
2345 618 2392 650 ea-
2409 621 2423 636 ⁶
2445 621 2502 650 ΧΠ

1328 646 1395 676 dem
1414 646 1520 685 Nave,
1539 656 1610 676 cum
1623 645 1742 676 Refecta
1757 646 1856 684 fuerit,
1874 646 1962 677 veliti
1988 647 2071 678 aliam
2095 658 2271 686 reponantur
2306 654 2340 685 δε
2361 657 2393 688 li.
2410 659 2476 690 288.
2506 645 2512 651 ’

1329 685 1400 728 δεῖτὸ.
1421 685 1618 723 abducantur,
1643 683 1764 715 Proviso
1782 693 1880 714 tamen
1901 684 1983 723 quod
2006 696 2059 724 pro
2080 685 2248 729 Mercibus,
2276 677 2377 726 Rebus

1328 722 1432 760 Bonis,
1451 725 1484 756 &
1503 723 1706 759 Mercandifis,
1720 722 1827 753 ibidem
1851 733 1905 761 pro
1925 724 2064 756 Emendis
2086 725 2266 759 Vic'tualibus
2285 732 2324 762 eis
2345 719 2397 765 nez

1328 761 1449 792 ceffiriis
1461 772 1515 800 pro
1532 761 1672 792 Numero
1693 761 1879 792 Personarum
1901 761 2050 804 Venditis,
2067 764 2219 798 Custumae
2242 768 2276 800 &
2295 779 2397 804 caetera

1331 800 1456 830 Deveria
1471 802 1500 831 in
1513 799 1547 831 eii
1560 810 1637 838 parre
1651 801 1745 831 debita
1761 799 1880 831 fideliter
1894 802 2094 838 persolvantur.

1352 838 1472 883 vITEM,
1488 838 1668 883 Conclusum
1681 838 1724 883 est
1741 839 1840 877 quod,
1858 839 1894 877 fi,
1914 839 2089 873 Guerrarum
2113 843 2298 877 Abstinentiis
2321 857 2396 885 prae-
2433 839 2440 848 ⁸

1329 876 1411 907 ἀιξὲις
1434 878 1616 915 durantibus,
1633 879 1771 916 aliquibus
1793 877 1980 909 Subditorum
2006 883 2088 912 unius
2110 882 2199 914 Partis
2217 885 2262 915 vel
2281 886 2392 918 alterius

1328 915 1488 947 Contrahat
1510 916 1555 947 vel
1579 917 1674 960 quasi,
1692 915 1851 954 Delinquat
1873 917 1920 948 vel
1942 919 2016 955 quasi
2054 920 2127 952 infra
2144 921 2278 963 Regnum
2315 925 2392 956 Ter-

1327 965 1407 993 ram,
1429 955 1484 986 five
1508 954 1683 986 Dominium
1704 955 1786 985 unius
1809 955 1899 986 Partis
1915 958 1992 993 cuius
2064 960 2193 992 ntrahens
2219 963 2267 994 vel
2287 948 2392 995 belin-

1327 1004 1414 1038 quens
1431 994 1472 1025 est
1485 993 1619 1024 Subditus
1628 1017 1637 1032 ‚
1655 994 1689 1025 ὅ(
1701 1003 1806 1024 extunc
1820 994 1901 1024 causa
1912 996 2035 1027 evitandi
2045 995 2189 1035 Justitiam
2204 1000 2230 1031 se
2250 1002 2391 1034 subtraxe-

1327 1043 1379 1070 rit,
1398 1034 1429 1064 δε
1447 1033 1580 1071 effugerit
1593 1034 1623 1063 in
1642 1032 1757 1063 Locum
1773 1042 1977 1071 quemcunque
1989 1034 2133 1067 subditum
2157 1038 2215 1069 five
2232 1039 2392 1077 subjeetum

1326 1072 1402 1102 alteri
1424 1082 1457 1102 ex
1479 1073 1583 1103 eisdem
1602 1072 1725 1110 partibus
1748 1073 1850 1110 quibus
1870 1071 2006 1103 Subditus
2026 1083 2086 1105 non
2107 1077 2232 1108 exnterat
2269 1080 2304 1110 &
2323 1081 2391 1112 illuc

1325 1110 1455 1142 deveniat
1468 1111 1572 1142 Homo
1589 1111 1695 1149 Ligeus
1711 1110 1783 1141 illius
1799 1110 1904 1149 Partis,
1921 1111 1957 1142 N
1960 1112 2142 1145 ichilominus
2157 1101 2344 1154 comp’elletur
2357 1119 2394 1151 ad

1328 1148 1545 1181 Reverrendum
1564 1174 1573 1188 ,
1595 1151 1629 1181 &
1653 1149 1887 1181 Satisfaciendum
1900 1172 1911 1188 ,
1937 1160 1971 1181 ac
1989 1151 2177 1183 Subeundum
2195 1154 2337 1193 Justitiam
2355 1159 2394 1190 de

1328 1187 1442 1233 Debito
1458 1189 1515 1220 five
1531 1189 1652 1220 DeliCto
1664 1189 1714 1220 suo
1729 1188 1893 1227 hujusmodi
1906 1198 2006 1220 coram
2022 1189 2278 1225 Conservatoribus
2296 1195 2392 1228 Absti-

1326 1237 1486 1258 nentiarum
1509 1228 1652 1266 utriusque
1672 1227 1780 1265 Partis,
1798 1227 1857 1258 five
1882 1237 1984 1259 eorum
2010 1228 2177 1270 Deputatis,
2196 1231 2267 1263 ficut
2281 1233 2394 1268 Satisfa-

1325 1266 1421 1296 &urus
1441 1268 1474 1297 ὃς
1498 1267 1667 1297 Subditurus
1686 1266 1781 1297 fuisset
1804 1266 1822 1296 fi
1843 1267 2032 1304 permansisset
2044 1269 2095 1300 sub
2109 1269 2179 1301 Fide
2194 1270 2226 1301 &
2243 1271 2393 1311 Ligmnua

1326 1305 1407 1342 ipsius
1424 1304 1514 1336 Partis
1530 1306 1611 1344 cujus
1623 1305 1748 1336 Terram
1763 1305 1797 1335 &
1815 1304 1990 1336 Dominium
2003 1305 2121 1347 effugit,
2140 1309 2169 1339 Si
2187 1312 2259 1341 vero
2284 1313 2312 1341 in
2335 1311 2393 1344 sola

1326 1343 1407 1381 Fuga
1422 1344 1589 1382 perstiterit,
1607 1354 1662 1375 nec
1678 1344 1824 1375 devenerit
1837 1343 1944 1375 Homo
1960 1344 1994 1375 Li
2016 1356 2064 1377 eus
2081 1347 2152 1378 illius
2169 1347 2260 1380 Partis
2273 1351 2303 1380 in
2313 1352 2393 1390 cujus

1325 1382 1449 1414 Terram
1468 1383 1589 1421 effugit,
1610 1382 1657 1414 Eo
1672 1381 1747 1414 Casu
1765 1382 1942 1414 Remittetur
1955 1384 1988 1414 &
2034 1384 2180 1417 estituetur
2199 1388 2226 1418 ei
2251 1387 2328 1419 Parti
2343 1400 2395 1420 cu-

1320 1422 1367 1460 jus
1381 1421 1532 1492 [gig-ensi&
1545 1422 1681 1453 Subditus
1697 1421 1806 1461 fuerat,
1824 1421 1999 1460 proJustitia
2015 1423 2051 1455 de
2065 1434 2103 1456 eo
2117 1434 2202 1464 prout
2217 1425 2271 1458 fibi
2282 1428 2396 1460 videbi-

1325 1470 1370 1491 tur
1412 1471 1474 1492 cien
1497 1473 1520 1493 a.

1362 1498 1376 1529 Ι
1386 1508 1437 1530 TE
1448 1509 1492 1539 M,
1512 1499 1690 1532 Conclusum
1713 1498 1755 1530 est
1773 1499 1873 1538 quod,
1891 1499 2057 1532 durantibus
2067 1501 2250 1540 praesentibus
2267 1504 2396 1538 Guerra-

1323 1547 1387 1568 rum
1404 1538 1611 1578 Abstinentiis,
1627 1548 1687 1570 non
1702 1537 1918 1576 Admittentur,
1934 1549 1989 1570 nec
2006 1539 2194 1579 Recipientur
2213 1542 2294 1581 super
2317 1541 2395 1576 Affiss

1323 1575 1381 1607 sam
1416 1586 1463 1608 aut
1479 1578 1513 1608 ad
1531 1577 1739 1616 perhibendum
1754 1575 1970 1608 Testimonium
1984 1577 2119 1611 Personae
2131 1579 2255 1612 Infamee
2286 1580 2395 1614 Rebeiss

1324 1600 1526 1656 les,Fugitivi,
1545 1616 1709 1647 Proditores
1723 1616 1804 1646 unius
1820 1614 1908 1646 Partis
1924 1616 1970 1646 vel
1984 1617 2109 1657 alterius,
2127 1629 2174 1651 aut
2187 1605 2328 1652 Coni'sieti
2343 1632 2394 1660 pet

1321 1654 1461 1724 l1¹}ffissam3
1479 1655 1518 1687 set
1529 1655 1620 1695 Boni,
1639 1654 1766 1693 Fideles,
1781 1653 1876 1693 Justi,
1894 1653 1964 1685 Fide
1987 1655 2084 1697 digni,
2103 1658 2137 1689 &
2163 1669 2226 1690 non
2249 1659 2395 1699 Suspectae

1348 1704 1377 1724 er
1388 1704 1464 1726 onae.

1362 1732 1468 1772 ITEM,
1486 1731 1664 1764 Conclusum
1678 1731 1722 1762 est
1736 1730 1834 1770 quod,
1852 1731 2016 1763 durantibus
2030 1731 2209 1766 Guerrarum
2234 1735 2394 1770 Abstinen-

1324 1769 2394 1842 iiigsssgffdifffiir}023¹¹i⁵÷3¹12³i¹isp³3x¹s⁵arvrss¹nfaie‘i‘ifoic‘ig‘egssffifnfm²

1326 1835 1445 1888 cunque²
1457 1849 1573 1887 alicujus
1589 1834 1702 1879 S'ubdiri
1717 1831 1830 1879 alte'rius
1843 1847 1951 1888 Partis,
1967 1832 2050 1880 ciusa
2077 1822 2380 1890 venandi,¹P¹ii‘cr?ii¹‹iaei

1325 1888 1515 1928 Aucupandi,
1536 1887 1707 1923 Disportum
1720 1895 1766 1918 aut
1783 1886 1922 1917 Solatium
1945 1889 1975 1919 in
1994 1887 2098 1919 eisdem
2121 1889 2288 1929 exercendi,
2304 1877 2394 1924 aliave

1325 1937 1496 1967 quacunque
1518 1926 1554 1957 de
1577 1925 1691 1966 Causa,
1707 1926 1811 1964 absque
1834 1925 1966 1958 Licentia
1990 1928 2048 1967 ejus
2061 1926 2108 1958 vel
2122 1937 2224 1959 eorum
2245 1929 2281 1960 ad
2303 1940 2393 1968 quem

1326 1965 1370 1996 seu
1387 1966 1422 1996 ad
1438 1975 1509 2005 quos
1528 1965 1626 1996 Locus
1641 1964 1688 1995 seu
1705 1964 1786 1995 Loca
1804 1964 1862 2002 ipsa
1883 1967 2002 2003 pertinet
2019 1965 2066 1996 seu
2087 1968 2245 2004 pertinent,
2262 1977 2311 1999 aut
2331 1970 2395 2001 De-

1325 2006 1414 2043 putati
1427 2004 1484 2044 sui,
1502 2004 1588 2042 petita
1604 2003 1733 2042 primitus
1746 2004 1779 2034 &
1792 2003 1920 2034 obtenta.
1959 2004 1998 2036 Et
2015 2004 2035 2035 fi
2057 2006 2205 2046 contingat
2227 2005 2330 2038 Bestias
2347 2009 2395 2040 seu

1325 2043 1455 2075 animalia
1467 2044 1581 2081 alicujus
1595 2042 1709 2074 Subditi
1722 2042 1833 2074 alterius
1852 2041 1981 2074 Partium
2002 2043 2221 2083 praedifiiarum,
2241 2045 2396 2086 Fundurn,

1326 2083 1355 2114 A
1389 2093 1458 2121 um,
1476 2082 1616 2113 Solumve
1628 2081 1741 2112 Subditi
1755 2082 1867 2112 alterius
1880 2080 1970 2114 Partis
1981 2083 2107 2122 ingredi,
2125 2084 2159 2114 &
2184 2083 2321 2116 Granum
2347 2090 2396 2117 aut

1326 2092 1458 2152 sffeibam
1476 2121 1585 2152 ibidem
1601 2119 1773 2152 crescentem
1789 2119 1952 2160 depascere,
1970 2121 2062 2152 aliove
2077 2122 2169 2154 modo
2187 2122 2227 2153 illi
2252 2124 2331 2161 cujus
2351 2123 2400 2155 est·

1325 2161 1427 2192 Solum
1445 2159 1580 2199 Injuriam
1596 2160 1642 2190 seu
1654 2159 1808 2191 Damnum
1823 2159 1944 2199 inferre;
1963 2160 2044 2199 quod
2065 2161 2107 2191 ob
2123 2162 2182 2192 hoc
2205 2170 2304 2192 neutra
2324 2163 2395 2194 Par-

1324 2201 1397 2231 tium
1413 2199 1575 2238 hujusmodi
1591 2197 1744 2229 Damnum
1762 2198 1819 2230 five
1834 2196 1969 2234 Iniuriam
1991 2199 2041 2230 libi
2064 2199 2170 2231 factam
2193 2200 2308 2238 propria
2330 2201 2395 2232 Au÷

1325 2239 1460 2269 &oritate
1486 2237 1648 2268 ulciscatur:
1669 2237 1718 2268 Set
1739 2237 1807 2268 illud
1831 2236 2023 2269 Malefaetum
2041 2237 2202 2270 secundum
2225 2239 2334 2279 Legem
2359 2241 2394 2272 ὃς

1326 2276 1591 2315 Consuetudinem,
1610 2276 1788 2307 observatam
1804 2277 1832 2306 in
1849 2275 1979 2307 Partibus
1992 2277 2041 2307 ubi
2056 2275 2207 2308 Damnum
2232 2278 2266 2309 δι’.
2289 2277 2394 2317 Irijuria

1323 2317 1388 2348 talia
1402 2316 1474 2346 faeta
1487 2316 1568 2354 sunt,
1588 2314 1772 2345 effestualiter
1790 2314 1987 2345 emendabitur
1999 2324 2030 2346 ut
2046 2314 2089 2345 est
2101 2315 2221 2355 justum.

1362 2355 1470 2392 ITEM,
1484 2364 1516 2385 ut
1534 2353 1710 2385 Guerrarum
1726 2353 1917 2385 Abstinentiae
1930 2353 2093 2392 supradietae
2109 2365 2146 2385 eo
2168 2353 2279 2386 firmius
2295 2355 2394 2388 obser-

1325 2402 1447 2432 ventur,
1463 2402 1524 2431 quo
1549 2393 1666 2424 cuilibet
1689 2402 1722 2423 ex
1746 2392 1873 2423 Subditis
1895 2392 2022 2424 Partium
2037 2393 2238 2432 praedistarum
2252 2393 2394 2434 Conque÷

1326 2434 1397 2464 renti
1421 2433 1534 2464 liberior
1554 2439 1682 2472 appaer
1702 2431 1817 2463 facultas
1838 2430 1980 2471 Justitiam
1996 2432 2199 2471 prosequendi,
2215 2431 2392 2464 Ordinatum

1325 2472 1359 2502 &
1380 2471 1602 2502 Concordatuni
1621 2469 1681 2509 est,
1699 2471 1781 2508 quod
1798 2470 1825 2510 ‚si
1851 2471 1913 2509 quis
1929 2479 1963 2501 ex
1987 2470 2113 2502 Subditis
2134 2471 2246 2502 alterius
2262 2471 2393 2503 Partium

1324 2511 1525 2549 praedictarum
1543 2510 1697 2548 quicquam
1711 2509 1902 2548 Depraedatus
1917 2509 2001 2540 fuerit
2013 2510 2060 2540 seu
2076 2509 2298 2547 Attemptaverit
2320 2511 2393 2542 infrt

1326 2549 1488 2580 Marchiam
1510 2558 1557 2580 aut
1578 2547 1703 2579 Terram
1727 2548 1836 2578 alterius
1855 2547 1959 2585 Partis,
1988 2548 2023 2578 &
2043 2547 2109 2586 post
2133 2547 2392 2585 Depraedationem

1323 2587 1483 2626 hujusmodi
1499 2587 1544 2617 seu
1561 2595 1760 2624 attemptatum
1782 2585 1923 2622 fugiendo
1945 2595 2098 2617 revertatur
2119 2586 2154 2617 ad
2176 2585 2324 2619 Marchias
2346 2596 2395 2620 aut

1324 2628 1446 2657 Terram
1458 2626 1530 2656 illius
1542 2624 1630 2655 Partis
1646 2625 1695 2656 cui
1714 2624 1755 2655 est
1773 2624 1924 2662 Subditus,
1942 2625 2039 2656 licebit
2061 2624 2106 2655 Illi
2125 2634 2226 2656 contra
2247 2636 2337 2665 quem
2354 2627 2393 2658 sic

1322 2675 1408 2696 artem
1431 2665 1531 2694 taverit
1552 2665 1582 2693 in
1596 2662 1719 2694 Recenti
1735 2663 1781 2693 vel
1802 2663 1872 2693 infra
1889 2662 1944 2694 Sex
1964 2664 2022 2694 dies
2045 2663 2256 2702 computandos
2279 2676 2295 2697 a
2317 2673 2393 2696 tem-

1323 2714 1394 2742 pore
1445 2703 1520 2733 elic'ti
1541 2702 1579 2732 fic
1598 2703 1756 2739 attemptari
1774 2701 1830 2732 five
1851 2701 1995 2732 commiffi
2011 2725 2022 2740 ,
2045 2702 2225 2734 Auctoritate
2249 2703 2392 2742 praesentis

1324 2742 1538 2778 Ordinationis,
1567 2740 1671 2779 absque
1694 2741 1752 2771 aliis
1775 2740 1888 2771 Litteris
1907 2741 1945 2771 de
1965 2741 2052 2771 Salvo
2074 2740 2235 2773 Condue‘tu
2257 2741 2396 2781 Prosequi

1322 2781 1403 2812 illum
1426 2778 1664 2816 Malefae'torem,
1683 2779 1718 2810 ὃ(
1738 2779 1828 2816 ipsum
1851 2779 1888 2810 fic
1911 2780 2110 2818 prosequendo
2135 2782 2238 2812 intrare
2260 2780 2338 2812 salvo
2359 2782 2394 2813 δε

1325 2820 1422 2850 secure
1438 2817 1579 2848 Marchias
1591 2818 1648 2848 five
1663 2817 1787 2849 Terram
1803 2819 1831 2848 in
1846 2828 1932 2856 quam
1949 2818 2027 2850 idem
2044 2818 2218 2851 Maiefaetor
2240 2819 2269 2851 se
2291 2828 2397 2850 contu-

1324 2859 1404 2895 lerit·,
1424 2856 1602 2887 Dummodo
1624 2857 1713 2900 quam
1732 2858 1792 2887 cito
1816 2857 1977 2895 hujusmodi
1998 2856 2160 2889 Marchiam
2182 2858 2236 2889 hac
2249 2857 2286 2888 de
2300 2856 2395 2888 Causa

1327 2898 1486 2932 intraverit,
1505 2895 1584 2926 adeat
1595 2895 1717 2933 ahquem
1736 2895 1842 2926 Virum
1857 2895 1946 2926 Bonae
1963 2896 2076 2935 Famae,
2094 2897 2128 2927 &
2144 2895 2300 2934 Opinionis
2319 2893 2395 2926 111ae-

1326 2936 1360 2966 sse
1371 2959 1380 2974 ,
1397 2935 1581 2966 Habitantem
1598 2934 1670 2964 infra
1685 2933 1848 2965 Marchiam
1866 2944 1953 2973 quam
1972 2935 2010 2966 fic
2022 2935 2121 2973 intrat,
2136 2935 2170 2965 &
2184 2932 2278 2964 eidem
2299 2932 2395 2964 decla.-

1328 2983 1369 3005 ret
1389 2973 1512 3005 Causam
1537 2971 1675 3004 Introitfis
1689 2973 1744 3010 sui,
1764 2975 1821 3004 viz.
1838 2973 1872 3004 ad
1888 2972 2124 3011 Prosequendurn
2139 2970 2395 3011 Depraedationem

1328 3014 1421 3051 suam,
1440 3012 1636 3049 describatque
1649 3013 1682 3042 ὃ(
1698 3011 1840 3049 specificet
1853 3011 1933 3042 Idem
1950 3012 2050 3050 quibus
2072 3010 2175 3048 Bonis,
2193 3008 2328 3050 Catallis,
2347 3012 2394 3042 vel

1333 3052 1434 3082 Rebus
1460 3051 1543 3081 fuerit
1563 3050 1737 3088 depraedatus
1753 3075 1763 3087 ,
1787 3051 1834 3081 Ac
1856 3051 1965 3088 insuper
1989 3050 2108 3088 requirat
2129 3047 2254 3079 eundem
2271 3071 2282 3087 ,
2310 3050 2394 3088 quod

1329 3100 1415 3128 quam
1437 3089 1485 3119 diu
1506 3089 1665 3124 huiusmodi
1685 3088 1925 3120 Prosecutionem
1947 3088 2026 3119 suam
2046 3087 2161 3124 fecerit,
2178 3087 2276 3118 secum
2296 3097 2342 3120 eat
2362 3097 2394 3120 ut

1330 3130 1410 3168 super
1433 3128 1524 3158 Faffls
1537 3127 1589 3158 suis
1604 3137 1735 3165 tempore
1748 3128 1834 3158 dietae
1852 3125 2059 3157 Prosecutionis
2123 3124 2165 3155 ffit
2187 3126 2258 3157 cum
2279 3127 2395 3165 requifi-

1329 3178 1373 3200 tus
1395 3167 1477 3198 fuerit
1498 3166 1578 3203 super
1599 3166 1658 3197 hoc
1680 3166 1828 3204 perhibere
1847 3164 2062 3196 Testimonium
2109 3165 2214 3202 eritati2,
2232 3163 2278 3195 vel
2299 3165 2320 3194 fi
2341 3166 2393 3196 fibi

1328 3206 1429 3238 melius
1442 3204 1600 3242 videbitur,
1617 3206 1721 3243 poterit
1737 3205 1808 3235 infra
1823 3204 1915 3235 dictos
1929 3202 1984 3233 Sex
1999 3202 2069 3232 Dies
2083 3203 2158 3234 adire
2173 3211 2264 3233 unum
2276 3202 2312 3233 de
2321 3203 2396 3234 Gar-

1328 3243 1545 3312 dianisdalterius
1562 3242 1665 3282 Partis,
1685 3242 1730 3274 vel
1753 3244 1810 3281 ejus
1831 3242 2027 3280 Deputatum,
2043 3251 2096 3279 pro
2117 3240 2163 3272 sua
2173 3240 2287 3280 Justitifi
2300 3242 2396 3282 prose-

1350 3293 1405 3314 uen
1427 3293 1452 3312 a.

1330 3295 1349 3324 q
1367 3321 1459 3352 ITi-:M
1468 3318 1567 3359 ,quod
1578 3320 1638 3349 tam
1652 3317 1908 3349 Excellentiffimus
1920 3321 2055 3348 Scotorum
2071 3318 2236 3355 Rex,quam
2249 3317 2398 3350 Illustriffi-

1333 3370 1396 3390 mus
1409 3359 1546 3396 Princeps
1564 3360 1624 3386 Rex
1638 3357 1769 3396 Angliae,
1787 3358 1843 3394 ejus
1859 3357 2091 3395 Consanguineus
2106 3358 2181 3387 bene
2197 3357 2397 3398 considerant,

1333 3400 1366 3428 &
1382 3397 1577 3435 perpendunt,
1596 3396 1676 3433 quod
1696 3395 1748 3425 nifi
1763 3395 1898 3433 praedffia
1912 3397 2010 3426 omnia
2023 3396 2099 3425 bene
2114 3396 2319 3427 conserventur
2334 3395 2398 3428 effi-

1333 3438 1436 3466 caciter
1456 3436 1489 3465 &
1514 3435 1612 3464 votive
1631 3435 1707 3470 juxta
1729 3443 1831 3464 eorum
1855 3433 1988 3464 desideria
2011 3443 2061 3471 per
2075 3443 2208 3473 maguam
2224 3436 2258 3466 &
2272 3435 2399 3466 debitam

1333 3474 1505 3512 diligentiam
1526 3471 1743 3515 Officiariorum
1766 3473 1796 3502 in
1820 3471 1973 3503 Puniendo
1997 3472 2227 3511 Transgressores
2258 3474 2399 3512 quossibet

1334 3522 1389 3550 pro
1412 3511 1542 3550 qualitate
1566 3509 1767 3548 Delistorum,
1786 3512 1932 3549 contigere
1955 3511 2058 3548 poterit
2073 3512 2143 3542 infra
2159 3512 2263 3549 breve,
2282 3520 2398 3551 propter

1334 3551 1511 3581 insolentiam
1525 3550 1558 3579 &
1572 3547 1775 3579 ineffraenatam
1793 3548 2012 3581 Multitudinem
2033 3549 2274 3589 Delinquentiutn
2295 3550 2399 3589 praedi-

1336 3590 1395 3620 (stas
1410 3586 1588 3618 abstinentias
1601 3587 1791 3625 multipliciter
1807 3587 1827 3606 ¹²
1844 3588 1958 3632 violari,
1996 3588 2055 3619 uod
2077 3589 2163 3627 abfit3
2183 3589 2296 3620 Idcirco
2315 3587 2398 3618 Con-
2412 3597 2431 3617 *
2452 3599 2520 3629 xm

1335 3627 1442 3658 clusum
1459 3625 1500 3656 est
1511 3648 1521 3664 ,
1539 3626 1618 3664 quod
1633 3626 1862 3663 quandocunque
1875 3628 1972 3666 aliquis
2018 3637 2104 3667 egum
2119 3627 2324 3664 praeditstorum
2337 3626 2398 3655 sen—
2417 3637 2481 3672 289,
2517 3631 2520 3633 ’

1336 3668 1397 3697 serit
1421 3664 1458 3695 Se
1478 3673 1525 3695 aut
1547 3665 1621 3695 Suos
1635 3674 1736 3695 contra
1751 3666 1876 3696 formam
1892 3666 2089 3704 predietarurn
2107 3666 2281 3698 Guerrarum
2296 3663 2399 3694 Absti-

1338 3704 1495 3735 nentiarum
1511 3703 1702 3741 Aggravatum
1716 3704 1762 3735 vel
1779 3704 1954 3743 Aggravatos
1971 3706 2000 3735 in
2016 3705 2130 3736 defeou
2147 3702 2398 3770 Executionistlu·

1340 3744 1421 3773 stitiae
1433 3742 1469 3772 ab
1482 3741 1566 3771 altera
1582 3741 1664 3773 Parte
1678 3752 1736 3772 non
1750 3742 1833 3772 faetae
1842 3765 1851 3779 ,
1868 3743 2004 3781 Princeps
2017 3744 2107 3774 taliter
2127 3743 2164 3773 Se
2177 3750 2224 3772 aut
2239 3740 2312 3770 Suos
2361 3751 2400 3771 τεὴ

1338 3782 1398 3812 sum
1418 3780 1451 3810 δε
1469 3780 1562 3810 Laesos
1578 3790 1627 3817 per
1649 3791 1743 3811 unum
1758 3782 1911 3811 Heraldum
1926 3791 1971 3812 aut
1985 3782 2071 3812 alium
2093 3780 2246 3811 Nuncium
2267 3778 2401 3811 advisabit

1340 3822 1373 3850 ὃ(
1386 3819 1549 3849 informabit
1565 3820 1650 3849 alium
1667 3819 1781 3858 Regem
1792 3842 1801 3857 ,
1817 3820 1898 3857 quod
1913 3830 1962 3858 per
1977 3819 2140 3850 Officiarios
2152 3817 2215 3847 suos
2226 3816 2335 3847 nullum
2355 3828 2403 3850 aut

1340 3867 1400 3888 non
1416 3857 1547 3887 debiturn
1558 3859 1666 3926 lpoterit
1681 3858 1717 3888 de
1729 3857 1781 3888 suis
1796 3859 2035 3897 conquerentibus
2053 3857 2155 3886 habere
2175 3853 2298 3892 Justitiae
2320 3867 2405 3888 com-

1342 3897 1538 3935 plementum,
1573 3906 1592 3925 n
1610 3906 1669 3934 quo
1685 3895 1759 3926 Casu
1774 3896 1839 3926 Rex
1854 3900 1890 3927 lic
1912 3896 2098 3931 informatus,
2116 3894 2150 3923 &
2173 3894 2221 3922 cui
2242 3895 2301 3924 talis
2320 3895 2406 3926 Con-

1343 3933 1454 3972 questio
1474 3934 1548 3964 faeta
1567 3935 1613 3971 fit,
1632 3935 1782 3971 quamcito
1803 3935 1964 3965 commode
1982 3933 2099 3972 poterit,
2118 3931 2162 3961 Bis
2187 3932 2232 3962 vel
2254 3933 2287 3962 ad
2311 3935 2408 3964 minus

1342 3973 1428 4004 semel
1442 3974 1471 4001 in
1488 3972 1577 4003 Anno
1595 3974 1687 4002 mittet
1700 3973 1774 4003 Tres
1788 3983 1835 4003 aut
1856 3973 1940 4002 Duos
1955 3973 1991 4001 de
2001 3971 2050 4000 suo
2063 3968 2217 4008 Concilio,
2233 3968 2354 4008 Justitiae
2371 3973 2406 4003 &

1343 4011 1425 4042 Pacis
1441 4010 1605 4049 Amatores,
1624 4010 1658 4040 ad
1675 4011 1798 4048 aliquem
1823 4011 1939 4041 Locum
1964 4009 2186 4040 convenientem
2213 4019 2302 4047 prope
2323 4009 2408 4040 Mar-

1343 4049 1420 4082 chias
1431 4072 1441 4088 ,
1471 4049 1636 4081 obviaturos
1664 4049 1786 4081 totidem
1806 4049 1843 4079 de
1867 4046 2058 4080 conlimilibus
2083 4046 2120 4078 de
2152 4046 2291 4080 Concilio
2318 4044 2410 4116 {egis

2360 4095 2414 4116 on.
