2555 4266
746 197 856 241 ΕΤ
936 199 1200 244 ACTA
1282 193 1788 255 P'UssLiCA5

26 283 98 317 Ann-
114 282 157 313 D-
171 287 370 325 impetitione,
397 282 613 322 molestatione,
632 285 855 324 perturbatione,
874 287 969 318 aresto
1008 288 1053 318 seu
1067 288 1226 327 gravamine

45 331 130 362 1491.
171 334 355 365 quocumque
377 322 505 361 Nostri,
530 334 577 354 aut
597 323 811 355 Officiariorum
831 326 877 356 seu
896 311 1094 356 Ministrorum
1111 326 1224 356 nostro-

26 366 86 389 Hen.
107 371 134 396 7.
171 374 235 396 rum
250 371 516 401 quorumcumqueg

2263 236 2312 278 31

1297 287 1342 330 *Ita
1363 291 1442 326 quod
1470 293 1544 324 bene
1573 295 1668 327 licebit
1686 299 1788 329 eisdem
1808 301 1836 330 in
1855 301 1930 331 idem
1950 302 2085 335 Recrnum
2100 301 2228 336 nostrum
2251 305 2310 339 An.
2333 306 2403 338 tuin.
2418 306 2452 339 D

1263 325 1347 363 gine,
1366 337 1433 358 cuni
1452 334 1564 361 Centum
1587 334 1708 374 Perfimis
1726 341 1754 366 in
1774 341 1909 368 Comitiva
1922 330 2054 380 fimf&
2070 343 2189 374 totidem
2207 344 2309 385 Equis,
2349 354 2434 384 1491.

1263 364 1308 392 vel
1325 365 1393 395 infra
1408 389 1416 404 ,
1440 377 1506 398 cuni
1528 370 1628 408 Rogeis
1644 396 1652 410 ,
1673 374 1823 413 Mamicis,
1842 377 1986 417 Fardellis,
1999 379 2162 419 Jocalibus,
2181 381 2259 413 Auro
2274 386 2307 415 &
2328 389 2389 413 Heri.
2410 395 2435 421 7.

206 402 244 432 Et
263 401 328 432 ideo
348 400 430 430 vobis
452 400 624 431 Mandamus
645 401 723 438 quod
738 400 890 441 praefatam
904 399 1066 440 Comitifflzm
1081 402 1179 432 Nobis
1195 403 1224 431 in

167 442 227 472 hoc
247 439 383 478 Regnum
403 439 532 470 nostrum
552 438 718 475 praeditstum
734 462 742 477 ,
767 449 799 469 ac
814 441 864 470 alia
883 439 1043 476 Dominia,
1058 439 1224 477 Jurisdic'to-

166 489 237 516 nes,
262 478 296 509 δε
312 477 468 508 Territoria
486 476 578 507 nostra
598 478 728 515 praediti&
745 499 753 513 ‚
779 487 846 508 cum
874 477 989 506 Familia
1007 477 1051 506 sua
1073 478 1223 515 praedieta,

166 517 254 555 Equis
271 539 279 553 ,
307 514 406 549 Boe-eis
420 539 429 553 ,
454 515 608 552 Manticis‚
634 515 760 545 Fardellis
774 538 783 552 ‚
807 516 910 552 Bonis,
935 514 1049 552 Rebus,
1063 515 1223 553 jocalibus,

169 555 374 593 Apparatibus,
393 554 474 584 Auro
491 555 524 585 &
538 555 665 593 Argento
685 561 830 583 monet-ato
852 553 884 583 &
911 562 970 583 non
994 562 1155 591 monetato,
1174 554 1223 584 Li-

168 595 250 631 teris,
269 592 388 630 Papiris,
405 593 438 622 &
454 594 510 623 aliis
528 592 627 622 Rebus
648 592 681 622 &
703 590 844 621 Hernesiis
866 591 916 621 suis
938 591 1019 621 licitis
1044 593 1224 630 quibuscum-

168 642 245 669 que,
265 631 444 669 conjunctim
467 631 511 661 vel
533 630 640 660 divilim
652 652 661 666 ,
684 630 742 657 tflm
761 639 810 666 per
835 629 954 660 Terram
973 631 1058 667 quam
1077 642 1124 668 per
1140 631 1224 662 Mare

170 672 205 703 ὅ(
224 671 317 708 Aquas
330 670 443 706 dulces,
467 668 594 706 equestre
617 669 662 696 vel
676 666 802 703 pedestre
813 692 820 703 ,
839 669 939 698 totiens
954 670 1084 706 quotiens
1100 671 1148 699 sibi
1166 671 1224 707 pla-

170 711 277 746 cuerit,
295 708 410 738 durante
431 708 553 747 praesenti
574 706 658 735 Salvo
681 704 837 735 Conduftu
853 706 969 744 nostro,
987 706 1155 746 Veniendo,
1173 710 1224 738 ibi-

170 749 238 778 dem
263 747 367 777 Nocte
385 746 499 782 Dieque
524 744 669 774 Morando
684 767 693 780 ,
721 744 956 774 Perhendiriando
971 769 980 782 ,
1000 745 1224 785 Comersando,

170 786 368 825 Sojornnndo,
387 786 419 815 ὃς
434 782 636 822 Expectando,
655 782 687 812 ὃς
706 783 805 812 exinde
820 783 854 812 ad
870 782 964 813 Partes
979 785 1104 822 proprias
1120 786 1226 815 Trans-

170 825 266 855 eundo
287 825 319 854 δε
342 822 524 857 Redeundo,
551 822 750 850 manuteneatis
767 844 776 859 ,
803 823 971 859 protegatis,
998 823 1031 851 ὃ(
1054 823 1225 862 defendatis,

169 874 229 893 non
243 862 390 893 inferentes
403 860 428 888 ei
439 868 486 890 aut
497 859 580 889 alicui
594 859 686 889 secum
701 858 860 889 Comitanti
872 882 882 898 ,
904 860 949 890 seu
970 870 1106 898 quantum
1129 863 1157 892 in
1171 872 1225 892 vo-

170 903 211 932 bis
235 901 276 931 est
297 900 333 929 ab
357 897 414 927 aliis
434 897 529 927 inferri
552 899 740 933 permittentes
761 897 910 936 Injuriarn,
935 898 1117 937 Molestiam,
1136 900 1227 930 Dam-

168 949 280 979 pnum,
298 936 488 974 violentiam,
508 934 746 973 Impedimentum
760 936 891 975 aliquod,
909 936 954 966 seu
970 936 1151 976 Gravamen,

208 977 264 1014 Et,
283 975 302 1005 fi
315 973 380 1012 quid
397 975 421 1003 ei
433 983 479 1004 aut
493 984 592 1004 eorum
606 975 688 1005 alicui
710 975 896 1005 Forisfaeium
917 975 973 1005 live
989 975 1151 1013 Injuriatum
1166 978 1227 1007 fue-

167 1017 218 1053 rit,
236 1016 264 1044 id
282 1014 320 1044 eis
341 1013 374 1043 &
396 1022 497 1043 eorum
515 1013 631 1044 cuilibet
655 1013 710 1044 sine
726 1013 858 1044 dilatione
871 1013 968 1044 debite
985 1013 1099 1054 Corrigi
1117 1017 1149 1047 &
1164 1015 1226 1046 Re-

200 1052 284 1084 rmari
300 1051 403 1082 faciatis

167 1054 324 1122 foProviso
338 1074 448 1128 semp’er
466 1089 546 1128 quod
557 1090 690 1128 praea'iela
710 1090 844 1129 Comitiffa
864 1100 897 1121 ac
910 1090 1004 1121 secum
1022 1093 1189 1122 comitantes
1202 1091 1228 1122 se

166 1131 242 1162 bene
265 1130 298 1161 &
322 1128 441 1159 honeste
464 1137 529 1166 erga
550 1128 618 1158 Nos
638 1129 671 1159 &
693 1128 834 1165 Populum
853 1128 981 1159 nostrum
993 1129 1158 1161 habeant&
1176 1140 1227 1167 ge-

1263 401 1392 439 Argento
1412 414 1622 451 mone-[armac
1639 411 1694 441 aliis
1712 412 1808 443 Rebus
1830 415 1862 444 &
1877 415 2016 448 Herneliis
2033 420 2084 448 suis
2097 420 2178 450 licitis
2194 421 2309 458 quibus-

1263 449 1389 477 cumque
1406 465 1414 479 ,
1438 447 1616 481 conjunc‘tim
1641 450 1673 479 δε
1697 450 1807 480 divisim
1823 475 1832 488 ,
1855 454 1912 483 tam
1941 465 1988 490 per
2012 458 2130 487 Terram
2154 459 2241 496 quam
2261 469 2309 497 per

1263 477 1345 521 Mare
1364 479 1396 508 ὅ(
1416 480 1510 523 Aquas
1527 483 1635 522 dulces,
1654 488 1781 524 equestre
1799 490 1842 519 vel
1859 492 2000 530 pedestre,
2017 496 2116 525 totiens
2134 499 2263 533 quotiens
2276 499 2310 529 si-

1262 516 1298 560 ·bi·
1311 516 1444 552 placuerit
1459 541 1467 555 ‚
1494 520 1608 563 durante
1628 526 1751 559 praesenii
1771 527 1853 557 Silvo
1871 528 2026 561 Conduelu
2046 533 2143 563 nostro
2158 558 2167 572 ,
2187 535 2309 575 Venire,

1261 554 1367 584 ibidem
1388 555 1490 586 Noete
1508 558 1621 602 Dieque
1638 561 1762 600 Morari,
1783 565 2003 606 Perhendinare,
2019 570 2183 610 Sojornare,
2200 575 2232 604 δε
2251 574 2311 604 Ex·-

1261 592 1386 629 spe&are
1401 617 1409 632 ‚
1424 595 1456 624 &
1476 605 1552 639 extra
1570 598 1678 628 dicium
1701 599 1833 638 Regnum
1854 606 1979 635 nostrum
2001 608 2109 644 Angliae
2121 632 2131 644 ,
2156 612 2188 640 ad
2207 612 2310 643 dmum

1263 631 1387 662 Carolum
1404 643 1436 663 ac
1455 633 1488 663 ad
1506 634 1599 665 dic'ios
1620 636 1846 675 Consanguineos
1863 644 1973 673 nostros
1986 644 2196 679 Praecariffimos
2210 650 2311 690 Castel-

1263 669 1296 714 ζιε
1307 694 1316 706 ,
1333 674 1458 713 Legionis
1468 695 1475 708 ,
1492 676 1669 715 Aragonum,
1690 676 1806 713 Ceciliae,
1825 677 1883 711 &a
1902 684 1995 718 Regem
2011 683 2048 718 &
2063 687 2189 722 Reginam
2204 689 2308 719 ‘frans‘

1262 718 1302 737 ire
1329 710 1361 739 &
1390 714 1414 739 le
1434 710 1570 742 Detineie
1593 714 1626 744 ὅ(
1646 713 1671 743 se
1697 713 1846 744 Divertere
1860 739 1868 752 ,
1895 719 1926 748 δε
1954 722 2053 751 iterum
2074 724 2100 752 in
2121 725 2230 755 dicium
2252 727 2313 758 Re-

1261 755 1351 789 gnum
1370 747 1498 778 nostrum
1509 750 1629 793 ,Angliae
1648 753 1681 783 ὃς
1699 753 1761 782 alibi
1779 754 1812 783 ad
1828 755 2016 794 quascumque
2031 762 2117 798 pai-tec
2132 762 2237 794 nostras
2252 764 2312 795 Re-

1263 785 1322 828 dire
1340 787 1372 816 ὃς
1393 785 1515 817 Reverti
1530 810 1538 825 ,
1563 797 1646 827 atque
1673 790 1774 820 deinde
1791 791 1826 821 ad
1847 792 1902 822 suas
1920 798 2044 832 proprias
2064 797 2156 830 Partes
2172 801 2302 833 Tranlire

1262 823 1403 868 libere&
1418 825 1519 863 absque
1539 826 1768 866 impedimenm,
1787 829 1967 867 impetitione
1981 857 1989 869 ,
2008 834 2209 868 Molestatione
2244 825 2313 871 Per«,-

1264 863 1436 906 turbatione‚
1458 864 1578 903 Aresto,
1594 867 1638 897 seu
1661 866 1834 898 Gravaniine
1858 880 2043 908 quocumque
2056 873 2153 904 Nostri
2170 863 2312 908 aut’Offi-

1263 909 1415 931 ciariorum
1443 902 1488 932 seu
1513 902 1713 935 Ministrorurn
1740 907 1901 937 nostrorum
1925 918 2198 950 quorumcumque,
2222 916 2313 953 aliqui

1265 938 1403 1007 ilv'Iaqufi’
1421 939 1666 1008 {antromarun
1684 944 1740 975 sive
1757 944 1928 985 Reprisaiia,
1945 949 2076 980 concessa
2091 951 2136 981 vel
2151 953 2312 985 conceden-

1287 988 1301 1008 a
1312 1002 1320 1013 ‚
1337 988 1394 1008 non
1409 988 1428 1008 o
1475 989 1555 1018 ante,

1304 1015 1341 1046 Et
1358 1017 1439 1054 ideo,
1457 1018 1517 1048 &c-

1303 1053 1378 1084 Non
1397 1056 1558 1094 inferentes,
1574 1057 1633 1088 &c.

1302 1091 1340 1122 Et
1358 1094 1393 1130 si,
1412 1094 1472 1124 &c.

1304 1129 1438 1169 Proviso,
1457 1134 1518 1163 &c.

168 1177 247 1205 rant,
265 1167 365 1206 absque
381 1168 532 1204 quicquam
549 1166 626 1204 quod
643 1168 672 1196 in
687 1167 792 1196 Nostri
808 1166 1017 1204 Contemptum
1033 1168 1076 1198 seu
1091 1169 1227 1206 Praejudi-

168 1209 248 1239 cium
265 1216 311 1236 aut
328 1206 432 1243 Populi
445 1206 534 1235 nostri
548 1205 676 1242 praedieti
692 1205 860 1244 Dampnum
876 1205 921 1235 seu
944 1205 1108 1237 Gravamen
1124 1207 1225 1237 cedere

166 1246 255 1277 valeat
269 1244 400 1275 faciendo
414 1243 460 1275 vel
475 1243 683 1281 attemptando,

205 1284 243 1315 Et
264 1283 282 1313 si
304 1283 411 1313 &Ciam
431 1282 593 1320 Comitiffam
616 1290 663 1312 aut
682 1282 805 1319 aliquem
820 1281 914 1312 secum
931 1281 1140 1313 Comitantium
1156 1293 1226 1320 prae-

169 1323 277 1354 sentem
294 1322 400 1352 salvum
416 1319 605 1351 Conduetum
630 1319 757 1351 nostrum
777 1321 921 1360 contingat
940 1320 1109 1360 infringere,
1126 1321 1159 1351 N
1163 1322 1226 1352 olu-

170 1371 232 1393 mus
244 1368 358 1398 tamen‚
377 1361 438 1390 &c.
800 1397 805 1402 ⁴

206 1400 240 1430 In
254 1401 349 1437 cujus,
365 1399 427 1428 &c.
444 1396 579 1434 quamdiu
596 1397 670 1435 Regi
687 1397 819 1433 placuerit
833 1397 979 1427 duraturas.

203 1437 294 1469 Teste
308 1436 391 1475 Rege
405 1435 478 1475 apud
495 1435 765 1478 Wstmonasteri'um,
782 1437 865 1466 tertio
880 1436 925 1467 die
935 1435 1023 1474 Junii.

1303 1169 1450 1212 Quodque
1467 1171 1516 1208 ipsi
1531 1172 1576 1202 seu
1589 1182 1690 1203 eorum
1704 1174 1798 1212 aliquis
1814 1174 1922 1205 nullum
1936 1176 2103 1209 Castrorum
2112 1202 2122 1217 ,
2136 1180 2197 1210 ἃς.

1304 1206 1341 1236 Et
1355 1210 1373 1237 li
1390 1210 1552 1248 contingat>
1572 1211 1632 1240 stc.

1303 1245 1452 1276 Nolumus
1468 1255 1562 1278 tamen
1573 1272 1582 1286 ‚
1601 1250 1661 1279 &c.

1302 1282 1335 1313 In
1350 1286 1445 1323 cujus,
1460 1286 1521 1316 δίε.
1540 1297 1589 1324 per
1602 1296 1692 1318 unum
1707 1287 1824 1319 Annum
1837 1289 1986 1322 duraturas.

1302 1359 1390 1390 Teste
1407 1361 1488 1399 Rege
1505 1364 1577 1402 apud
1593 1364 1863 1404 Westmonasterium,
1879 1367 1994 1398 decimo
2010 1378 2110 1407 quarto
2124 1369 2171 1400 die
2181 1369 2268 1408 Junii.

1597 1490 1600 1493 Α
1690 1499 1697 1505 .
1909 1492 1937 1506 f.
1984 1493 1988 1497 .
2127 1495 2132 1500 .
2308 1492 2325 1505 ἡ

857 1514 910 1541 Per
922 1512 1003 1551 ipfhm
1017 1514 1121 1550 Regem.
1425 1486 1473 1517 De
1487 1483 1617 1528 Subfidto
1635 1486 1808 1532 requirendo
1820 1499 1872 1533 pro
1892 1493 1909 1521 l
1927 1501 2004 1536 tagio
2021 1492 2161 1525 Francus.

1266 1567 1353 1626 RE
1365 1568 1414 1606 x,
1432 1568 1552 1599 Dileffis
1569 1570 1601 1600 ει
1623 1570 1763 1601 Fideiibus
1786 1571 1861 1610 suis,
1886 1572 1991 1603 Thamae
2007 1574 2108 1616 cheyne
2124 1575 2225 1616 Militi,
2243 1579 2317 1610 ινιτ.
2337 1575 2412 1606 Ann.
2429 1571 2482 1607 Da·

1337 1606 1423 1637 lielmo
1439 1608 1560 1637 Findarn
1576 1608 1682 1646 Militi,
1700 1610 1813 1639 Roberto
1829 1609 1949 1649 Clyffiird
1962 1612 2067 1651 Militi,
2086 1615 2228 1646 Edmundo
2246 1617 2319 1648 cha·
2358 1624 2443 1654 1491·

1265 1644 1360 1674 derton
1374 1645 1507 1685 Clerico,
1525 1647 1558 1678 ὅτ
1572 1645 1677 1677 Thomae
1695 1652 1809 1686 Conon,
1827 1650 1961 1680 Salutem.
2337 1659 2388 1682 Aa.
2403 1657 2431 1682 6.

1304 1683 1401 1715 Sciatis
1415 1685 1513 1722 quod,
2337 1698 2371 1721 H.
2393 1700 2420 1727 7.

1303 1721 1384 1753 Cum
1408 1723 1585 1754 Adversarius
1605 1724 1701 1755 noster
1715 1725 1833 1755 Karolur
1852 1729 1972 1757 Franciae
1987 1727 2093 1758 nedum
2111 1728 2248 1770 Regnum
2266 1742 2320 1764 no·
2335 1737 2393 1760 Par.
2409 1733 2435 1758 6.

1267 1758 1356 1791 strum
1383 1761 1510 1792 Franciae
1529 1762 1692 1801 nostrosque
1712 1764 1907 1794 Normanniae
1922 1788 1930 1803 ‚
1960 1765 2133 1805 Andegaviae
2146 1792 2156 1806 ,
2173 1770 2318 1810 Turonis,
2336 1776 2370 1799 H·
2391 1779 2415 1804 7⁴
2434 1770 2472 1796 ⁷⁷¹5

1266 1800 1300 1829 &
1329 1800 1505 1837 Aquitanniae
1526 1800 1652 1831 Ducatus
1672 1802 1774 1839 injuste
1793 1810 1914 1840 occupat
1932 1827 1942 1840 ‚
1968 1806 2070 1835 verum
2097 1808 2179 1837 etiam
2198 1808 2231 1839 &
2247 1809 2319 1841 istud
2338 1808 2365 1836 8·
2378 1807 2440 1845 dors·
2456 1832 2459 1838 ι

1266 1836 1404 1876 Regnum
1424 1838 1554 1869 nostrum
1574 1839 1688 1876 Anglite
1700 1841 1754 1870 suae
1770 1840 1881 1871 Ditioni
1898 1841 1933 1871 Vi
1950 1841 2088 1874 deducere
2103 1846 2199 1877 nititur
2235 1857 2321 1885 prout

1267 1877 1380 1913 publice
1398 1877 1534 1908 &indies
1558 1879 1679 1908 minatur
1700 1879 1732 1909 ὅτ.
1754 1880 1858 1916 jicstat,
1885 1880 2010 1910 nostram
2028 1891 2180 1914 exiremam
2233 1886 2322 1917 estru-

1268 1915 1395 1945 ctionem
1422 1915 1698 1954 Subi-ertionemque
1734 1917 1814 1955 liujus
1835 1918 1902 1947 dicti
1929 1918 2023 1957 Regni
2048 1921 2135 1952 nostri
2154 1922 2266 1963 Angliae
2289 1925 2322 1960 ὃς

1267 1952 1449 2020 ὃυῘὶέἀίῐοῑυῐη
1465 1954 1627 1985 nostrorum
1640 1955 1761 1994 ejusdem
1777 1957 1914 1987 malitiose
1930 1958 2088 1997 intenderis,

1341 2002 1387 2028 os,

1305 2029 1351 2060 Ad
1376 2030 1533 2061 instantiam
1559 2032 1591 2062 &
1616 2031 1762 2069 specialem
1786 2032 2013 2070 Requisitionem
2041 2036 2101 2065 tarn
2123 2035 2322 2070 Dominorum

1266 2067 1455 2109 Spiritualium
1472 2071 1505 2104 ὃς
1519 2070 1754 2108 Teniporalium,
1772 2072 1857 2108 quani
1873 2072 1991 2102 aliorum
2011 2073 2185 2112 Nobilium,

1306 2107 1436 2144 Ejusdem
1447 2107 1542 2147 Regni
1557 2108 1644 2139 nostri
1662 2110 1773 2148 Angliae
1788 2120 1819 2139 ac
1836 2110 2022 2140 Subditomm
2037 2111 2200 2144 nostrorum
2219 2115 2321 2153 praedi-

1267 2145 1409 2188 diFtorum
1421 2155 1507 2177 tantas
1521 2147 1578 2177 suas
1594 2147 1706 2186 injurias
1722 2148 1894 2187 propulsare,
1903 2149 2031 2187 istudque
2041 2149 2175 2190 Regnum
2188 2154 2317 2185 nostrum

1268 2184 1381 2220 Angliae
1394 2184 1583 2223 Subditosque
1598 2186 1618 2205 ²¹²
1635 2186 1761 2226 nostros,
1780 2187 1881 2217 nostris
1895 2197 1948 2226 pro
1961 2189 2083 2226 viribus,
2100 2200 2238 2223 annuente
2249 2192 2319 2224 Deo
2335 2182 2355 2203 ἰ’
2373 2188 2441 2225 XII,

1269 2224 1349 2255 tutari
1366 2224 1398 2254 &
1412 2223 1579 2261 defendere,
2339 2235 2406 2262 447-

1308 2261 1496 2301 Decrevimus
1517 2271 1600 2300 atque
1621 2263 1649 2292 in
1670 2264 1779 2301 propria
1801 2262 1922 2295 Persona
1940 2265 2034 2296 nostra
2049 2276 2116 2296 cum
2137 2266 2269 2299 Potentia
2281 2270 2325 2300 di-

1227 2335 1229 2337 r
1272 2300 1351 2330 c‘tuni
1366 2299 1499 2338 Regnum
1514 2300 1644 2331 nostrum
1658 2302 1781 2332 Franciae
1795 2302 2028 2341 intrare,Jusque
2040 2304 2167 2335 nostrum
2182 2307 2210 2335 in
2220 2307 2325 2339 eodem

1272 2339 1436 2376 vendicare,
1454 2340 1626 2378 caeterosque
1641 2340 1751 2371 nostros
1768 2340 1872 2371 ibidem
1888 2341 2021 2372 Rebelles
2039 2342 2144 2374 nostrae
2156 2343 2270 2376 Ditioni
2290 2348 2324 2378 &

1273 2376 1454 2408 Obedientiae
1465 2401 1473 2415 ,
1492 2388 1575 2416 prout
1592 2378 1661 2414 luris
1673 2378 1731 2416 est,
1750 2379 1883 2410 reducere
1899 2381 2086 2420 intendimu53

1309 2415 1357 2445 Set
1380 2416 1449 2446 cum
1465 2426 1507 2447 tot
1527 2418 1559 2448 ὅ(
1577 2426 1662 2447 tantas
1677 2416 1864 2448 Pecuniarum
1882 2418 2029 2458 Summas,
2048 2427 2131 2450 tantae
2146 2420 2328 2460 Expeditioni

1272 2454 1448 2493 necessarias,
1462 2455 1498 2485 de
1514 2455 1613 2485 nostris
1627 2465 1685 2485 non
1700 2456 1853 2495 habemus,
1869 2457 1901 2488 δε
1917 2457 2018 2495 absque
2040 2458 2170 2490 Subsidio
2179 2482 2190 2498 ,
2205 2460 2328 2493 Releva-

1273 2494 1367 2531 mine,
1386 2494 1418 2523 &
1433 2494 1571 2524 Succursu
1581 2493 1718 2525 fidelium
1733 2494 1918 2525 Subditoriim
1935 2495 2097 2527 nostrorum
2112 2498 2214 2530 habere
2226 2501 2327 2539 nequi-

1272 2541 1351 2569 mus,

1311 2569 1357 2600 De
1375 2569 1566 2601 Fidelitatibus
1587 2571 1709 2608 providis
1728 2572 1761 2602 &
1782 2570 2093 2609 Circumspecstionibus
2108 2596 2118 2611 ‚
2142 2574 2328 2616 Diligentiis,

1271 2609 1305 2639 δε
1323 2607 1465 2638 Industriis
1483 2609 1579 2640 vestris
1596 2609 1704 2646 plenius
1717 2609 1907 2646 confidentes,
1924 2611 2133 2647 Affignavimus
2147 2614 2181 2645 ὃ(
2195 2614 2325 2652 Deputa-

1270 2647 1363 2677 vimus
1384 2658 1435 2678 vos
1458 2648 1490 2678 δε
1514 2647 1640 2678 vestriim
1659 2648 1813 2685 quemlibet
1834 2648 1869 2678 ad
1886 2648 2128 2680 Transferendum
2146 2661 2199 2682 vos
2212 2653 2245 2683 ad
2261 2653 2325 2683 Co-

166 1595 220 1648 R
230 1590 255 1620 E
265 1589 297 1620 X
322 1587 455 1619 universis
468 1588 502 1619 &
516 1588 625 1626 singulis
643 1587 818 1626 Admirallis,
837 1588 897 1619 &c.
915 1587 1048 1619 Salutem.

259 1628 358 1658 Sciatis
380 1626 460 1665 quod
476 1649 485 1665 ‚
510 1628 590 1657 certis
611 1625 886 1657 Considerationibus
909 1626 978 1656 Nos
992 1627 1143 1664 specialiter
1160 1637 1225 1658 mo-

165 1666 312 1704 ventibus,
331 1675 366 1696 ac
391 1665 427 1696 de
445 1664 626 1695 Avisamento
651 1665 683 1695 &
702 1664 820 1695 Affensu
840 1663 965 1695 Concilii
983 1665 1090 1702 nostri,
1108 1666 1226 1705 suscepi-

165 1715 231 1736 mus
246 1707 275 1736 in
286 1704 392 1736 salvum
405 1705 439 1735 &
456 1703 584 1733 securum
601 1701 791 1733 Conduc‘tum
807 1703 952 1741 nostrum,
969 1713 1002 1733 ac
1019 1705 1046 1734 in
1064 1704 1226 1735 Proteeiio-

167 1754 235 1774 nem
258 1743 291 1774 &
317 1741 522 1772 Defenfionem
546 1740 652 1771 nostras
673 1741 800 1778 speciales
815 1764 824 1779 ,
847 1741 1036 1779 spectabilem
1058 1743 1157 1773 Virum
1169 1744 1226 1782 Jo-

166 1781 284 1812 hannem
300 1784 447 1810 Dominum
461 1780 493 1809 de
508 1782 595 1810 Rieux
610 1778 808 1810 Marescallum
822 1779 973 1810 Britanniae
989 1803 998 1818 ,
1015 1779 1074 1816 &c.
1094 1789 1125 1810 ut
1131 1781 1226 1821 ficpra.

204 1821 239 1852 In
257 1820 353 1857 cujus,
370 1820 431 1849 &c.

237 1858 329 1891 Teste
344 1865 375 1888 ut
387 1857 475 1894 supra.

853 1897 906 1924 Per
923 1893 1003 1933 ipficm
1018 1898 1121 1933 Regem.

164 1977 219 2030 R
229 1971 296 2003 EX
321 1971 454 2002 universis
468 1971 502 2002 ὅτ
517 1969 629 2010 singulis
647 1970 899 2014 Admirallis‚h&c.
918 1971 1066 2014 Salutem*

259 2011 358 2042 Sciatis
380 2009 461 2047 quod
477 2033 487 2046 ,
515 2011 597 2040 certis
622 2009 890 2040 considerationibus
906 2009 975 2040 Nos
994 2010 1146 2047 specialiter
1162 2020 1227 2041 mo-

164 2050 311 2087 ventibus,
329 2058 362 2079 ac
381 2048 418 2078 de
440 2047 624 2079 Avisamento
647 2049 680 2079 ὅ(
700 2047 817 2078 Affensu
837 2047 964 2079 Concilii
980 2047 1086 2085 nostri,
1105 2048 1225 2088 suscepi-

165 2097 229 2118 mus
246 2089 277 2117 in
290 2088 397 2118 salvum
413 2087 446 2117 &
460 2086 587 2117 securum
600 2085 789 2116 Conductum
807 2086 936 2117 nostrum
947 2109 957 2124 ,
974 2097 1006 2117 ac
1020 2088 1048 2116 in
1063 2086 1227 2119 Protectio-

164 2137 233 2157 nem
253 2128 287 2158 &
312 2125 516 2156 Defensionem
538 2123 645 2154 nostras
662 2125 806 2163 speciales,
824 2125 950 2155 Nobiles
966 2125 1068 2162 Viros,

164 2168 314 2195 Dominum
327 2165 360 2194 de
375 2168 516 2200 Coetmen,
535 2163 712 2193 Lodowicum
727 2163 760 2192 de
777 2167 921 2201 Coetmen,
941 2166 1087 2193 Dii-<ninum
1104 2164 1136 2193 de
1144 2168 1227 2194 Tout-

163 2204 276 2272 ἓιιῐάεσ,
292 2204 357 2271 &de
370 2245 393 2270 C
421 2248 434 2270 t
484 2205 645 2276 Dorgizaszt
652 2202 739 2280 Ῠὲφίῖ
747 2201 928 2241 Roche-Jagu
941 2202 1077 2233 Uxorem
1097 2204 1174 2242 ejuS‚
1191 2205 1224 2235 &

203 2252 311 2272 iveram
392 2252 420 2270 08
435 2252 496 2270 men
506 2263 516 2279 ‚
589 2263 595 2270 -
741 2262 747 2270 ι

204 2280 238 2311 In
252 2281 349 2317 cujus,
369 2281 431 2311 &c-

239 2317 330 2350 Teste
345 2327 377 2349 ut
393 2318 482 2356 supra.

859 2358 913 2386 Per
925 2354 1007 2396 iinaem
1021 2358 1124 2394 Regem.

364 2483 424 2514 Pro
439 2477 583 2523 Cnstubus
599 2475 857 2522 Ambaffiatorum
877 2482 1046 2514 Britanniae.

29 2561 108 2595 Ann.
125 2562 243 2626 RH
251 2567 346 2606 Enry,
364 2565 404 2606 by
417 2565 466 2596 the
475 2565 573 2596 Grace
586 2564 623 2595 of
633 2563 720 2602 God,
736 2567 810 2603 King
823 2564 1001 2612 qungland
1012 2567 1071 2596 and
1081 2565 1229 2605 ofFraun-

54 2611 138 2639 1491.
262 2615 304 2642 ce,
322 2604 382 2634 and
403 2604 483 2634 Lord
494 2602 530 2648 of
539 2603 656 2648 Irlande⁹
668 2625 677 2641 ‚
701 2613 732 2633 to
754 2604 802 2634 the
829 2604 854 2634 Γ
855 2604 978 2636 resourer
1001 2606 1055 2636 and
1070 2606 1229 2637 Chambre·

24 2643 78 2668 An.
98 2643 125 2669 6·
168 2643 237 2674 lains
251 2643 289 2673 of
299 2652 352 2672 our
368 2642 557 2681 Eschequier,
574 2642 709 2679 Greting.

20 2682 58 2706 H·
78 2689 105 2713 7-
205 2680 268 2712 We
283 2681 338 2711 late
349 2689 407 2719 you
425 2683 495 2712 wite
513 2681 571 2711 that
587 2691 633 2710 we
654 2680 726 2711 have
745 2681 912 2719 appointed,
931 2682 968 2722 by
984 2691 1045 2721 wey
1060 2683 1096 2712 of
1110 2683 1230 2713 Rewar-
1271 2687 1380 2715 miratus
1394 2685 1506 2715 nostros
1523 2685 1713 2725 Cantebrigiae
1729 2687 1761 2717 &
1775 2686 2003 2724 Huntingdoniae
2018 2711 2027 2726 ,
2051 2698 2083 2719 ac
2101 2690 2180 2720 vobis
2197 2691 2230 2721 &
2245 2694 2325 2722 cuili-

20 2719 98 2744 Breve
166 2719 216 2758 de,
237 2728 310 2750 unto
330 2718 467 2759 Monfieur
483 2719 656 2759 Malpartuys
677 2719 732 2748 and
746 2720 795 2750 the
806 2717 942 2756 Senelhall
955 2718 990 2759 of
1000 2724 1024 2750 G
1020 2720 1156 2760 ynglmm,
1174 2723 1226 2752 late
1271 2724 1317 2753 bet
1335 2723 1462 2754 vestrum
1478 2725 1655 2762 conjunctim
1669 2726 1702 2755 δε
1714 2724 1824 2755 divisim
1842 2725 1951 2762 plenam
1969 2725 2140 2757 Potestatem
2164 2729 2197 2759 ὅτ.
2212 2730 2324 2761 Αυὲὶο-

19 2757 58 2780 Η-
73 2765 98 2790 7-
167 2758 225 2788 sent
253 2767 323 2790 unto
345 2768 376 2788 us
401 2759 430 2788 in
455 2758 628 2789 Ambaffiate
649 2756 725 2787 from
744 2767 797 2787 our
813 2757 940 2788 Couline
956 2760 1003 2789 the
1023 2768 1040 2782 υ
1054 2771 1118 2789 uene
1131 2760 1228 2797 ofRo-
1268 2763 1394 2801 ritatem>
1409 2763 1526 2794 Tenore
1543 2762 1742 2800 praesentium,
1761 2763 1871 2794 Damus
1890 2765 1923 2795 &
1940 2762 2146 2796 Commitimus
2160 2767 2194 2797 ad
2210 2766 2325 2800 Comu-

18 2794 70 2820 An.
90 2794 117 2820 6.
166 2807 260 2832 marm·
271 2796 325 2826 and
343 2795 471 2836 Ducheffi
485 2795 520 2834 of
529 2799 693 2834 Bretaigne‚
711 2795 756 2826 for
771 2796 842 2827 theii·
859 2795 945 2827 Costs
967 2802 1022 2828 and
1040 2799 1165 2838 charges
1180 2800 1228 2830 the
1269 2800 1437 2838 nicandum,
1457 2811 1508 2840 pro
1522 2800 1619 2831 Nobis
1633 2802 1665 2832 δε
1679 2801 1812 2831 Nomine
1825 2801 1942 2840 nostro,
1960 2813 2027 2833 cum
2045 2803 2143 2834 talibus
2159 2804 2322 2837 nostrorum

18 2839 44 2857 n.
69 2833 111 2858 16.
166 2834 287 2865 Summe
301 2834 336 2864 of
346 2835 475 2873 Twenty
491 2835 606 2865 Pounds
618 2834 769 2874 Sterlings:
1269 2838 1453 2870 Subditorum
1476 2839 1546 2870 infra
1568 2840 1660 2870 di&os
1682 2838 1844 2870 Comitatus
1865 2841 1994 2878 nostr03‚
2010 2841 2068 2871 tam
2083 2841 2153 2871 infra
2167 2842 2322 2875 Libertates

17 2870 152 2910 PeirClff-
202 2873 265 2904 We
279 2872 354 2902 Wol
369 2873 476 2903 therfor
497 2873 551 2904 and
569 2872 683 2910 Charge
700 2882 758 2911 you
774 2872 851 2911 that,
869 2873 1012 2904 withoute
1024 2874 1131 2913 dilaye,
1147 2885 1182 2914 ye
1195 2875 1231 2905 of
1269 2878 1355 2915 quam
1377 2887 1451 2909 eirtra
1473 2878 1719 2909 commorantibus
1731 2900 1741 2916 ,
1766 2887 1849 2915 prout
1872 2879 1953 2908 vobis
1977 2879 2076 2909 melitis
2099 2879 2256 2918 videbitur,
2281 2885 2320 2914 eis

18 2907 78 2936 Pell.
166 2921 236 2941 oure
252 2910 377 2941 Tresour
390 2910 521 2941 Conterit
535 2910 590 2942 and
606 2910 682 2948 Paye
696 2920 767 2941 unto
780 2911 829 2942 the
843 2912 898 2942 said
907 2912 1045 2952 Monfieur
1054 2913 1228 2958 Malpartuys
1268 2916 1396 2946 nostrum
1412 2916 1594 2953 Propositum
1614 2917 1647 2947 &
1664 2916 1797 2946 Mentem
1812 2916 1963 2953 plenariam
1975 2917 2011 2946 de
2024 2918 2058 2947 &
2073 2918 2102 2946 in
2117 2917 2269 2950 Praerniss'is
2285 2921 2319 2951 &

167 2949 223 2980 and
243 2948 383 2988 Senefhall
396 2949 444 2979 the
468 2949 520 2980 said
542 2949 662 2980 Summe
682 2949 718 2979 of
737 2958 773 2979 xx
787 2948 806 2978 l.
827 2949 881 2980 and
902 2960 986 2984 every
1007 2961 1083 2988 parte
1108 2953 1201 2982 therol·
1219 2976 1228 2990 ‚

166 2988 291 3021 without
307 2987 388 3018 Prest
410 2997 444 3017 or
464 2989 545 3018 other
566 2986 678 3026 charge
691 2996 723 3017 to
736 2988 774 3017 be
788 2988 855 3019 sette
869 2998 948 3026 upon
963 2989 1072 3020 Tlieim
1087 3000 1121 3020 or
1137 2991 1226 3021 either

167 3027 203 3058 of
213 3026 315 3057 Them
327 3027 355 3055 in
373 3025 426 3056 this
439 3025 547 3058 Partie:

205 3065 224 3084 ³*
244 3064 313 3095 And
330 3065 401 3095 thies
414 3075 485 3095 oure
501 3066 609 3096 Lettres
621 3063 678 3094 shal
690 3064 726 3094 be
740 3073 812 3104 your
826 3064 973 3096 Warrant.

1268 2964 1369 2985 eorum
1386 2955 1494 2994 singulis
1509 2956 1684 2991 intimantes,
1702 2965 1750 2985 eos
1765 2954 1933 2992 Movendo,
1953 2953 2134 2992 Exortando,
2160 2957 2193 2987 ὃς
2208 2957 2318 2996 Requi-

1268 2993 1373 3030 sendo,
1389 3002 1418 3023 ut
1437 2993 1534 3023 Nobis
1548 2994 1576 3022 in
1592 2994 1649 3023 hoc
1665 2994 1723 3022 tam
1742 3002 1845 3031 magno
1859 2993 2003 3031 arduoque
2017 2992 2152 3032 Negotio
2165 3017 2176 3033 ,
2199 3005 2258 3025 non
2273 2997 2318 3028 so-

1266 3031 1328 3061 liim
1347 3031 1476 3061 nostrum
1494 3032 1604 3062 Statum
1617 3031 1718 3061 vertim
1731 3031 1815 3061 etiam
1833 3032 1865 3062 &
1879 3041 1978 3062 eorum
2001 3031 2125 3062 Salutem
2141 3043 2318 3067 concernen-

18 3051 38 3071 ῃ
60 3054 130 3084 XH-
1265 3078 1314 3107 te,
1329 3070 1406 3107 juxta
1421 3079 1520 3099 eorum
1539 3069 1705 3107 Facultates,
1725 3068 1844 3099 assistant
1863 3070 1895 3100 &
1910 3068 2008 3106 Opem
2023 3071 2052 3100 in
2068 3070 2195 3101 Personis
2211 3072 2245 3103 &
2259 3075 2318 3104 aliis

16 3094 82 3128 44⁶·
206 3103 312 3134 Yeven
327 3103 415 3134 undei-
428 3113 482 3134 our
497 3103 581 3134 Prive
593 3102 671 3146 Sed,
690 3111 717 3133 at
731 3113 785 3132 our
800 3106 914 3133 Manoir
928 3101 1157 3148 ofqrenewiche,
1176 3105 1224 3137 the
1266 3108 1373 3138 Mediis
1395 3110 1428 3140 &
1451 3108 1550 3138 Modis
1559 3131 1569 3146 ,
1597 3116 1681 3145 prout
1695 3108 1777 3138 vobis
1789 3108 1821 3138 ὃ(
1832 3108 1870 3137 eis
1884 3109 1982 3139 melius
1997 3108 2088 3139 visum
2102 3109 2199 3148 fuerit,
2215 3112 2316 3143 confe-

168 3141 321 3172 thirteenth
334 3141 399 3181 Day
411 3141 548 3182 ofJuyn,
564 3142 613 3173 the
629 3140 705 3171 Sixte
720 3140 795 3172 Yere
809 3141 846 3172 of
855 3152 909 3172 our
923 3141 1047 3181 Reigne.
1264 3156 1342 3184 ranr3
1657 3184 1662 3189 ι
1706 3183 1711 3189 ι
1961 3184 1967 3190 ¹
2137 3186 2142 3191 ³

1301 3184 1339 3214 Et
1354 3185 1420 3222 quid
1436 3184 1554 3215 feceritis
1568 3183 1613 3214 vel
1629 3184 1726 3221 aliquis
1742 3181 1868 3214 vestrum
1884 3184 1980 3214 fecerit
1996 3186 2024 3214 in
2041 3183 2189 3216 Praemiffis
2201 3185 2269 3218 Nos
2282 3188 2316 3219 &

1264 3222 1432 3253 Concilium
1453 3223 1583 3253 nostrum
1605 3221 1736 3252 distinete
1761 3222 1794 3252 &
1808 3224 1910 3265 'aper—te
1928 3223 1978 3253 sub
1993 3223 2091 3262 sigillis
2107 3223 2203 3255 vestris
2215 3226 2248 3256 &
2264 3236 2316 3257 cu-

579 3269 628 3302 De
646 3266 807 3301 Conduffl„
1263 3261 1510 3330 ῇυίὲῗῖἓέἓᾶτὲζιὲ
1527 3261 1582 3292 line
1598 3261 1730 3292 dilatione
1744 3259 1916 3299 certificetis,

1428 3323 1437 3338 ,
1508 3323 1515 3330 .

14 3345 94 3423 AQ-
100 3346 145 3415 1D.
163 3353 220 3407 R
229 3351 256 3382 E
262 3350 311 3421 gei
321 3351 454 3421 amma}
466 3352 500 3384 sc
513 3352 624 3392 singuiis
639 3352 814 3391 Admirallis‚
831 3353 893 3384 sce.
902 3353 1048 3385 ‘sument
1302 3337 1429 3376 Damu*
1448 3340 1507 3369 &0-

117 3409 124 3416 ·
284 3401 300 3422 c
312 3401 327 3421 a
339 3401 360 3421 is
375 3402 435 3427 quo
1387 3415 1391 3418 .

13 3427 112 3497 ἔπι-5·
161 3414 773 3507 νμνῖὐὶιὲεέἓωὲἶῗῐῗὲἔῖςῖἳηξὲᾞῐᾙῖἂιῖι
791 3429 1117 3500 Ἧαῖξᾶςὲᾞτηῗῖεῇἕτῖ
1133 3434 1221 3500 Ssii‘iitron-
1298 3413 1491 3491 {1¹3ssngting
1494 3424 1573 3490 {sud
1588 3449 1858 3490 Westmonasterium,
1877 3449 1995 3487 septimo
2011 3449 2058 3481 die
2072 3450 2150 3489 Julii.

14 3504 82 3528 5⁶⁰²-
102 3501 130 3527 ⁶·
162 3505 365 3550 Ambassiatam
382 3507 418 3551 ad
437 3506 562 3537 Carolum
580 3510 702 3552 Fijanciae
717 3531 728 3545 ,
749 3517 783 3538 ac
803 3507 836 3538 ad
855 3507 1046 3552 Sereniffimos
1065 3508 1098 3538 &
1115 3507 1221 3538 Poten-
1944 3527 1997 3554 Per
2010 3526 2092 3565 ipfilm
2105 3529 2209 3566 Regem·

15 3542 127 3573 H.7.m.
163 3543 281 3574 tiffimos
299 3544 443 3584 Principes
456 3544 691 3584 Consanguineos
705 3546 817 3576 nostros
828 3545 1062 3584 Praecariffimos,
1081 3546 1219 3586 Castellae,

19 3584 61 3610 15-
163 3585 308 3620 Legionis,
325 3587 506 3621 Aragonum,
531 3584 643 3622 Sicilia,
669 3583 728 3619 ὠς.
746 3587 842 3621 Regem
865 3583 904 3620 ό·
924 3588 1054 3622 Reginam
1069 3608 1080 3624 2
1101 3585 1136 3615 ad
1160 3585 1219 3615 hoc

161 3620 298 3659 Regnum
312 3620 443 3651 nostrum
459 3621 573 3660 Angiiae
585 3622 807 3653 transmissurum
814 3646 825 3662 ,

201 3659 270 3689 Nos
283 3659 383 3697 igitur,
399 3659 436 3689 de
450 3658 551 3690 Gratia
567 3659 662 3691 nostra
681 3661 809 3698 speciali,
830 3661 865 3692 &
877 3660 912 3691 ad
926 3660 1073 3698 specialem
1089 3660 1221 3700 Requisi-

161 3699 272 3728 tionem
286 3696 357 3727 dieti
373 3695 587 3734 Consanguinei
598 3698 688 3729 nostri
700 3702 836 3729 Scotorum
847 3702 925 3736 Regis
936 3723 946 3736 ,
965 3709 1078 3729 necnon
1095 3699 1130 3730 de
1145 3700 1218 3730 Avi-

160 3736 289 3766 samento
308 3735 342 3766 &
366 3734 486 3767 Affensu
508 3734 636 3766 Concilii
657 3737 762 3775 nostri,
781 3736 949 3774 suscepimus
962 3737 991 3766 in
1005 3737 1109 3768 salvum
1125 3739 1158 3769 &
1178 3738 1219 3767 se-

162 3784 265 3805 curum
288 3773 479 3805 Conductum
501 3773 631 3804 nostrum
645 3797 656 3812 ‚
678 3785 711 3805 ac
733 3777 761 3804 in
776 3774 1013 3812 protectionem,
1030 3775 1216 3814 Turnonem,

161 3813 195 3842 &
219 3812 424 3844 Defensionem
449 3811 558 3842 nostras
570 3812 715 3850 speciales,
733 3811 914 3842 Venerabiles
929 3812 958 3842 iii
972 3811 1092 3844 Christo
1106 3814 1216 3852 Patres,

160 3850 306 3883 Rohertum
320 3848 510 3891 Glasguensem
521 3874 531 3888 ,
550 3851 583 3880 ὃ(
600 3849 776 3880 Willielmum
788 3849 1006 3889 Aberdonensem
1019 3874 1028 3885 ,
1047 3851 1217 3890 Episcopos,

159 3897 212 3925 ac,
230 3889 356 3923 Nobiles
373 3892 407 3922 &
427 3888 563 3927 Egregios
579 3887 682 3925 Viros,
700 3891 848 3918 Patricium
869 3892 996 3920 Comitem
1017 3890 1165 3929 Bothvile,
1182 3892 1216 3921 &

160 3928 301 3963 Georgium
310 3931 437 3958 Comitem
444 3929 558 3957 Morton
567 3949 577 3965 ,
593 3936 626 3956 ac
644 3929 687 3956 W
686 3925 823 3956 illielmum
836 3929 957 3957 Priorem
969 3929 1064 3958 Sanan*
1075 3928 1216 3966 Johanm's

159 3963 320 4004 Jerusalem
327 3970 358 3996 in
370 3970 459 3997 Scotia
469 3988 480 4003 ,
496 3965 656 4004 Johannem
663 3967 807 3994 Dominum
817 3964 966 4003 Glammis,
983 3967 1016 3997 ὃ(
1034 3968 1213 3997 Laurentium

158 4004 304 4032 Dominum
322 4003 455 4043 Oliphant
469 4027 477 4041 ,
504 4013 618 4034 necnon
637 4002 809 4042 Magistrum
824 4004 969 4033 Ricardum
983 4003 1107 4034 Murhed
1121 4005 1217 4036 Deca-

156 4050 230 4071 nurn
245 4039 448 4082 Giasguensem
463 4040 864 4079 Ammffiatoresspraiores,
882 4041 1120 4081 Commissarios,
1146 4043 1216 4074 Pro-

155 4088 319 4117 curatores,
336 4081 369 4111 &
388 4080 523 4112 Nuncios
544 4080 689 4119 supradicti
705 4077 917 4119 Consanguinei
932 4079 1021 4110 nostri
1035 4083 1113 4118 Regis
1128 4085 1216 4111 Scoto-

152 4126 229 4154 rum,

1260 3613 1429 3645 Confimiles
1441 3613 1545 3646 Literae
1559 3612 1687 3644 Parentes
1699 3611 1857 3647 diriguntur
1872 3608 2000 3652 Personis
2015 3609 2187 3651 subscriptis,
2202 3612 2252 3644 sub
2266 3622 2311 3646 e.-

1617 3650 1683 3681 dcm
1700 3648 1792 3686 Data,
1814 3647 1961 3685 videlicet,

1843 3731 1932 3762 Teste
1945 3740 1976 3763 ut
1991 3732 2076 3771 supra.

1803 3806 1910 3838 Thomae
1928 3807 2050 3847 Episiopo
2063 3809 2206 3848 Herefhrd.

1804 3846 1919 3877 Matheo
1933 3847 2062 3876 Cradoke.

1259 3739 1300 3766 H.
1320 3736 1443 3775 Epistopo
1461 3738 1608 3765 Meneven.

1259 3773 1373 3814 Jasperi
1389 3777 1458 3804 Dua·
1474 3771 1601 3812 Berifhrd.
1627 3810 1631 3814 ι
1647 3809 1651 3814 ¹
1669 3809 1673 3813 ⁵

1260 3813 1394 3842 Richardo
1412 3820 1446 3849 ap
1460 3812 1572 3841 Thomas
1587 3808 1685 3840 Rhliu.

1259 3854 1393 3889 Morgana
1406 3848 1557 3890 Kydwelly.
1975 3886 1980 3890 .
2006 3885 2010 3889 .
2072 3886 2078 3890 .

1259 3888 1365 3919 Thomae
1380 3887 1481 3918 Garth.
1839 3883 1873 3915 In
1889 3884 2033 3926 Dominio
2047 3883 2185 3926 Birssiopp
2198 3886 2311 3920 Castell.

1260 3926 1538 3993 RichargoRhZZon,
1555 3924 1588 3954 &
1838 3923 1926 3954 Teste
1944 3932 1972 3952 ut
1983 3926 2072 3960 supra.
2458 3958 2470 3973 ⁶

1285 3969 1311 3994 ri
1340 3973 1353 3994 t
1414 3975 1427 3992 e
1482 3988 1487 3992 .

1259 3968 1284 3995 G
1294 3963 1344 4033 l?
1360 3999 1549 4032 Comitatibus
1586 3998 1767 4030 Pendbroch.
1806 3999 1921 4028 Henrico
1938 4001 2041 4028 Vernon
2059 3998 2158 4033 Militi.

1259 4040 1443 4072 Carmerden.
1484 4039 1518 4071 ὃ(
1549 4036 1707 4077 Cardegan.
1739 4039 1769 4069 iu
1806 4036 1910 4075 Jacobo
1926 4036 2027 4067 Blount
2041 4038 2140 4071 Militi.

1257 4078 1401 4110 Suihwall.
1806 4075 1913 4106 Thema
1927 4074 2042 4117 Grifley.
