2555 4266
202 166 255 208 68

48 255 125 288 Anii.
141 254 181 284 D.
200 251 339 294 essemus,
358 247 442 279 etiam
458 244 478 275 fi
498 243 605 282 majora
624 241 676 272 sint
695 240 729 271 &
745 237 918 269 Mandatum
939 235 976 267 de
1002 235 1029 266 se
1048 234 1137 272 magis
1158 232 1268 271 exigant

50 303 126 361 13ιεῖΙῖ9
132 303 160 368 3}
201 288 462 360 spelgiglsnlttentes,
473 318 553 352 bona
566 317 635 348 Fide
652 318 685 347 &
702 317 732 346 in
749 314 850 346 Verbo
862 313 976 353 Regio,
994 312 1091 343 omnia
1109 311 1142 341 δε
1155 307 1270 347 singula,

204 376 270 405 quae
294 375 343 402 per
366 361 496 400 praefatos
519 356 759 392 Commissarios,
778 354 930 390 Oratores,
944 352 1163 386 Procuratores,
1180 348 1269 385 Lega-

203 414 248 436 tos
258 427 267 443 ,
284 404 442 439 Deputatos
458 399 491 430 &
507 397 644 427 Nunc'ios
658 393 769 424 nostros
783 394 817 424 &
831 392 905 422 Tres
927 400 1028 421 eorum
1051 387 1270 427 Appuncstuata,

204 441 360 478 Promissa,
381 435 583 472 Concordata,
600 434 633 465 &
647 432 789 463 Conclusa
803 431 928 468 fuerint,
942 431 973 460 in
990 431 1043 460 hac
1066 437 1162 465 parte,
1181 425 1271 460 Rata,

204 482 292 513 Grata
317 479 351 509 δε
374 477 469 507 Firma
494 475 639 505 habituros
659 473 692 503 ὅ(
713 471 929 508 observaturos,
947 470 981 499 &
995 466 1140 507 superinde
1164 463 1271 493 Literas

200 519 310 551 nostras
323 517 452 548 Patentes
468 514 572 544 Novas
587 521 634 541 aut
653 509 903 546 Confirmatorias,
921 506 1126 538 Ratificatorias
1137 527 1146 546 ,
1159 503 1193 532 &
1210 502 1272 537 Ap-

204 556 378 596 probatorias
390 555 421 584 in
433 552 526 584 forma
540 551 633 582 debita
647 551 681 581 ὅ(
696 549 856 586 autentica,
874 554 960 585 prout
983 555 1056 583 opus
1075 543 1175 579 fuerit,
1189 539 1273 570 datu-

203 606 249 628 ΥΟΕ
253 620 258 625 .

240 675 275 706 In
293 676 372 714 cujus
386 673 443 705 Rei
456 671 677 704 Testimonium
691 669 740 700 has
754 669 860 699 Literas
876 664 983 696 nostias
997 662 1059 694 fieri
1075 661 1197 692 fecimus
1216 656 1273 688 Pa-

203 723 301 746 tentes.

241 791 335 823 Teste
356 790 466 827 meipso
486 788 561 827 apud
586 782 843 824 westmonasterium
859 803 869 820 ,
896 779 1044 811 Vicesimo
1067 775 1188 807 octavo
1214 772 1273 803 Die

203 831 299 870 Maii,
316 831 405 862 Anno
419 828 518 866 Regni
533 826 621 857 nostri
635 823 764 854 Ostavo.

225 887 1267 918 *J——d—ae‘

241 962 291 994 De
315 952 554 1001 Restitutionibus
572 949 796 996 ‘Hmporalium
813 947 1005 994 Epifiopatus
1019 939 1234 991 lifintoniensis.

52 1062 130 1094 Anu.
142 1061 184 1093 D⁸
210 1044 489 1116 REsffiulicffietori
504 1042 552 1072 suo
568 1042 596 1071 in
613 1037 806 1070 Comitatibus
821 1033 1048 1072 Suthamptoniae
1065 1032 1099 1063 &
1115 1027 1273 1066 Wssrefiae,

52 1111 161 1170 524333'
246 1125 326 1155 Cum
342 1122 486 1152 Dominus
497 1122 618 1148 Summus
632 1114 763 1160 Pontifex
786 1112 988 1156 Venerabilem
1011 1109 1126 1140 Patrem
1145 1107 1275 1137 rhomam

54 1184 89 1207 H.
110 1163 148 1214 7⁴⁶
209 1173 291 1209 nuper
310 1161 464 1200 Epiftopum
487 1161 602 1195 Sarum,
619 1165 634 1185 a
654 1154 789 1189 vinculo,
807 1162 867 1196 quo
888 1150 982 1195 eidem
1002 1148 1139 1179 Ecclesiae
1155 1146 1276 1182 Sarum,

52 1222 110 1246 fa„
126 1218 152 1246 3·
212 1214 258 1234 cui
275 1207 494 1244 tunc'praeeiat,
511 1196 676 1231 tenebatur,
695 1192 873 1228 Absolverit,
891 1191 925 1222 δε
950 1188 1042 1227 ipsum
1062 1187 1097 1217 ad
1119 1184 1277 1217 Ecclesiam

55 1262 83 1284 H
101 1265 114 1290 7
162 1267 174 1284 2
211 1239 471 1279 Wyritoriiensem,
490 1243 640 1265 vacantem
664 1241 714 1269 per
738 1230 888 1268 Mortem,
907 1230 994 1259 bonae
1017 1226 1182 1269 memoriae,
1200 1225 1278 1252 Petri

89 1280 93 1284 ’
121 1264 157 1293 'p'
181 1277 187 1285 ⁶
211 1280 301 1310 ultimi
326 1277 446 1316 Epifiopi
467 1277 533 1304 Loci
558 1271 649 1309 illius,
666 1269 870 1304 Transtulerit‚
888 1267 1037 1305 ipsumque
1054 1267 1083 1295 in
1099 1263 1277 1302 Episcopum

211 1320 298 1350 dietae
322 1316 457 1347 Eccleliae
479 1310 693 1353 NVyntoniensis
719 1308 876 1346 praefecerit
896 1307 929 1337 &
952 1304 1118 1341 Pastorem,
1137 1302 1206 1332 sicut
1228 1309 1277 1338 per

212 1358 319 1389 Literas
332 1355 447 1385 Bullatas
461 1351 544 1389 ipsius
559 1349 686 1381 Domini
701 1350 801 1378 Summi·
816 1344 973 1386 Pontificis,
993 1343 1093 1374 Nobis
1114 1340 1181 1372 inde
1203 1339 1278 1370 dire-

208 1398 288 1465 &³1⁵5
307 1394 390 1425 nobis
404 1391 532 1430 constat,

286 1445 318 1464 os

247 1473 307 1504 Pro
323 1456 368 1502 'eo
392 1468 471 1508 quod
496 1467 566 1498 idem
582 1465 716 1503 Thomas,
741 1464 780 1495 sic
799 1463 833 1494 ad
849 1461 954 1493 &istam
973 1458 1129 1491 Ecclesiam
1148 1455 1279 1496 'nynto-

210 1512 337 1544 mensem
353 1507 536 1543 Transsatus,
560 1505 696 1535 omnibus
714 1505 747 1535 δε
767 1502 879 1542 singulis
898 1499 1018 1536 Verbis,
1044 1497 1142 1528 Nobis
1160 1497 1193 1527 ὃς
1216 1493 1280 1538 Co-

209 1561 288 1582 ronae
308 1548 414 1580 nostrae
432 1544 667 1584 praeiudicialibus
679 1566 689 1581 ,
713 1543 741 1572 iri
759 1542 841 1572 dietis
861 1540 963 1571 Literis
981 1535 1094 1569 Bullatis
1111 1542 1254 1580 contentis
1270 1556 1280 1570 ,

207 1594 309 1620 ‘coram
328 1587 428 1618 Nobis
446 1585 537 1622 palam
556 1584 590 1614 δε
610 1582 736 1620 expresse
754 1579 948 1611 Renunciavit
964 1600 973 1615 ,
996 1578 1030 1609 &
1049 1574 1158 1605 Gratiae
1177 1572 1279 1602 nostrae

211 1628 356 1660 humiliter
379 1626 407 1656 se
420 1622 558 1654 submisit
571 1644 580 1660 ‚
608 1621 736 1653 volentes
754 1629 823 1651 curn
842 1627 879 1649 eo
902 1617 934 1647 in
951 1615 1005 1646 hac
1024 1623 1101 1653 parte
1118 1621 1200 1652 agere
1219 1619 1280 1650 gra-

211 1677 387 1743 tloOee’pimus
411 1700 586 1731 Fidelitatem
601 1697 680 1742 *ipfius
702 1696 808 1727 Tlcomae
822 1719 832 1734 ,
851 1694 899 1739 ,fic
922 1692 956 1738 ad
987 1691 1096 1738 dieitam
1121 1688 1279 1734 Ecclesiam

210 1740 453 1784 Wyntoniensem
468 1738 625 1775 Transsati,
643 1737 676 1767 &
690 1734 875 1773 Temporalia
888 1731 1074 1771 Episcopatus
1088 1729 1159 1760 illius
1169 1752 1179 1766 ,
1196 1736 1280 1766 prout

212 1784 304 1820 moris
319 1781 378 1818 est,
397 1777 583 1815 Restituimus
600 1775 712 1813 eidem,
1192 1806 1196 1810 ι

251 1821 290 1852 Et
314 1820 380 1850 ideo
405 1817 476 1846 Tibi
500 1815 686 1852 Praecipimus
705 1811 786 1851 quod
806 1811 890 1841 eidem
913 1808 1038 1847 Thomae,
1057 1807 1095 1838 fic
1114 1805 1148 1836 ad
1171 1804 1278 1836 dustam

212 1859 366 1896 Eccleliam
389 1854 626 1895 NVyntoniensem
646 1851 816 1889 Transsato,
832 1848 1020 1887 Temporalia
1042 1845 1195 1884 praedicsta,
1209 1853 1279 1874 curn

213 1897 393 1931 Pertinentiis
403 1918 412 1934 ,
429 1896 458 1924 in
476 1892 581 1924 Bauiva
593 1891 640 1922 tufi
650 1915 659 1930 ,
680 1891 737 1921 sine
751 1890 901 1928 dilatione,
917 1888 1034 1918 Liberes
1050 1886 1078 1915 in
1096 1882 1192 1915 forma
1207 1892 1281 1921 prae·

210 1937 307 1974 'difflu
325 1936 400 1966 salvo
411 1934 478 1972 Jure
492 1931 647 1970 cujussibet.

237 1975 341 2020 „Teste
363 1974 446 2013 Rege
471 1970 545 2010 apud
570 1966 847 2009 Westmonasteri'um,
862 1965 1001 1999 vicesimo
1022 1963 1146 2002 septimo
1168 1960 1215 1992 die
1226 1959 1282 2000 Ju-

215 2025 263 2046 nii.

55 1305 91 1323 m.
111 1304 137 1323 2.

683 2087 738 2115 Per
756 2087 850 2114 Breve
864 2083 896 2113 de
911 2085 1030 2112 Privato
1047 2077 1149 2118 sigillo.

217 2166 385 2200 Consimilia
398 2165 494 2196 Brevia
510 2163 664 2203 diriguntur
681 2161 873 2192 Escaetoribus
888 2158 1059 2195 subscriptis,
1077 2157 1106 2186 in
1130 2154 1285 2186 Comitati-

376 2206 428 2237 bus
442 2203 616 2241 subscriptis,
633 2202 682 2232 sub
697 2199 774 2231 Data
789 2198 943 2238 praedicta,
962 2196 1114 2234 videlicet,

255 2290 395 2330 Efiaetori
410 2292 486 2327 Regis
502 2291 530 2316 in
549 2290 621 2315 Com.
635 2283 747 2325 Somets
760 2282 798 2320 ὠ
816 2281 905 2323 Dors

210 2366 213 2369 ‚
252 2330 393 2368 Esbaetori
407 2331 483 2365 Regis
496 2330 524 2355 in
539 2328 611 2354 Com.
628 2328 703 2354 Surr.

254 2369 392 2407 Escaftori
406 2369 482 2403 Regis
499 2369 528 2394 in
545 2367 616 2392 Com.
634 2363 704 2392 Buk.

210 2440 212 2442 ,
257 2408 395 2448 Escaetori
409 2408 489 2444 Regis
505 2408 535 2434 in
548 2406 620 2433 Com.
638 2405 729 2432 Oxon.
743 2399 780 2436 ό
795 2399 881 2430 Berk.

256 2494 294 2527 Et
308 2494 482 2527 Mandatum
496 2492 536 2523 est
552 2490 711 2528 Militibus,
730 2489 840 2520 Liberis
856 2485 1052 2524 Hominibus,
1069 2483 1131 2516 &c.

70 2666 90 2686 ᾗ
110 2666 180 2694 ΧΠ.
213 2674 215 2677 ,
428 2634 456 2662 θὲ
482 2635 572 2669 Bulla
598 2632 822 2668 Moderationis
844 2634 1094 2665 Immunitatum.

70 2715 136 2742 54¹·
475 2731 523 2765 R.
540 2728 624 2777 apud
639 2739 687 2762 me
707 2728 746 2761 L.
766 2721 1029 2760 Podocathatum.

76 2854 145 2886 Arm
166 2852 197 2884 D
228 2826 435 2892 ALexandeq·
453 2823 611 2865 Epifiopus,
629 2822 734 2855 Servus
755 2821 914 2853 Servorum
939 2819 1018 2859 Dei,
1034 2818 1068 2850 ad
1087 2818 1211 2850 futuram
1232 2815 1292 2848 Rei

150 2879 155 2884 ·
200 2878 205 2883 ·
303 2875 484 2898 memoriam.

99 2902 185 2932 ¹493·
264 2905 438 2937 Provisionis
454 2902 559 2933 nostrae
578 2901 664 2932 debet
681 2899 831 2938 provenire
849 2897 997 2935 Subfidio,
1016 2904 1048 2927 ut
1064 2895 1116 2935 Jus
1133 2896 1214 2926 suum
1231 2894 1295 2924 cui-

76 2937 128 2961 An.
149 2936 177 2960 κ·
227 2946 297 2976 libet
317 2945 515 2979 conservetur,
532 2940 613 2971 Hinc
629 2939 669 2970 est
685 2938 765 2978 quod
780 2937 848 2967 Nos
862 2936 1014 2967 Tenorem
1028 2935 1213 2973 quarumdam
1230 2933 1294 2963 Lit-

77 2977 113 2999 H.
133 2981 158 3006 7·
232 2992 353 3015 terarum
379 2981 469 3012 felicis
492 2979 692 3010 recordationis
711 2979 859 3007 Innocentii
877 2978 960 3014 Papae
975 2975 1082 3004 Ocslavi
1098 2971 1293 3004 Praedecesso-

80 3015 119 3037 Ex
133 3014 190 3036 Au-
232 3024 266 3052 ris
294 3021 384 3052 nostri
400 3042 410 3058 ,
436 3021 465 3049 in
484 3018 621 3057 Registro
639 3017 721 3056 ipsius
739 3024 883 3053 repertum
900 3038 909 3052 ,
935 3024 987 3051 pro
1003 3023 1038 3043 eo
1057 3012 1137 3050 quod
1157 3012 1228 3043 ficut
1246 3020 1294 3041 ex-

80 3056 145 3086 mg'·
230 3062 319 3092 hibita
344 3059 443 3090 Nobis
471 3067 558 3094 nuper
584 3067 637 3094 pro
663 3055 745 3086 Parte
770 3053 912 3085 Cariffimi
936 3054 967 3083 in
983 3051 1103 3082 Christo
1121 3051 1184 3082 Filii
1203 3049 1293 3080 nostri

231 3101 344 3130 Henrici
360 3100 471 3135 Septimi
486 3095 596 3133 Angliae
614 3098 690 3132 Regis
709 3092 825 3124 Illustris
846 3092 949 3123 Petitio
967 3091 1151 3128 continebat,
1170 3089 1225 3127 ipse
1241 3089 1296 3119 hu-

228 3137 353 3178 jusmodi
377 3136 498 3166 Tenore
518 3144 551 3164 ex
569 3135 652 3164 certis
671 3132 756 3163 causis
773 3130 864 3162 afferit
887 3131 913 3161 se
930 3129 1054 3168 indigere
1067 3152 1077 3168 ,
1102 3128 1138 3159 de
1157 3127 1295 3168 Registro

232 3177 292 3213 ipso
314 3177 349 3206 de
374 3175 466 3205 verbo
490 3172 524 3203 ad
546 3173 668 3204 verbum
696 3169 862 3207 transcribi,
887 3171 920 3201 &
939 3167 973 3199 ad
991 3168 1072 3207 ipsius
1089 3169 1203 3197 Henrici
1219 3169 1298 3204 Regis

234 3215 420 3283 S'icpphcamis
443 3212 603 3244 instantiam
625 3209 813 3242 Praesentibus
835 3209 964 3240 annotari
986 3207 1108 3238 fecimus
1122 3228 1132 3244 ‚
1158 3207 1206 3244 qui
1239 3207 1298 3237 talis

237 3257 264 3284 el
286 3278 295 3290 ,

277 3293 444 3321 Innocentius
462 3288 620 3330 Epfiopus,
637 3286 739 3318 Servus
757 3284 914 3316 Servorum
933 3283 1010 3322 Dei,
1028 3283 1063 3314 ad
1081 3292 1245 3322 perpetuam
1258 3284 1299 3314 rei

241 3339 418 3361 memoriam.

280 3369 445 3398 Romanurn
472 3366 553 3397 decet
578 3363 751 3395 Pontificem
774 3362 920 3393 concessas
944 3360 1143 3392 immunitates
1162 3383 1172 3397 ,
1201 3360 1304 3397 quibus

243 3406 319 3437 Mali
336 3406 362 3436 se
379 3414 507 3442 tuentur,
531 3407 564 3436 &
580 3403 666 3434 indies
683 3401 718 3433 ad
736 3400 836 3439 Pejora
851 3399 1070 3438 perpetrandum
1084 3400 1176 3443 ‘magis
1193 3398 1306 3428 ducun-

244 3452 307 3482 tur,
326 3444 413 3474 taliter
429 3443 584 3481 moderari,
603 3441 683 3479 quod
699 3440 800 3470 exinde
817 3449 877 3469 non
892 3439 1049 3477 praebeatur
1065 3448 1103 3468 eis
1115 3436 1304 3474 imposterum

650 139 1464 195 CONVENTIONE&

1521 133 1925 185 LITERAE‚

1304 226 1436 262 trahunt,
1454 224 1484 253 in
1498 220 1627 252 Personis
1644 220 1677 250 &
1692 219 1779 250 Bonis
1794 227 1940 257 nequeunt
1954 218 2095 250 molestari
2110 244 2119 258 ,
2144 219 2288 252 interdum
2307 230 2370 252 exe-
2390 220 2510 256 AniiD

1306 273 1358 295 unt
1378 263 1413 294 ad
1434 260 1549 300 aliquod
1570 257 1751 290 Maleficium
1776 257 1994 295 perpetrandum
2010 279 2019 295 ,
2045 268 2105 295 quo
2128 258 2315 297 Perpetrato,
2333 261 2368 291 ad
2406 271 2482 302 1493
2508 248 2521 261 '⁴

1304 304 1420 347 Locum
1442 298 1684 368 eorumffredeunt
1697 319 1708 335 ,
1727 296 1855 327 videntes
1879 295 1906 325 se
1919 304 1996 326 tutos
2011 295 2092 336 fote,
2109 297 2143 328 &
2160 307 2210 337 per
2222 298 2366 338 Justitiam
2386 305 2449 331 Hm.
2468 287 2497 340 7..

1324 352 1393 372 uniri
1412 350 1474 371 non
1510 349 1528 369 o
1556 348 1584 367 e·

1302 353 1321 381 P
1339 380 1410 410 Nos
1425 349 1531 417 iginii„
1550 362 1766 407 Iii'imunitatem
1781 371 1943 410 hujusmodi
1958 372 1988 401 in
2001 371 2096 410 aliquo
2110 374 2250 406 moderari
2265 376 2370 407 volen-

1303 428 1361 457 tes,
1380 429 1410 449 ut
1431 416 1593 454 hujusmodi
1614 413 1745 451 Improbi
1770 411 1916 441 Homines
1935 409 1972 440 de
1987 420 2092 441 caetero
2107 415 2195 452 magis
2209 414 2338 446 studeant
2351 425 2367 446 a

1304 458 1391 488 Malis
1404 455 1561 494 abstinere,
1581 452 1672 484 Motu
1690 451 1825 489 proprio,
1844 459 1904 479 non
1921 448 1955 478 ad
1973 448 2088 487 alicujus
2102 450 2201 482 Nobis
2216 453 2296 491 super
2309 454 2368 485 hoc

1302 497 1407 526 oblatae
1424 494 1574 524 Petitionis
1588 491 1747 522 instantiam
1756 513 1766 529 ,
1791 488 1837 519 sed
1850 487 1885 518 de
1901 487 1998 518 nostra
2014 496 2092 517 mera
2106 488 2319 524 Deliberationc
2333 493 2367 524 ὃ(

1302 543 1338 563 ex
1363 542 1438 564 certa
1460 532 1585 563 Scientia
1599 553 1609 569 ,
1629 529 1809 561 Aue‘toiitate
1827 526 2013 565 Apostolicfi,
2031 525 2150 557 Tenore
2164 528 2348 562 Piaeseniium

1303 572 1476 609 Statuitnus,
1492 570 1684 602 Decernimus
1700 591 1710 607 ,
1734 569 1767 598 &
1793 566 1986 604 Ordinamus,
2005 564 2087 602 quod
2100 565 2137 595 de
2151 575 2258 598 caetero
2270 555 2370 608 perpe2

1302 611 1357 641 tuis
1371 610 1470 641 futuris
1483 608 1661 646 temporibus
1674 606 1778 645 Fures,
1788 605 1956 635 Homicidae
1964 626 1975 643 ,
1988 603 2123 633 Latrones
2138 603 2268 645 Publici,
2277 608 2371 647 Agro-

1302 658 1369 679 rum
1389 647 1575 685 Populatores
1592 645 1726 676 ῃοᾶυῐηί
1741 667 1751 682 ,
1775 653 1859 681 prout
1881 644 1964 674 etiam
1988 642 2047 672 hoc
2064 651 2080 672 a
2098 641 2167 678 Jure
2182 647 2352 682 permittitur

1302 688 1378 719 &in
1391 686 1472 718 dietis
1491 685 1580 716 Locis
1595 692 1791 722 permanentes
1806 706 1815 722 ,
1830 692 1864 712 ac
1880 682 1915 713 ad
1930 680 2177 712 committendum
2195 683 2287 720 aliqua
2301 671 2370 716 Ma?-

1302 725 1393 755 leficia
1412 733 1544 755 exeuntes
1561 747 1571 763 ,
1593 725 1627 754 δε
1652 721 1687 753 ad
1708 721 1786 751 dicta
1814 722 1892 751 Loca
1915 720 2078 758 redeuntes,
2095 721 2160 750 inde
2173 721 2208 753 de
2226 721 2369 756 Mandata

1303 763 1393 802 Regis
1406 763 1478 793 dic'ti
1492 762 1589 801 Regni
1602 771 1656 799 pro
1669 769 1800 797 tempore
1816 759 1976 798 existentis,
1994 767 2041 789 aut
2055 758 2236 790 officialium
2251 760 2369 794 suorum

1303 802 1420 832 Extrahi
1441 802 1474 832 δε
1496 801 1571 839 Capi
1593 800 1682 831 libere
1698 799 1732 829 &
1754 798 1832 828 licite
1846 821 1856 836 ,
1882 799 1916 829 &
1935 798 2038 835 absque
2050 798 2167 835 alicujus
2180 798 2316 830 Censurae
2332 801 2367 832 &

1302 840 1405 871 Poenae
1417 838 1622 870 Ecclesiasticae
1635 837 1788 868 intercursu
1809 835 1893 874 polsit
1908 860 1919 876 ,
1943 837 2079 874 quodque
2091 836 2282 868 Debitoribus
2298 839 2370 870 alio-

1303 889 1367 909 rum
1383 879 1417 908 ad
1430 879 1506 908 diela
1532 878 1613 908 Loca
1638 875 1904 914 Confugientibiis,
1929 875 1948 905 si
1971 875 2031 905 hoc
2046 876 2076 904 in
2093 875 2234 907 Fraudem
2250 877 2370 909 fecerint

1304 917 1512 955 Creditorum,
1529 914 1622 954 quoad
1636 914 1716 945 Bona
1731 923 1853 953 eorum,
1873 913 2037 943 Immunitas
2052 923 2154 945 eorum
2170 917 2199 946 in
2220 916 2258 946 eis
2273 917 2303 946 in
2320 917 2372 947 ali-

1303 967 1363 996 quo
1378 966 1439 987 non
1452 955 1631 994 suffiagetur:

1343 995 1422 1034 Siqui
1438 996 1511 1025 vero
1528 995 1558 1023 in
1574 991 1660 1022 dietis
1672 991 1760 1022 Locis
1776 998 1859 1021 eruut
1873 988 1991 1028 suspecti
2003 991 2040 1020 de
2053 990 2184 1023 Crimine
2204 992 2294 1024 Laesae
2305 992 2375 1025 Ma-‘

1302 1033 1406 1074 jestatis
1422 1035 1471 1072 qui
1487 1033 1590 1063 fuerint
1601 1029 1758 1067 convicti,
1775 1039 1811 1059 ne
1827 1029 1902 1058 exire
1919 1028 2025 1067 poffint
2043 1029 2077 1059 ad
2092 1028 2194 1068 Pejora
2209 1041 2374 1070 perpetran-

1305 1074 1376 1103 dum
1395 1095 1406 1111 ,
1431 1074 1469 1102 eis
1490 1081 1540 1112 per
1562 1070 1674 1102 dietum
1693 1068 1807 1136 Reffem
1831 1067 2002 1104 deputentur
2018 1065 2161 1099 Custodes
2185 1072 2233 1107 qui
2247 1071 2309 1101 illos
2323 1072 2373 1103 ha-

1308 1111 1392 1143 beant
1415 1109 1557 1142 custodire
1572 1122 1582 1148 ι,
1606 1118 1666 1138 non
1690 1108 1732 1137 ob
1759 1106 1867 1136 antibus
1882 1104 2035 1136 Praemiffis
2048 1116 2080 1137 ac
2096 1106 2287 1148 Apostolicis,
2304 1120 2376 1141 nec-

1307 1161 1367 1181 non
1383 1151 1475 1180 bonae
1491 1149 1641 1179 memoriae
1657 1147 1768 1176 occonis
1788 1146 1821 1176 &
1842 1144 1973 1174 oczoboni
1989 1144 2060 1175 olim
2077 1146 2106 1176 in
2119 1145 2200 1176 did-o
2212 1146 2316 1186 Regno
2333 1150 2376 1180 A-

1291 1188 1458 1227 .postolicae
1481 1187 1561 1219 Sedis
1583 1186 1760 1223 Legatorum
1776 1207 1785 1222 ,
1803 1193 1836 1214 ac
1852 1184 1880 1213 in
1894 1182 2120 1214 Provincialibus
2139 1184 2172 1214 ὅτ.
2188 1184 2376 1224 Synodalibus

1309 1228 1448 1259 Conciliis
1479 1227 1559 1257 editis
1583 1224 1770 1256 Generalibus
1793 1222 1840 1253 vel
1863 1222 2037 1260 Specialibus
2056 1221 2316 1256 Constitutionibus
2339 1228 2375 1258 &

1309 1266 1545 1297 Ordinationibus
1561 1288 1571 1304 ,
1598 1263 1712 1294 Statutis
1738 1271 1854 1300 quoque
1878 1262 1912 1292 δε
1940 1260 2201 1293 consuetudinibus
2224 1261 2376 1297 Locorum

1308 1306 1533 1375 ffaedi&omm’
1558 1305 1591 1335 &
1612 1301 1760 1332 Ordinum
1780 1310 1906 1337 quorum
1920 1299 1964 1330 illa
1978 1300 2098 1339 fuerint,
2117 1310 2233 1332 necnon
2251 1303 2374 1339 ejusdem

1342 1346 1406 1384 egni
1416 1343 1585 1382 Juramento
1597 1364 1606 1380 ,
1625 1339 1856 1371 Coiifirmatione
1871 1338 2054 1378 Apostolicfi,
2072 1339 2116 1369 vel
2133 1341 2229 1377 quavis
2244 1340 2376 1375 firmitate

1308 1383 1360 1414 alia
1376 1383 1533 1420 roboratis,
1552 1380 1710 1418 Privilegiis
1726 1388 1844 1416 quoque
1857 1378 1890 1409 &
1910 1376 2043 1416 Induitis,
2062 1387 2095 1408 ac
2114 1378 2229 1410 Litteris
2247 1379 2377 1418 Aposto-

1310 1423 1371 1453 licis
1383 1421 1556 1462 generalibus
1573 1418 1620 1450 vel
1632 1417 1814 1456 specialibus,
1830 1417 1869 1447 eis
1886 1416 1974 1447 Locis
1997 1417 2024 1446 in
2041 1425 2146 1456 genere
2164 1417 2197 1448 &
2215 1418 2306 1456 specie
2341 1422 2376 1451 ac

1310 1462 1360 1492 sub
1378 1460 1522 1499 quibusvis
1535 1455 1701 1488 Verborum
1717 1456 1828 1486 Formis
1841 1456 1874 1486 ὃ(
1889 1454 2024 1485 Clausulis
2040 1479 2050 1495 ,
2068 1457 2152 1486 etiam
2172 1443 2379 1496 Derogato’ria-

1310 1509 1374 1530 rum
1398 1499 1596 1536 Derogatoriis
1619 1494 1757 1526 concessis
1775 1517 1786 1533 ,
1808 1495 1910 1532 quibus
1929 1495 2066 1524 omnibus
2086 1495 2192 1524 etiamsi
2209 1496 2244 1527 de
2259 1496 2311 1527 illis
2325 1505 2379 1528 eo-

1310 1535 1777 1614 {iiiissuespi‘ssfficfengefiss'ffirefii?
1799 1532 2380 1606 i{Yiffvssifflciiiniiessfi‘issgi‘iss’n‘iidfie'

1561 1599 1570 1612 ἱ
1780 1595 1790 1609 9
2364 1592 2379 1598 u

1312 1600 1404 1647 bendai
1419 1616 1511 1653 foret,
1529 1613 1661 1644 Tenores
1682 1610 1845 1649 hujusmodi
1866 1610 2049 1647 praesentibus
2065 1621 2118 1648 pro
2140 1611 2311 1644 sufficienter
2329 1586 2380 1644 e}-

1311 1653 1407 1692 preffis
1426 1654 1561 1685 habentes
1584 1650 1678 1689 quoad
1700 1648 1846 1680 Praemissa
1867 1647 1958 1679 Motu
1979 1649 2012 1680 &
2029 1649 2153 1680 Scientia
2167 1651 2302 1682 similibus
2315 1651 2380 1683 De-

1312 1702 1462 1731 rogamus,
1480 1690 1642 1729 caeterisque
1657 1691 1676 1709 ²¹²
1692 1688 1840 1719 contrariis
1855 1686 2099 1726 quibuscumque3
2119 1689 2219 1720 verum
2241 1691 2304 1728 quia
2323 1690 2378 1722 dif-

1311 1731 1385 1763 ficile
1407 1731 1483 1762 foret
1505 1729 1653 1768 praesentes
1674 1727 1794 1757 Litteras
1815 1725 1850 1756 ad
1873 1725 1977 1764 singula
1998 1735 2120 1764 quaeque
2133 1727 2214 1759 Loca
2230 1728 2259 1758 in
2276 1730 2379 1766 quibus

1312 1771 1461 1809 expediens
1476 1769 1559 1800 fuerit
1575 1767 1701 1803 deferre,
1718 1765 1872 1801 volumus,
1888 1774 1922 1794 ac
1939 1764 2052 1800 piaefata
2072 1765 2253 1798 AuCtoritate
2267 1766 2379 1800 Decer-

1312 1811 1424 1846 iiirnus,
1440 1807 1521 1846 quod
1539 1807 1648 1837 illarum
1668 1803 1877 1846 Transumptis.
1888 1800 1980 1833 Manu
2001 1802 2115 1840 alicujus
2130 1803 2245 1836 Publici
2262 1805 2381 1838 Notarii

1313 1849 1378 1880 inde
1394 1848 1485 1885 rogati
1499 1845 1654 1882 subscriptis
1665 1866 1674 1882 ,
1689 1843 1723 1874 &
1737 1842 1839 1879 sigillo
1853 1840 1977 1878 ejusdem
1992 1839 2100 1880 Regis,
2120 1841 2164 1872 vel
2185 1842 2301 1880 alicujus
2317 1844 2381 1876 Cu-·

1313 1889 1362 1918 tiae
1376 1885 1530 1924 Spiritualis
1546 1883 1677 1920 munitis,
1696 1891 1727 1912 ea
1741 1879 1853 1919 prorsus
1870 1881 1898 1909 in
1912 1878 2028 1918 Judicio
2042 1880 2077 1911 ὃ(
2087 1888 2179 1919 extra,
2189 1881 2223 1912 δε
2237 1882 2302 1913 alias
2318 1885 2383 1914 ubi-

1313 1927 1383 1957 libet
1397 1924 1478 1956 Fides
1493 1923 1657 1955 adhibeatur
1666 1944 1676 1960 ,
1694 1930 1760 1959 quae
1773 1918 1954 1959 praesenti'bis
1969 1918 2148 1950 adhiberetur
2158 1943 2169 1958 ,
2196 1921 2216 1951 si
2229 1920 2319 1953 essent
2331 1932 2380 1954 ex-

1316 1965 1415 1996 hibitae
1431 1964 1476 1995 vel
1492 1961 1629 2000 ostensae,

1350 2002 1434 2034 Nulli
1449 2011 1518 2042 ergo
1535 2001 1658 2031 omnino
1665 1997 1835 2029 Hominum
1850 1995 1932 2027 liceat
1945 1995 2019 2027 hanc
2028 1995 2167 2036 Paginam
2182 1996 2289 2028 nostrae
2299 1998 2384 2030 Con.

1315 2042 1470 2073 stitutionis
1487 2063 1497 2079 ,
1525 2039 1648 2076 Statuti,
1675 2036 1895 2074 ordinationis,
1918 2035 2139 2076 Derogationis,
2154 2035 2316 2069 Voluntatis
2349 2041 2384 2072 δε

1316 2080 1438 2113 Decreti
1453 2079 1624 2119 infringere,
1642 2077 1702 2108 &c.
2319 2061 2331 2078 ²

2401 1691 2421 1716 ἐ
2437 1696 2505 1726 xm

2403 1745 2469 1773 542-
2494 1767 2497 1769 .

1354 2140 1467 2190 Datum
1484 2160 1575 2188 Romae
1590 2140 1664 2194 apud
1673 2153 1802 2184 Sanitium
1820 2143 1931 2182 Petrum
1954 2150 2043 2182 Anno
2057 2150 2259 2183 Incarnationis
2272 2153 2383 2186 Domi-

1316 2198 1389 2228 nicae
1406 2196 1581 2240 Millesimo,
1600 2192 1910 2237 Qadringentelimo,
1928 2189 2134 2230 Oetuagesimo
2147 2191 2287 2232 septimo,
2302 2194 2384 2226 oeta.

1315 2247 1356 2269 vo
1375 2236 1417 2267 Id.
1438 2233 1558 2274 Augusti
1570 2257 1580 2272 ,
1598 2230 1786 2263 Pontificatus
1802 2229 1892 2261 nostri
1904 2229 1994 2260 Anno
2010 2230 2103 2260 tertio.

1355 2312 1503 2344 Caeterum
1523 2319 1555 2342 ut
1575 2308 1738 2342 earumdem
1755 2308 1926 2338 Litterarum
1945 2306 2049 2337 Tenor
2062 2306 2231 2346 praedictus,
2248 2307 2287 2339 fic
2300 2309 2386 2342 inser.

1321 2361 1385 2389 tus,
1400 2350 1602 2383 omnimodam
1623 2348 1681 2379 Rei
1704 2348 1750 2378 seu
1777 2346 1856 2377 fac'ti
1879 2344 2081 2377 certitudinem
2095 2345 2195 2384 faciat,
2211 2347 2381 2386 Apostolica

1318 2392 1498 2423 Auctoritate
1520 2389 1710 2420 Decernimus
1725 2409 1735 2424 ,
1760 2395 1791 2416 ut
1817 2384 1885 2415 illud
1909 2384 1986 2415 idem
2008 2383 2113 2414 Robur
2128 2407 2138 2422 ,
2163 2394 2285 2423 eamque
2298 2386 2384 2425 Vim,

1315 2431 1501 2468 ‚eundemque
1515 2430 1650 2466 vigorem
1665 2425 1759 2456 dit-[ius
1780 2423 1882 2455 Tenor
1898 2433 1947 2463 per
1968 2423 2067 2453 ornnia
2083 2423 2200 2463 habeat,
2219 2434 2283 2462 quae
2295 2425 2385 2456 habe.

1318 2478 1383 2501 rent
1400 2467 1557 2508 Originales
1580 2466 1696 2497 Litterae
1714 2462 1880 2501 supradittae
1893 2485 1903 2501 ,
1924 2471 1958 2493 ac
1979 2461 2079 2493 eadem
2095 2463 2205 2500 prorsus
2217 2462 2312 2494 eidem
2323 2464 2386 2495 Te·

1321 2509 1386 2539 nori
1402 2507 1485 2538 Fides
1498 2506 1677 2541 adhibeatur,
1696 2502 1937 2542 quandocumque
1953 2501 1987 2531 δε
2005 2500 2182 2538 ubicumque
2194 2500 2250 2532 five
2263 2502 2292 2532 in
2302 2502 2386 2540 judi..-

1321 2548 1370 2578 cio
1387 2546 1443 2577 five
1458 2545 1521 2576 alibi
1536 2544 1585 2575 ubi
1599 2543 1683 2574 fuerit
1701 2541 1840 2572 exhibitus
1855 2540 1902 2570 vel
1915 2537 2057 2575 ostensuS,
2072 2548 2106 2568 ac
2124 2539 2217 2570 eidem
2235 2538 2322 2572 stetur
2338 2541 2388 2572 fir.

1323 2587 1406 2616 miter
1429 2586 1456 2614 in
1477 2583 1611 2614 omnibus
1624 2604 1634 2620 ,
1660 2581 1730 2611 ficut
1752 2578 1856 2609 eisdem
1871 2576 2066 2614 Originalibus
2082 2576 2197 2608 Litteris
2215 2576 2344 2618 staretur,
2363 2581 2386 2613 fi

1322 2625 1419 2656 forent
1437 2621 1571 2654 'exhibitae
1594 2620 1641 2651 vel
1655 2617 1774 2650 ostensae
1789 2628 1799 2656 3
1818 2626 1866 2660 per
1879 2615 1938 2646 hoc
1954 2625 2050 2646 autem
2064 2616 2175 2646 nullum
2186 2615 2238 2655 Jus
2251 2619 2388 2657 cuiquam

1323 2663 1360 2694 de
1373 2672 1453 2692 novo
1467 2661 1574 2699 acquiri
1588 2658 1724 2689 volumus
1738 2655 1784 2687 sed
1797 2664 1941 2693 antiquam
1955 2655 2159 2686 tantummodo
2172 2655 2340 2688 conservari.

1320 2702 1334 2723 ’-
1361 2701 1447 2732 Nulli
1465 2709 1553 2738 ergo,
1569 2697 1631 2729 &c-

1360 2778 1430 2812 Dat.
1449 2783 1540 2810 Romae
1555 2777 1631 2817 apnd
1640 2777 1770 2807 Sandlum
1786 2776 1897 2804 Petrum
1910 2797 1920 2812 ,
1935 2771 2024 2804 Anno
2043 2772 2248 2809 Incarnationis
2262 2771 2388 2809 Domini

1325 2820 1500 2856 Millesimo,
1520 2814 1810 2860 Quadringentesimo
1823 2837 1834 2852 ,
1849 2812 2052 2856 Nonagesimo
2065 2814 2165 2853 tertio,
2184 2814 2289 2847 Tertio
2302 2815 2390 2848 Nori>

1321 2860 1388 2900 Juiii
1398 2883 1408 2896 ,
1426 2856 1614 2889 pontificatus
1630 2854 1719 2885 nostri
1733 2853 1822 2884 Anno
1838 2851 1947 2882 Primo.

2072 2931 2114 2959 D.
2131 2921 2278 2959 Gallettus‘.

1468 3079 1631 3115 vallatus
1648 3078 1731 3127 apud
1748 3073 1931 3128 Edynburgh
1948 3076 2137 3122 Confirmatio
2157 3078 2255 3124 Regis.

1333 3167 1423 3227 RE
1435 3165 1466 3198 X
1491 3167 1646 3205 omnibus,
1664 3165 1699 3196 ad
1713 3175 1802 3204 quos,
1820 3164 1881 3194 &c.
1901 3161 2036 3193 Salutem.

1430 3205 1700 3236 Inspexiiuus
1727 3208 1942 3242 QUANDAM
1965 3200 2298 3238 INDENTURAM,
2318 3200 2391 3232 inter

1332 3245 1469 3276 Oratores
1488 3246 1522 3276 &
1545 3242 1763 3273 Commissarios
1784 3241 1895 3270 nostros
1913 3240 1948 3270 δε
1965 3238 2102 3269 Oratores
2126 3239 2160 3270 &
2173 3238 2392 3271 Cornmiffarios

2411 3184 2489 3218 Ann.
2504 3181 2547 3225 D,

2431 3234 2517 3265 1493·

1332 3283 1477 3314 Cariffimi
1495 3281 1706 3321 Consanguinei
1726 3279 1814 3324 nostri
1836 3277 1938 3317 Jacob}
1957 3281 2094 3307 Scotorum
2110 3280 2190 3315 Regis
2204 3277 2278 3318 apud
2292 3277 2393 3319 Edyn·
2411 3267 2464 3294 ‘4²¹-
2479 3265 2510 3293 3·

1331 3322 1425 3361 burgh
1444 3331 1532 3359 nuper
1551 3330 1620 3351 FAc
1631 3329 1653 3350 T
1663 3330 1682 3350 A
1694 3326 1721 3349 Μ
1732 3343 1742 3357 ,
1758 3328 1786 3348 iii
1802 3317 1866 3348 haec
1881 3316 1985 3355 verba,
2415 3305 2532 3369 gog-8-

1420 3407 1478 3429 AEc
1502 3396 1796 3431 INDENTURA,
2418 3383 2536 3415 H.7.m.

1450 3436 1497 3466 Fi
1508 3443 1585 3465 cTA
1614 3433 1687 3471 apud
1699 3431 1865 3470 Edynburgh
1888 3432 1947 3461 ch
1958 3441 2010 3460 imo
2025 3430 2136 3470 Qinto
2152 3433 2208 3460 Die
2225 3431 2327 3472 Menfis

2339 3422 2447 3470 ,m

246 3492 323 3514 tanta
341 3482 531 3519 Delinquendi
549 3481 671 3511 facultas.
711 3479 785 3509 Sane
798 3501 808 3515 ,
830 3478 901 3508 sicut
923 3478 1087 3514 accepimus
1104 3500 1113 3509 ,
1139 3477 1170 3505 in
1194 3475 1307 3512 Angli-,2
1337 3478 1396 3514 nii,
1415 3476 1501 3504 Anno
1517 3476 1628 3502 Domini
1644 3470 1805 3511 Millefimo‚
1824 3470 2098 3513 Qadringentcfimo
2114 3492 2124 3507 ,
2144 3471 2321 3507 Nonageimo
2332 3474 2400 3500 Ter.

247 3521 355 3560 Regno
381 3520 515 3550 nonnulla
533 3518 728 3550 Ecclesiastica
746 3518 804 3547 tarn
823 3516 963 3547 Secularia
986 3516 1072 3553 quarn
1091 3513 1232 3558 Religiosa
1247 3512 1311 3544 Lo-

1330 3517 1393 3552 .ti0,
1411 3514 1482 3543 inter
1495 3512 1583 3549 Nos,
1601 3509 1781 3541 Willielmum
1794 3511 1949 3553 Epyqopum
1964 3507 2184 3547 Aberdonensbm
2267 3508 2398 3539 ustodem

248 3571 282 3592 ca
302 3561 363 3591 sore
383 3558 534 3589 noscuntur
549 3581 558 3596 ,
580 3568 644 3596 quae
665 3557 711 3588 tali
726 3555 848 3595 gaudent
864 3554 1051 3586 Immunitate
1065 3576 1075 3592 ,
1100 3562 1253 3596 utquicun
1275 3561 1311 3582 ue
1340 3552 1447 3583 Secreti
1469 3549 1557 3589 Sigilli
1580 3549 1732 3587 Suppremi
1751 3547 1877 3578 Domini
1899 3545 2009 3585 nostri,
2034 3549 2112 3584 Regis
2126 3569 2137 3586 ,
2150 3531 2311 3585 Jot’mnem
2324 3545 2400 3586 Roffl

248 3597 411 3630 Facinorosi
431 3597 464 3627 &
483 3596 673 3627 Scelestiffimi
690 3595 834 3625 Homines
854 3602 1031 3632 quaecunque
1049 3590 1238 3628 Homicidia,
1277 3601 1311 3620 n-

251 3639 351 3669 cendia
367 3660 376 3675 ,
401 3635 564 3674 sacrilegia,
589 3644 671 3672 atque
692 3634 793 3671 Furta,
819 3634 852 3663 &
870 3632 921 3663 alia
936 3631 1015 3662 Mala
1033 3631 1263 3666 committentes,
1282 3639 1313 3659 e-

252 3679 320 3708 tiam
340 3676 481 3706 Latrones
492 3674 597 3711 publici
611 3675 643 3704 ὃς
660 3673 806 3710 Agrorum
825 3671 1024 3709 populatores,
1038 3680 1072 3700 ac
1086 3670 1125 3700 rei
1141 3667 1230 3698 Laesae
1245 3666 1315 3698 Ma-

247 3714 354 3754 jestatis
372 3715 405 3746 &
422 3712 598 3743 Debitorum
617 3713 758 3748 aliorum,
776 3709 811 3740 ad
828 3710 871 3740 illa
885 3718 1076 3746 recurrentes,
1094 3709 1126 3738 &
1141 3707 1171 3737 in
1187 3706 1237 3736 illis
1250 3716 1315 3736 mo·
1332 3704 1471 3737 Domini
1493 3703 1585 3734 nostri
1608 3702 1656 3733 Re

254 3763 316 3783 ram
334 3753 488 3792 trahentes,
505 3749 572 3780 inde
588 3750 710 3788 extrahi,
727 3750 760 3780 &
780 3749 810 3779 in
827 3758 929 3780 eorum
947 3747 1032 3779 Bonis
1049 3748 1083 3778 &
1101 3745 1230 3777 Personis
1251 3754 1319 3776 mo-
1336 3741 1519 3776 'Sereniffimi
1534 3741 1634 3773 illustri
1671 3743 1766 3779 mique
1783 3740 1920 3777 Principis

253 3791 343 3822 lestari
361 3800 420 3821 non
435 3789 556 3828 poffint:

1340 3590 1377 3621 de
1390 3588 1603 3628 Montgrenane
1627 3586 1754 3618 Militem
1770 3609 1780 3624 ,
1883 3584 1961 3616 'stros
1974 3609 1984 3623 ,
2003 3584 2164 3623 Johannem
2177 3584 2288 3626 Fresc'ale
2302 3585 2400 3616 Deca-

1342 3638 1412 3660 num
1428 3626 1554 3664 Capellae
1578 3626 1682 3664 Regiae
1701 3625 1738 3656 de
1754 3624 1892 3663 Lestalrig
1906 3624 2053 3655 Clericum
2068 3623 2248 3654 Rotulorum
2261 3625 2296 3654 &
2308 3623 2404 3660 Regi-¹

1343 3667 1392 3698 stri
1407 3676 1440 3697 ac
1454 3665 1598 3704 Concilii,
1619 3667 1652 3696 &
1664 3664 1812 3694 Ricardum
1827 3662 1938 3701 Lausbn
1957 3662 2105 3693 Clericum
2115 3661 2281 3702 Justiciatiae
2295 3662 2406 3698 praefati

1677 3705 1698 3733 is
1714 3727 1724 3741 ,
1747 3701 1946 3740 Consiliarios,
1965 3701 2119 3738 Oratores,
2136 3701 2170 3732 &
2185 3699 2408 3730 Commiffarios

1933 3739 2040 3808 gacobi
2053 3742 2130 3776 Regis
2144 3742 2282 3770 Scotorum
2297 3747 2332 3768 ex
2348 3738 2406 3770 una

1347 3783 1432 3815 Parte
1443 3806 1452 3818 ,
1472 3782 1506 3812 &
1525 3780 1730 3811 Reverendum
1754 3781 1783 3810 in
1799 3778 1918 3809 Christo
1957 3788 2045 3809 atrem
2061 3777 2207 3808 Ricardum
2219 3778 2258 3805 A
2277 3776 2408 3817 ηψπ-[ἔπι

284 3830 338 3873 Ἐκ
361 3839 420 3867 quo
442 3829 595 3867 sequuntur
611 3827 749 3857 continue
763 3848 774 3863 ,
791 3825 873 3856 causa
886 3824 1076 3856 Immunitatis
1090 3821 1271 3861 hujusmodi,
1288 3822 1318 3852 in
1350 3820 1521 3860 Eptfiopum‚
1541 3818 1717 3849 Willielmum
1729 3817 1809 3859 Tyler
1823 3817 1968 3855 Militem,
1989 3820 2136 3846 Henricum
2149 3817 2232 3853 Ayne
2245 3814 2339 3844 worth
2353 3815 2410 3846 Le-

262 3867 341 3897 dieto
362 3868 468 3911 Reono
491 3865 656 3910 quamplura
679 3863 794 3908 Damna
814 3874 899 3901 atque
918 3863 998 3894 Mala
1013 3886 1022 3902 ,
1043 3872 1076 3893 36
1092 3861 1256 3904 Creditores
1271 3861 1323 3890 de-
1352 3869 1425 3898 gum
1440 3858 1626 3896 Doclorem,
1643 3859 1676 3889 &
1690 3856 1850 3896 Johannem
1869 3860 2038 3896 Cartyngton
2053 3854 2251 3890 Armigerutn,
2270 3852 2411 3885 Consilia-

266 3905 420 3935 fraudantur
442 3916 472 3935 in
491 3902 623 3935 Pecuniis
647 3905 681 3934 δε
701 3902 758 3932 aliis
781 3901 879 3932 Rebus
902 3903 939 3932 eis
960 3912 1010 3941 per
1031 3900 1099 3932 alios
1113 3900 1230 3936 debitis,
1249 3899 1321 3930 cum
1352 3900 1408 3929 rios
1422 3921 1433 3935 ‚
1459 3896 1595 3928 Oratores
1608 3920 1618 3933 ,
1643 3898 1678 3928 ὃ(
1700 3895 1920 3926 Commiffarios
1937 3892 2110 3925 Sereniffimi
2123 3890 2414 3932 Excellentiffiinique

410 3892 428 3906 D

266 3942 340 3980 illas,
356 3943 426 3972 dum
449 3944 555 3980 praefati
580 3942 734 3974 Debitores
753 3941 783 3971 in
797 3940 881 3970 dietis
893 3940 982 3972 Locis
995 3949 1109 3971 moram
1122 3937 1251 3975 trahunt,
1269 3947 1321 3968 ne-

235 4011 238 4017 ,
267 3990 370 4019 qUeasst
385 3991 557 4024 recl-lpesarel

304 4017 454 4061 Contingit
467 4020 550 4063 etiarn
563 4019 774 4056 saepenumero,
793 4016 873 4054 quod
886 4011 1044 4054 hujusmodi
1060 4015 1134 4047 Mali
1154 4011 1188 4046 δ’(
1202 4013 1325 4045 Facino-
1356 4013 1450 4054 Junji.

269 4057 323 4088 rosi
331 4055 474 4088 Homines
483 4079 494 4095 ‚
511 4056 638 4090 videntes
649 4057 754 4089 habere
765 4055 883 4089 Locum
897 4064 992 4087 tutum
1005 4056 1035 4087 in
1048 4065 1108 4095 quo
1122 4055 1194 4086 dum
1211 4063 1325 4086 moram
1420 4056 1423 4058 '

1355 3936 1495 3974 Principis
1506 3937 1620 3965 Henrici
1634 3937 1711 3972 Regis

1724 3938 1778 3965 An
1794 3932 1857 3974 liae,
1873 3943 1908 3964 ex
1920 3933 2004 3963 altera
2018 3930 2119 3968 Parte,

1392 3974 1635 4007 Tris-uruit
1660 3973 1740 4013 quod
1757 3945 1793 4004 15

1794 3982 1826 4004 os
1837 3994 1849 4011 ,
1871 3970 1932 4009 ἀι.
1950 3977 1982 4002 ut
1993 3968 2079 4009 stapra
2097 3969 2130 3999 de
2144 3970 2218 4000 Dat.
2228 3968 2344 4017 secundo
2358 3969 2415 3998 Die

2291 4060 2426 4120 ,φῶ
