2555 4266
733 211 843 253 ET
907 212 1174 254 ACTA
1236 196 1715 257 PussttcA.

22 276 103 311 Ann.
121 275 166 309 D.

47 322 136 355 1442.

20 361 91 388 ΕΗΒ
113 356 143 383 6’
331 381 381 414 De
395 379 488 413 Salvo
506 380 656 413 Candabia
668 392 723 428 pro
740 385 829 429 Raffb
844 382 880 416 de
900 383 1078 418 Grimaldis.

23 475 101 509 Anu,
117 475 160 507 D.
175 468 316 525 REX,
334 478 384 507 per
399 468 502 500 Literas
514 469 570 500 suas
586 469 733 506 Parentes,
750 479 800 509 per
813 471 986 502 Triennium
1001 469 1158 513 duraturas,
1176 469 1233 501 sus-

54 524 68 544 ι
117 525 142 544 2,
252 509 328 546 cepit
341 509 371 538 in
386 506 493 538 salvum
507 509 541 540 &
555 508 683 539 securum
704 508 892 540 Conduetum
905 509 986 539 suum
1000 529 1010 545 ,
1036 517 1068 538 ac
1090 517 1118 537 in
1133 507 1233 539 Prote·

23 556 78 582 An.
94 563 139 580 20.
173 548 302 580 &ionem
317 569 327 585 ,
345 545 516 577 Tuitionem
532 569 542 585 ,
561 548 594 578 &
610 547 815 577 Defenfionem
837 546 893 576 suas
905 546 1052 584 speciales,
1071 545 1232 588 Raffum-de

27 595 63 619 Η.
81 593 108 618 6.
172 584 322 618 Grimaldis
336 607 346 623 ,
365 585 396 614 in
413 583 503 621 Janua
523 585 677 615 oriundum
689 606 699 621 ,
716 585 745 613 in
768 583 924 621 Hispannia
946 584 1085 621 Nuptum
1102 607 1112 621 ,
1129 586 1162 615 &
1179 585 1230 614 iub

22 623 384 658 rranc.20.Dominatione
406 622 498 660 Regis
516 622 649 653 Castellae
670 630 897 652 commorantem
913 646 922 661 ,
938 623 968 652 in
983 620 1124 658 Regnum
1139 621 1232 660 Regis

27 671 63 696 Η.
83 670 108 695 6.
173 662 311 701 Angues,
330 670 399 692 curn
419 661 626 698 Servientibus,
644 659 745 697 Bonis,
764 661 796 692 δε
814 658 997 691 Mercandilis
1014 659 1082 698 suis,
1098 659 1175 691 salvo
1195 663 1229 692 ὅ(

21 713 64 734 ει.
81 713 112 742 5.
169 702 264 733 secure
290 700 430 731 veniendo
443 723 452 737 ,
476 698 580 730 ibidem
600 696 740 728 morando
753 720 763 736 ,
788 698 964 735 expeetando
979 721 989 737 ,
1015 698 1048 729 &
1072 699 1232 730 mercandi-

169 740 364 810 βῃὲξέκίῃάὲ
379 798 389 814 ,
408 776 535 816 quotiens
548 774 600 805 fibi
614 772 764 811 placuerit,
781 773 898 804 durante
910 773 1039 811 praesenti
1052 774 1127 805 salvo
1151 774 1234 805 Con-

171 816 263 848 ἀυᾶιι
277 815 366 854 Regis
379 837 389 852 ,
407 823 477 844 cum
497 811 690 843 Servientibus
703 834 712 849 ,
729 821 762 842 ac
784 811 872 842 Bonis
886 835 896 850 ,
917 813 950 843 &
972 812 1159 843 Mercandifis
1178 813 1230 844 suis

172 854 313 894 praedicstis
328 876 338 891 ,
355 862 404 892 per
422 852 544 882 Terram
558 851 591 881 &
607 859 657 887 per
678 850 792 888 Aquam
805 873 815 889 ,
834 851 937 889 absque
958 850 1101 889 Laesione,
1121 850 1231 883 Grava-

173 895 269 930 ‘nine’
285 886 1226 959 ggppdffigdngffp33333330s1&effigffigptffiguffi,335-

169 932 231 1001 bg}
238 932 396 1004 gffiarqffi„
413 950 646 1005 Controma'rqua
660 987 670 1003 ,
689 949 834 996 Con'cessa
846 989 856 1005 ,
875 951 1163 1006 five'Concedenda’,
1180 976 1229 998 aut

172 979 231 1040 tallia
245 1005 341 1036 Causa
353 1013 535 1044 quacumque
550 1014 611 1036 non
623 1002 761 1037 obstante.

211 1044 250 1076 Et
262 1043 329 1074 ideo
338 1065 348 1081 ,
362 1044 422 1074 &c.

212 1082 290 1114 Non
305 1080 470 1119 inferentes,
490 1081 553 1113 &c.

208 1118 248 1151 Et
263 1119 283 1150 fi
318 1119 381 1158 uid,
400 1119 462 1150 &c.

208 1158 267 1189 Pro
290 1159 294 1164 '
308 1168 327 1188 o
341 1156 543 1196 semperquod
552 1157 629 1194 Regi
642 1157 678 1201 de
685 1156 846 1196 Custumis,
855 1157 989 1202 Subsidiis
1000 1159 1050 1197 ,&
1062 1159 1120 1189 aliis
1134 1158 1233 1190 Deve-

174 1198 250 1266 ’ὒέῑ
271 1196 344 1266 Ῐῖῗὲἒῗ
369 1196 517 1265 ³323&
519 1195 626 1272 35ss5?
627 1196 1233 1274 ἳὲ153ὲὶῗεῖῗωὸῗῂῗῖῗέἓἕᾶἶέζὲἓὲἀὲἒῒὲἰ

177 1273 257 1305 neste
264 1246 297 1304 qse
309 1244 430 1303 habemur
444 1274 478 1304 &
494 1281 591 1312 gerant
610 1282 674 1308 erga
682 1272 799 1310 Regem
816 1274 849 1304 &
862 1272 1007 1309 Populum
1021 1273 1101 1304 suum
1111 1275 1234 1312 ‚absque

180 1313 275 1350 aliquo
283 1311 412 1343 faciendo
418 1311 463 1342 seu
478 1310 669 1348 attemptando
677 1311 752 1348 quod
764 1311 795 1340 in
803 1303 891 1350 Regis
903 1312 1104 1355 Praejudicium
1117 1323 1163 1344 aut
1176 1313 1235 1344 Po-

178 1351 238 1390 puli
252 1351 292 1382 sui
305 1350 432 1391 praedieti
449 1349 618 1388 Dampnum
639 1350 737 1379 cedere
749 1349 839 1379 veleat
854 1359 955 1387 quovrs
970 1351 1079 1389 modo,

178 1392 180 1394 '
216 1389 254 1420 Et
291 1388 351 1420 uod
367 1399 428 1419 non
445 1386 550 1417 intrent
565 1386 654 1426 aliqua
669 1386 854 1424 Castrorum,
871 1388 1095 1427 fortalitiorum,
1112 1389 1159 1420 seu
1176 1390 1238 1420 Vil-

176 1427 265 1458 larum
314 1428 370 1464 egis
389 1427 407 1446 *
427 1424 597 1455 firmatarum
619 1425 721 1463 absque
740 1436 775 1456 eo
817 1426 877 1456 uod
898 1427 946 1463 ipsi
969 1427 1115 1464 praesentes
1130 1428 1236 1459 Literas

33 1469 164 1507 *X1.13.
178 1465 270 1503 Regis
283 1465 318 1496 de
330 1464 416 1495 Salvo
431 1462 588 1507 Conducssu
607 1462 784 1502 Capitaneis‚
797 1436 992 1502 &ustodibum
1012 1465 1068 1496 five
1079 1465 1235 1498 Guberna-

177 1505 284 1535 toribus
299 1501 469 1533 eorumdem
485 1501 615 1542 primitus
627 1501 832 1532 demonstrent.

212 1542 301 1573 Teste
316 1541 396 1580 Rege
410 1539 484 1578 apud
499 1539 775 1580 Wstmonasterium,
786 1540 902 1571 decimo
917 1540 996 1572 sexto
1014 1540 1074 1572 Die
1085 1541 1161 1581 Julii.

175 1620 230 1651 Per
249 1616 332 1658 igficm
347 1620 460 1656 Regem,
477 1614 516 1652 ῤ’
531 1617 564 1647 de
576 1619 660 1646 Data
667 1617 818 1656 Ρνιεᾶἱέῖα,
835 1619 1017 1648 ,quaeritate
1030 1618 1221 1650 Parliamenti.

364 1747 414 1780 De
432 1742 622 1789 Rssitutione
632 1755 688 1792 pro
707 1746 841 1793 Epifiopo
858 1746 1042 1791 Menevenfi.

246 1830 309 1863 EX
327 1830 470 1863 Escaetori
483 1832 531 1862 fiio
543 1832 573 1862 in
588 1831 737 1863 Comitatu
752 1831 943 1871 Herefordiae,
964 1842 999 1864 ac
1012 1831 1150 1864 Marchiis
1158 1831 1242 1865 Wal-

39 1875 168 1910 'Ann,D.
180 1837 244 1903 R
255 1872 311 1920 §liae
324 1871 419 1915 eidem
435 1869 595 1917 Comitatui
610 1870 816 1909 adjacentibus,
835 1870 972 1917 Salutem.

37 1924 148 1986 iffi:
182 1908 1167 1991 ςιῗῡὲἯαέῗιὲἑὲἳὲἷέῗῖἔέἑιέῗῖἒῖἕὲἴξζὲἶῖἒῗρῧὲἔεῗὲἱῗιὲξ
1183 1909 1244 1992 1ξῖ

41 1999 78 2025 H.
94 1995 122 2022 6,
185 1987 247 2024 tris,
267 1985 371 2016 Thomae
382 2009 391 2023 ,
409 1986 498 2015 ultimi
514 1985 634 2025 Episcopi
650 1988 716 2015 Loci
728 1985 815 2024 illius,
832 1987 926 2016 eidem
946 1986 1079 2017 Ecclefiae
1097 1988 1132 2018 de
1146 1986 1243 2018 Perio-

38 2038 100 2063 ras.
110 2042 155 2059 20.
186 2035 238 2062 m,
255 2024 407 2062 praedileffi
428 2024 534 2054 Clerici
557 2024 664 2062 nostri,
684 2023 814 2062 Magistri
837 2023 980 2054 willielmi
1002 2026 1192 2064 Lyndewode,
1211 2037 1244 2056 u-

39 2075 76 2100 Η.
91 2072 118 2098 6.
132 2076 157 2107 p.
187 2063 305 2103 triusque
321 2064 396 2101 juris
417 2062 575 2100 Boetoris,
591 2063 762 2106 providerit,
777 2062 924 2107 ipsumque
936 2065 964 2093 in
978 2063 1151 2132 Episcopum
1167 2064 1245 2095 Loci

40 2119 70 2147 3,
84 2118 121 2138 m,
130 2117 175 2147 23,
191 2102 266 2132 illius
280 2102 439 2139 praefecerit
454 2102 488 2133 &
504 2101 666 2139 Pastorem,
685 2104 754 2132 licut
769 2110 818 2138 per
835 2101 940 2132 Literas
958 2101 998 2132 Bu
1009 2102 1073 2133 latas
1087 2105 1168 2143 ipsius
1180 2103 1245 2133 Do-

190 2141 264 2209 mifqfi
279 2140 393 2171 Summi
406 2138 569 2178 pontificis,
588 2140 688 2170 Nobis
701 2139 769 2170 inde
782 2140 916 2179 directas,
935 2140 1037 2172 Nobis
1051 2141 1180 2180 constat,

221 2188 330 2247 Prgsgo
373 2215 433 2247 uod
455 2217 582 2255 praefatus
605 2215 770 2260 Willielmur
789 2218 923 2248 omnibus
944 2220 978 2251 ὃς
999 2219 1108 2258 lingulis
1123 2219 1244 2258 Verbis,

183 2255 285 2287 Nobis
305 2257 338 2288 ὃς
386 2266 485 2286 oronae
501 2255 603 2286 nostrae
623 2255 858 2293 praejudicialibus
873 2279 883 2294 ,
901 2258 931 2286 in
955 2258 1037 2288 dit-[tis
1054 2258 1153 2288 Literis
1167 2267 1246 2288 con-

184 2295 269 2326 tentis
280 2316 290 2332 ,
308 2304 407 2324 coram
426 2293 525 2324 Nobis
548 2294 643 2331 palam
659 2294 692 2324 ὃς
707 2293 829 2331 expresse
848 2295 1044 2327 Renunciavit
1059 2319 1068 2335 ‚
1087 2298 1120 2328 &
1135 2295 1244 2327 Gratiae

185 2332 289 2364 nostra:
303 2333 446 2363 humiliter
458 2331 485 2362 se
500 2331 624 2362 submisit
633 2354 642 2370 ,

224 2371 361 2402 Volentes
370 2381 436 2401 eum
452 2380 487 2400 eo
501 2372 531 2401 in
545 2371 598 2401 hac
614 2378 690 2407 parte
703 2378 783 2409 agere
795 2372 914 2409 gratiose
930 2395 940 2410 ,
963 2372 1103 2411 Cepimus
1117 2373 1248 2405 Fidelita-

187 2416 249 2440 tem
265 2408 346 2446 ipsius
363 2411 405 2439 W
407 2408 510 2438 illielmi
519 2431 529 2446 ,
548 2408 773 2446 &Temporalia
785 2409 968 2449 Episcopatus
981 2413 1067 2451 illius,
1087 2421 1170 2451 prout
1183 2422 1248 2443 rno-

190 2449 227 2479 ris
237 2446 292 2486 est,
310 2447 497 2478 Restituimus
510 2447 625 2485 eidem,
1185 2452 1189 2454 '

229 2485 268 2516 Et
287 2485 355 2516 ideo
377 2485 561 2523 Praecipimus
581 2484 768 2528 quodleidem
785 2485 931 2516 Willielmo
948 2487 1130 2526 Temporalia
1144 2489 1248 2527 praedi·-

190 2523 255 2562 ἀεὶ,
272 2534 341 2555 cum
355 2523 548 2562 Pertinentiis,
563 2524 593 2554 in
607 2523 711 2554 Balhva
723 2532 769 2554 tua
784 2547 794 2563 ,
812 2524 929 2558 Liberes
943 2527 974 2556 in
987 2527 1081 2558 forma
1095 2528 1249 2566 praedict-a,

130 2588 134 2589 γ
191 2562 269 2594 salvo
280 2561 350 2601 Jure
365 2562 523 2600 cujussibet.

194 2600 428 2670 diTXsteuff'ege
448 2599 520 2639 apud
535 2599 657 2640 Castrum
669 2599 751 2640 ficum
763 2600 795 2630 de
812 2602 972 2643 PVyndesore
988 2625 998 2641 ,
1016 2603 1134 2635 decimo
1150 2613 1249 2644 quarto

225 2649 241 2670 e
282 2649 321 2678 ug
366 2649 384 2670 ι.

351 2717 406 2748 Per
423 2718 517 2747 Breve
529 2716 562 2747 de
575 2718 696 2747 Privato
710 2716 799 2756 Sigillo
812 2715 850 2753 ὠ·
864 2718 897 2748 de
911 2722 993 2749 Data
1000 2719 1135 2758 praedieta
1143 2742 1154 2758 ,
1171 2719 1231 2755 (ἶφι.

233 2792 368 2833 consimile
382 2796 475 2823 Breve
494 2794 622 2831 dirigitur
637 2793 768 2825 Roberto
789 2794 917 2832 Clopton
930 2795 1037 2836 Majori
1050 2800 1183 2828 Civitatis
1197 2800 1251 2828 Re-

193 2833 237 2871 gis
248 2833 398 2862 Londoniae
412 2833 444 2862 ὃ(
460 2830 599 2870 Escaetori
606 2831 655 2871 suo
671 2835 700 2862 in
714 2833 805 2863 eadem
821 2837 953 2864 Civitate.

207 2942 211 2944 γ
247 2907 287 2940 Et
303 2907 475 2940 Mandatum
489 2907 531 2938 est
543 2907 702 2948 Militibus,
720 2910 782 2941 &c-

398 3036 494 3080 Super
517 3032 667 3066 Traffatu
686 3036 772 3067 Pacis
787 3033 823 3067 de
841 3033 1044 3079 Potestatibus.

96 3087 138 3124 ῃ
201 3115 322 3175 REX
339 3118 475 3150 omnibus
487 3119 523 3150 ad
539 3128 631 3159 quos,
644 3119 704 3150 &c
726 3117 861 3150 Salutem.

61 3150 140 3184 Ann-
155 3149 197 3182 D·
294 3156 377 3188 Pacis
391 3157 551 3188 Aqurem
567 3167 625 3198 prae
637 3158 725 3188 oculis
743 3158 875 3188 habentes
895 3157 977 3189 Pacis
997 3159 1225 3199 tranquillitatem
1243 3170 1258 3191 a

62 3194 73 3225 f
86 3198 173 3229 1442-
208 3194 312 3226 nostrae
324 3196 497 3226 discretionis
509 3197 591 3226 initio
604 3196 711 3234 semper
725 3196 846 3235 amplexi
853 3197 1035 3235 sumu53nam
1045 3220 1054 3234 ,
1064 3206 1094 3228 ut
1105 3197 1258 3230 Altiffimus

63 3232 118 3259 An·
137 3238 182 3257 ²¹·
206 3235 305 3273 novit,
322 3244 376 3274 pro
389 3233 466 3264 Pace
479 3233 646 3272 pulsantibus
660 3234 830 3265 Clementiae
843 3235 946 3265 nostrae
959 3235 1099 3266 Hostium
1115 3247 1259 3277 nunquam

65 3272 101 3296 H·
118 3267 146 3294 ⁶·
205 3272 366 3311 clausimus,
378 3281 425 3303 aut
433 3272 506 3311 juste
521 3272 680 3304 Petentibus
693 3273 722 3303 in
737 3272 842 3303 eodem
863 3273 996 3313 Negotio
1011 3274 1198 3314 quovismodo
1212 3287 1260 3307 au-

65 3309 340 3341 franc-n-dientiam
360 3311 580 3349 denegavimus;
619 3312 667 3341 uin
686 3312 778 3349 potius
796 3311 830 3342 ad
853 3312 1044 3352 indagandum
1061 3313 1143 3344 Pacis
1160 3313 1259 3345 Media

67 3345 148 3383 159⁶·
163 3348 322 3388 m·soliciti,
339 3349 373 3381 ad
393 3349 485 3380 oblata
507 3321 647 3380 Remeffiia
687 3350 791 3390 rompti
812 3350 920 3390 semper
939 3352 1045 3381 inventi
1064 3351 1171 3390 firmus,
1190 3355 1260 3383 utin

55 3384 115 3429 j·
206 3389 346 3424 praeteritis
356 3386 606 3419 Conventionibus
617 3397 651 3419 ac
738 3389 743 3394 '

205 3425 339 3463 perientia
351 3426 563 3457 demonstravit.

245 3462 315 3508 Set,
325 3465 387 3504 quia
397 3464 516 3509 speratus
535 3463 653 3495 Frqus
671 3464 708 3495 de
722 3472 764 3496 tot
777 3464 869 3503 priscis
891 3465 1065 3505 Laboribus,
1092 3475 1191 3498 contra
1208 3478 1260 3499 no-

698 3388 758 3419 ietis
771 3388 914 3426 superinde
930 3389 1030 3420 habitis
1042 3389 1186 3421 manifesta
1202 3389 1260 3422 Ex-

210 3499 295 3532 stram
308 3510 491 3534 intentionem
506 3503 745 3547 desideriumque,
764 3504 890 3541 sequutus
901 3515 960 3535 non
978 3505 1035 3544 est,
1053 3516 1129 3536 nunc
1150 3509 1262 3538 noviter

210 3540 353 3577 informati
366 3541 403 3570 de
417 3541 492 3572 bona
503 3541 688 3572 Inclinanone
702 3542 876 3572 Illustriffimi
887 3543 1026 3583 Principis
1044 3543 1143 3574 Karoli
1154 3549 1261 3576 Avun—

211 3576 265 3608 culi
278 3587 309 3606 ac
323 3577 491 3616 Adverfizrii
503 3579 584 3618 nostri
599 3581 630 3610 in
643 3579 754 3617 Regno
766 3581 891 3612 Franciae
903 3582 937 3612 ad
956 3581 1044 3619 ipsam
1063 3591 1190 3622 optatam
1215 3584 1262 3615 U-

211 3617 347 3652 nionem,
364 3616 444 3646 sicuti
455 3627 511 3660 ’per
525 3618 582 3655 ejus
592 3627 626 3648 ac
641 3617 757 3649 Illustris
777 3618 917 3659 Principis
940 3620 1029 3649 Caroli
1044 3623 1129 3650 Ducis
1150 3625 1262 3652 Aurea-

210 3653 289 3695 lenfis
304 3652 508 3692 Consangumei
519 3656 625 3699 nostri,
644 3658 692 3694 qui
710 3657 745 3686 ad
764 3656 924 3695 hujusmodi
938 3657 1020 3688 Pacis
1034 3658 1146 3689 beatum
1166 3661 1264 3690 conse-

233 3691 355 3723 uendum
369 3691 485 3728 Finem,
502 3694 543 3722 uti
554 3693 676 3732 dicitur,
691 3702 818 3738 operatus
831 3695 888 3733 est,
902 3696 1006 3726 Literas
1021 3697 1206 3728 intelleximus
1211 3707 1263 3736 ,ac

243 3728 439 3761 hristianissimi
452 3729 485 3760 &
495 3729 668 3762 Illustriffirni
682 3731 820 3770 Principis
834 3732 1036 3772 cariffimaeque
1051 3737 1196 3765 memoriae
1211 3746 1265 3766 no-

215 3770 265 3800 stri
279 3768 472 3805 Progenitoris
484 3768 569 3798 secuti
581 3768 719 3809 Vestigia,
735 3771 847 3808 integro
861 3772 893 3801 δε
906 3771 1007 3801 libenti
1027 3774 1124 3803 animo
1137 3773 1171 3804 ad
1185 3775 1267 3812 ipsius

216 3807 362 3839 salutiferae
375 3805 503 3836 Unionis
589 3807 740 3839 adrandum
755 3808 857 3840 Media
871 3809 1128 3842 condescendimus.

251 3845 335 3877 Hinc
346 3844 404 3883 est,
423 3843 503 3882 quod
514 3813 589 3873 &gs

253 3884 305 3915 De
317 3883 462 3920 fidelitate,
480 3866 751 3926 circumspectione,
767 3885 801 3915 &
814 3885 959 3923 prudentia
969 3909 979 3924 ,

252 3922 396 3952 Cariffimi
410 3920 616 3959 Consangumei
627 3919 715 3963 nostri
729 3922 858 3952 Richardi
872 3927 954 3954 Ducis
969 3923 1093 3954 Eborum
1110 3925 1265 3958 Locumte-

214 3962 309 3995 nentis
321 3959 468 3991 Generalis
478 3960 510 3990 &
525 3958 729 3989 Gubernatoris
745 3960 871 3991 Franciae
884 3963 917 3992 &
931 3962 1136 4001 Normanniae,

254 3997 489 4028 Reverendiffimi
502 3998 532 4027 in
549 3995 664 4027 Christo
678 3994 765 4026 Patris
780 3999 916 4028 LodewIci
929 4001 1081 4031 Cardinalis
1103 4002 1135 4031 de
1150 4005 1266 4033 Luxen-

215 4035 316 4073 bourgb
330 4035 571 4075 Rothomagenfis
590 4033 805 4076 Archiepiscopi
825 4035 993 4071 Cancellarii
1011 4039 1101 4072 nostri
1114 4041 1144 4073 in
1159 4041 1264 4081 Regno

217 4073 317 4110 nostro
336 4073 479 4112 Franciae,

246 4112 322 4153 me}
338 4113 372 4144 V.
389 4113 425 4142 Ρ.
443 4114 469 4143 Ι.

2243 241 2262 270 1
2273 242 2290 270 1
2301 241 2324 281 5

1283 317 1286 318 γ
1306 295 1455 335 Necnon,
2334 312 2402 345 Ann
2421 311 2464 343 D.

1302 334 1536 366 Reverendorum
1551 337 1581 367 in
1597 337 1715 368 Christo
1737 338 1873 379 Patrum,
2359 338 2447 388 1442.

1300 373 1478 412 Lexovienfis
1492 376 1526 405 ὅ(
1541 375 1686 417 Bajocenfis
1705 379 1898 417 Episcoporum‚
2331 392 2396 417 Hm.
2414 391 2444 418 6.

1301 408 1446 452 Carilimi
1460 411 1674 446 Consanftuinei
1688 417 1775 445 nol'tri
1788 416 1929 454 Johaennis
1944 420 2050 450 Comitis
2064 423 2174 464 Salapiae

1301 446 1483 478 Dilectorum
1499 452 1531 480 ὃς
1546 450 1670 482 fidelium
1683 453 1864 492 nostrorum,
2182 447 2194 465 ²

1301 485 1408 514 Thomae
1422 489 1532 517 Domini
1545 488 1576 516 de
1590 491 1801 530 Fawconberge,

1301 524 1321 542 *²
1334 523 1442 554 lemae
1455 529 1565 555 Domini
1575 527 1607 555 de
1620 528 1723 567 Scales,
2333 546 2354 568 O
2363 548 2405 576 X1
2421 552 2464 583 143

1300 562 1437 599 Radulphi
1450 566 1560 593 Domini
1575 566 1606 594 de
1620 567 1725 606 Sudel'ey
1740 567 1894 599 Camerarii
1908 569 1997 600 nostri
2005 592 2016 609 ,

1299 600 1427 630 Necnon
1443 603 1567 631 Andreae
1581 604 1690 642 Ogard,

1301 637 1444 676 Johannis
1459 643 1673 680 stlountegomery
1681 664 1691 680 ,

1302 676 1409 707 Thomae
1423 680 1498 715 Heo,

1302 715 1471 783 ff'lssicardi
1483 719 1644 757 Haryngton
1657 718 1756 750 Ballivi
1771 719 1807 751 de
1821 720 1919 761 Cane,

1345 763 1452 794 titum,

1289 790 1432 835 *Magistri
1448 793 1565 825 Walter}
1579 794 1665 825 Colles
1681 795 1867 828 Praecentoris
1887 797 2022 829 Ecclesiae
2042 797 2215 831 Cathedralis
2237 799 2314 840 Exof

1265 838 1320 860 mae

1330 867 1447 899 ohannes
1461 870 1571 901 Wenlok
1587 872 1748 913 Armigeri,

1303 907 1436 944 Magistri
1451 908 1594 946 Johannis
1609 914 1633 940 R
1629 911 1697 950 ynel
1703 935 1714 949 ,

1301 944 1339 976 Et
1355 945 1487 984 Magistri
1500 949 1625 1017 Gervffi
1642 951 1674 979 de
1690 949 1785 989 Vulre,

1302 984 1522 1016 Secretariorum
1536 997 1576 1017 no
1603 996 1716 1027 rorum,

1305 1022 1422 1054 Plenius
1436 1024 1629 1064 confidentes,

1304 1060 1350 1091 Ad
1366 1061 1496 1092 Laudem
1517 1064 1552 1094 &
1571 1063 1729 1106 Honorem
1752 1064 1971 1105 Omnipotentis
1993 1064 2070 1105 Dei,
2088 1067 2120 1098 &
2142 1077 2195 1108 pro
2209 1068 2323 1100 vitanda

1267 1097 1398 1130 Humani
1416 1101 1565 1140 Sanguinis
1578 1103 1732 1142 effusione,
1755 1114 1870 1134 necnon
1900 1112 1932 1134 ut
1955 1104 2055 1142 Quieti
2072 1106 2257 1137 Subditorum
2272 1117 2327 1138 no-

1268 1137 1391 1206 stirsorum
1410 1149 1460 1178 per
1480 1140 1592 1171 Bonum
1612 1141 1712 1180 Pacis,
1734 1143 1888 1179 opitulante
1909 1143 2042 1173 Domino
2057 1165 2067 1181 ,
2094 1145 2195 1175 utiliter
2208 1146 2240 1176 fit
2253 1145 2324 1176 Pro-

1267 1186 1287 1206 v
1311 1186 1359 1206 um

1306 1200 1399 1254 Ipsos,
1418 1218 1654 1248 Locumtenentem
1677 1218 1795 1258 nostrum
1837 1218 2084 1259 Archiepiscopmn,
2105 1222 2256 1260 Episropos,
2273 1226 2325 1252 Co«-

1271 1256 1362 1282 mt'tem
1376 1276 1386 1291 ,
1409 1254 1552 1294 Thomam,
1575 1256 1719 1295 Thomam,
1745 1241 1838 1288 Raude!
1854 1257 1933 1295 hum,
1959 1259 2103 1288 Andream
2116 1282 2125 1297 2
2149 1259 2328 1299 Johannem,

1270 1291 1415 1330 Thamara,
1431 1292 1613 1332 Richardum,
1632 1296 1799 1333 walterum,
1817 1265 1992 1334 fihannem,
2009 1296 2167 1336 Johannem
2177 1321 2186 1336 ,
2203 1300 2236 1329 ὃς
2257 1302 2327 1328 Ger-

1271 1328 1394 1370 vastum,
1412 1330 1520 1361 nostros
1535 1331 1764 1371 Ambaffiatores,
1783 1334 1933 1372 Oratores,
1959 1334 2158 1366 Procuratores
2171 1359 2180 1374 ,
2200 1336 2327 1376 Deputa-

1272 1369 1386 1435 tos,P&
1400 1368 1537 1436 1Nuncios
1555 1370 1683 1409 speciales
1698 1372 1844 1410 Facimus,
1863 1373 2051 1412 Ordinamus,
2070 1375 2103 1405 ὅτ,
2119 1373 2328 1405 Constituimus

1273 1416 1322 1446 per
1361 1416 1398 1436 rae
1410 1415 1487 1437 entes

1311 1443 1419 1488 Dantes
1431 1446 1464 1476 δε
1479 1431 1676 1490 Concedentes
1688 1448 1726 1478 eis
1738 1471 1747 1487 ,
1768 1449 1995 1487 Qatuordecim
2003 1474 2012 1489 ,
2036 1450 2201 1482 Tresdecim
2211 1475 2221 1490 ,
2246 1451 2331 1482 Duo-

1273 1482 1387 1521 decim,
1405 1482 1575 1522 Undecim,
1594 1486 1727 1524 Decem,
1744 1486 1886 1525 Novem,
1904 1488 2002 1527 Oeto,
2017 1490 2051 1520 &
2065 1490 2178 1529 Septem
2196 1492 2332 1530 (quorum

1269 1521 1419 1560 praefatum
1431 1525 1667 1553 Lorumtenentem
1689 1524 1804 1564 nostrum
1820 1536 1909 1555 unum
1925 1526 1979 1556 elle
1992 1527 2139 1565 volumus)
2160 1528 2333 1559 Potestatem

1274 1561 1426 1598 plenariam
1440 1571 1473 1591 ac
1490 1561 1662 1593 Mandatum
1674 1564 1800 1602 generale
1814 1565 1847 1595 &
1859 1564 1991 1604 speciale,
2009 1575 2060 1602 pro
2076 1566 2192 1604 Nobis,
2209 1568 2242 1598 &
2263 1567 2333 1597 No-

1277 1600 1354 1630 mine
1370 1599 1484 1638 nostro,
1504 1601 1536 1630 &
1549 1601 1686 1640 utriusque
1706 1601 1867 1632 nostrorum
1890 1603 2001 1642 Angli-ae
2025 1604 2056 1633 Sc
2078 1604 2200 1635 Franciae
2214 1605 2336 1644 Regno-

1275 1647 1339 1668 rum
1353 1637 1556 1677 praedkstorum
1570 1639 1732 1679 Dominiis,
1750 1641 1782 1671 &
1798 1640 1922 1671 Subditis
1938 1642 2175 1681 quibuscumque,
2193 1644 2333 1683 Alligaris‚

1276 1674 1502 1715 confoederatis,
1522 1678 1555 1708 &
1579 1678 1686 1708 Amicis
1708 1679 1828 1717 nostris,
1855 1679 2087 1719 Comunicandi,
2113 1680 2332 1720 Concordandi,

1277 1715 1497 1756 Appunemandi
1511 1738 1521 1754 ,
1545 1717 1578 1747 ὃ(
1599 1716 1730 1754 Eligendi
1750 1726 1859 1748 certum
1881 1718 1915 1748 &
1935 1718 2062 1749 securum
2087 1718 2218 1756 Locum,
2244 1729 2332 1760 prope

1276 1753 1411 1784 Confinia
1425 1754 1512 1784 Baslae
1528 1754 1563 1784 N
1565 1756 1719 1786 ormanniae
1733 1756 1766 1787 &
1779 1755 1929 1787 Britanniae
1939 1780 1949 1795 2
1965 1758 2014 1787 ubi
2032 1758 2064 1787 ὃς
2090 1758 2120 1787 in
2141 1767 2199 1797 quo
2212 1758 2334 1789 Tradta-

1282 1800 1324 1823 tus
1338 1792 1417 1823 Pacis
1438 1793 1597 1831 hujusmodi
1610 1793 1703 1825 haberi
1717 1796 1750 1826 &
1767 1794 1826 1825 fieri
1845 1795 1946 1825 debeat
1960 1818 1970 1834 ,
1994 1805 2062 1826 cum
2083 1795 2337 1827 Ambaffiatoribus

1279 1831 1346 1860 dicii
1358 1831 1529 1871 Adversa-rii
1536 1856 1546 1871 ,

1315 1869 1445 1900 Necnon
1461 1872 1489 1901 in
1505 1870 1663 1909 hujusmodi
1682 1871 1781 1910 Loco,
1799 1872 1837 1902 fic
1851 1871 2055 1911 Concordato,
2071 1872 2291 1913 AppuntstuatO,
2303 1875 2339 1906 &

1280 1907 1399 1946 Eletf’ro,
1419 1918 1487 1939 cum
1503 1909 1583 1939 dietis
1597 1910 1766 1948 Adversarii
1781 1910 2030 1941 Ambassiatoribus
2046 1934 2056 1949 ,
2081 1913 2216 1942 vicesimo
2236 1915 2339 1952 quinto

1280 1947 1326 1977 die
1342 1947 1480 1978 oetobris
1493 1949 1630 1986 proximo
1646 1948 1759 1986 futuro,

1318 1984 1392 2023 Aut,
1407 1996 1442 2016 eo
1461 1985 1520 2016 Die
1534 1986 1649 2017 fortaffis
1661 1987 1736 2027 lapso
1748 1996 1811 2018 ante
1823 1987 2102 2028 Appunetuarionem
2118 1998 2151 2019 ac
2168 1988 2337 2019 Concorda-

1282 2025 1391 2055 tionem
1404 2024 1564 2062 hujusmodi
1580 2026 1648 2055 certi
1666 2026 1698 2056 &
1713 2026 1800 2056 securi
1816 2025 1889 2056 Loci
1899 2027 2025 2065 ‚Diebus
2040 2035 2141 2057 extunc
2156 2027 2341 2066 sequentibus,

1281 2064 1309 2092 in
1324 2062 1425 2107 quibus
1439 2062 1552 2094 eosdem
1566 2073 1644 2107 ⁴curn
1662 2062 1745 2095 distis
1767 2065 1934 2103 Adversarii
1949 2064 2198 2096 Ambassiatcribus
2214 2067 2341 2096 comode

1281 2111 1433 2139 contigerit
1447 2112 1603 2133 convenire
1611 2126 1619 2140 ,

1320 2139 1536 2179 Conveniendi,
1552 2140 1725 2179 Tractandi,
1744 2141 1958 2173 Comunicandi
1967 2165 1977 2180 ,
1987 2143 2020 2174 &
2037 2151 2106 2172 cum
2121 2141 2179 2171 Dei
2192 2142 2342 2182 adjutorio,

1283 2177 1482 2210 Concludendi
1498 2179 1604 2210 dictam
1620 2180 1743 2218 Pacem,

1324 2218 1367 2248 Ac
1382 2219 1467 2248 etiam
1483 2218 1677 2248 Continuandi
1699 2220 1732 2251 &
1750 2217 1928 2257 Prorogandi
1947 2218 2038 2249 Diem
2057 2218 2266 2250 Conventionis
2288 2221 2342 2250 hu-

1279 2255 1403 2300 jusmodi
1425 2258 1453 2287 in
1475 2258 1510 2289 &
1524 2257 1558 2288 ad
1583 2256 1654 2288 Dies
1667 2267 1734 2288 tunc
1749 2258 1883 2295 proximo
1897 2258 2056 2298 sequenteS,
2076 2267 2210 2295 quatenus
2222 2266 2342 2295 oportu-

1282 2304 1353 2325 num
1365 2304 1429 2325 erit·

1320 2319 1538 2372 prominentes,
1557 2333 1636 2364 bona
1649 2333 1716 2365 Fide
1730 2336 1764 2367 &
1779 2335 1808 2364 in
1823 2333 1922 2364 Verbo
1935 2334 2046 2373 Regio,
2055 2333 2123 2364 Nos
2136 2333 2242 2365 Rarum
2251 2334 2342 2373 ,Gra-

1283 2380 1361 2409 tum,
1377 2373 1410 2403 &
1423 2373 1571 2410 Firmum,
1589 2381 1622 2403 ac
1637 2372 1741 2403 Stabile
1754 2375 1892 2412 perpetuo
1907 2373 2050 2402 habituros
2065 2373 2197 2416 quicquid
2216 2374 2243 2403 in
2264 2373 2340 2404 Prae-

1285 2410 1370 2441 miffis
1384 2420 1430 2441 aut
1442 2411 1534 2450 aliquo
1549 2411 1764 2442 Praemissorum
1780 2420 1828 2443 ner
1841 2411 1912 2450 ipsos
1926 2410 2143 2441 Commislirios
2152 2434 2161 2449 ,
2182 2411 2341 2443 Aznbiffia-

1283 2457 1374 2487 tores,
1392 2449 1437 2479 seu
1449 2449 1605 2490 Deputatos
1618 2448 1729 2479 nostros
1742 2471 1752 2487 ,
1777 2449 2024 2488 Qatuordecim,
2049 2450 2229 2489 Tresdecim,
2256 2451 2341 2481 Duo·

1283 2487 1398 2526 decim,
1417 2487 1579 2526 Undecim,
1599 2487 1727 2525 Decem,
1745 2486 1865 2517 Novem
1878 2510 1887 2524 ,
1901 2487 2000 2526 Ostn,
2015 2488 2047 2518 &
2063 2487 2180 2525 Septem
2199 2490 2338 2527 (quorum

1278 2525 1430 2565 praefatum
1444 2529 1680 2556 Locumtenentem
1695 2524 1811 2565 nostrum
1826 2536 1917 2556 unum
1933 2527 1989 2556 else
2001 2526 2143 2564 volumus)
2156 2528 2340 2567 Αρρυῠὲὶιιε·

1285 2573 1364 2602 tum,
1384 2564 1589 2604 Conventum,
1605 2564 1783 2595 Concluiiim
1793 2586 1803 2602 ,
1820 2565 1865 2594 seu
1879 2563 2097 2595 Concordatum
2112 2565 2211 2604 fuerit,

1322 2602 1360 2634 Et
1373 2602 1452 2643 quod
1468 2605 1565 2634 omnia
1585 2605 1618 2634 &
1637 2603 1758 2641 singula,
1777 2603 1814 2633 lic
1836 2603 2049 2644 Appuni'tuata,
2066 2603 2236 2642 Conventa,
2255 2604 2340 2635 Con-

1287 2641 1375 2678 clusa,
1393 2642 1437 2672 seu
1459 2641 1657 2680 concordata,
1680 2642 1781 2680 absque
1800 2641 1886 2680 dolo,
1911 2642 2006 2672 fraude
2021 2665 2030 2680 ,
2048 2642 2093 2672 vel
2114 2643 2190 2673 malo
2210 2644 2343 2682 ingenio,

1285 2689 1338 2719 pro
1352 2680 1434 2710 Parte
1445 2680 1598 2719 nostrfi,ac
1611 2689 1747 2719 quantum
1763 2679 1798 2710 ad
1814 2680 1880 2710 Nos
1892 2681 2024 2718 spectabit
2035 2690 2221 2720 ,exequemur
2233 2684 2266 2713 ὃς
2280 2691 2344 2711 exe-

1307 2720 1334 2748 ui
1347 2718 1501 2757 faciemus,
1520 2728 1553 2749 ac
1567 2719 1646 2757 quod
1661 2719 1740 2758 super
1751 2718 1854 2748 eisdem
1871 2717 1999 2750 dabimus
2013 2719 2118 2750 Literas
2138 2719 2243 2750 nostras
2263 2719 2346 2751 Con-

1287 2729 1448 2788 grrmtorias
1463 2757 1576 2796 Magno
1590 2757 1689 2797 Sigillo
1707 2757 1804 2787 nostro
1817 2756 1948 2796 sigillatas.

1323 2795 1357 2826 In
1377 2796 1473 2834 cujus,
1491 2797 1552 2826 &c.

1350 2833 1449 2904 bT'este
1463 2834 1544 2875 Rege
1557 2834 1630 2875 apud
1642 2833 1941 2874 Maneriumfiaeumje
1955 2833 2073 2866 Eltham
2092 2859 2102 2873 ,
2123 2845 2203 2866 nono
2220 2835 2266 2866 die
2279 2835 2350 2875 Sep-

1289 2881 1348 2905 tem
1370 2883 1415 2903 ris.

2040 2913 2093 2942 Per
2109 2912 2190 2952 ipsam
2207 2915 2311 2951 Regem.

1447 3041 1497 3073 De
1514 3041 1650 3072 Licentia
1668 3037 1850 3085 Acceptandi
1865 3037 1967 3070 Bullas
1985 3035 2174 3085 Apostolicas.

1297 3120 1421 3178 REX
1440 3124 1573 3155 omnibus
1583 3123 1617 3154 ad
1629 3133 1715 3162 quos,
1733 3123 1794 3154 &c.
1813 3123 1946 3153 Salutem.
2355 3138 2432 3169 Am·
2446 3136 2489 3169 D,

1393 3162 1560 3201 Szepplicavit
1588 3163 1669 3192 nobis
1684 3162 1798 3192 Thomas
1819 3164 2011 3199 Normanton,
2034 3160 2214 3199 Monachus,
2240 3160 2332 3191 Mona
2376 3187 2451 3215 1442
2479 3160 2491 3175 ⁴¹

1295 3197 1368 3267 isterii
1383 3200 1478 3232 Sancti
1493 3200 1632 3231 Germani
1651 3200 1686 3231 de
1703 3200 1806 3240 Selby,
1825 3200 1942 3231 Ordinis
1961 3200 2055 3231 Sancti
2077 3201 2207 3231 Eborum
2224 3199 2342 3230 Dioece-
2356 3220 2407 3244 Aa.
2427 3201 2474 3244 ²¹·-

1307 3247 1328 3267 1s
1362 3246 1394 3268 ut

1335 3261 1433 3315 ’Cursu
1450 3277 1643 3308 Santffisfimus
1655 3277 1817 3315 Dominus,
1834 3279 1969 3314 Eugenius
1983 3277 2126 3317 Qeartux,
2143 3279 2258 3318 Suram-ur
2271 3278 2345 3319 „1³⁰”-
2358 3258 2490 3322 {fzf'zh

1297 3313 1368 3353 tifi’x
1377 3339 1387 3354 ,
1403 3319 1479 3355 Papa
1496 3317 1643 3346 Moa'ernus
1653 3340 1662 3354 ,
1674 3326 1724 3355 per
1738 3316 1847 3346 Litcras
1860 3317 1917 3346 suas
1931 3315 2061 3357 Bullatas,
2069 3315 2241 3358 Concesserit
2252 3314 2345 3344 eidem
2360 3316 2387 3361 ,i
2414 3317 2418 3321 ⁴
2454 3340 2468 3369 p

1296 3351 1402 3384 Thomae
1411 3354 1511 3394 quedl
1533 3355 1558 3384 se
1586 3355 1768 3392 uodcumque
1776 3353 1947 3385 Beneficium
1956 3353 2346 3394 Eccleirasticum‚(:urarum
2363 3382 2374 3399 ²
2389 3355 2458 3405 'mt'9
2472 3353 2480 3361 ”

1298 3393 1427 3424 Seculare
1437 3393 1480 3423 vel
1495 3364 1648 3432 Rgeguclare,
1665 3403 1714 3433 per
1726 3393 1867 3424 Seculares
1881 3393 1926 3422 vel
1938 3392 2054 3434 cujusi‘is¹
2073 3390 2186 3420 Ordinis
2199 3390 2348 3430 Regulares
2383 3392 2387 3398 '
2463 3392 2471 3399 ⁹

1299 3431 1426 3462 Clericos
1440 3433 1560 3469 optineri
1575 3435 1740 3462 conluetum
1749 3453 1758 3468 ,
1776 3431 1857 3461 etiam
1872 3431 1890 3461 si
1904 3429 2068 3460 parochialis
2082 3427 2276 3466 Ecclesia,aut
2289 3432 2346 3468 ejus

1298 3480 1345 3508 per
1367 3479 1428 3501 etua
1437 3470 1560 3508 Vicaria,
1568 3471 1612 3500 vel
1620 3469 1758 3507 cantaria,
1767 3470 1850 3500 etiarn
1859 3469 1876 3498 si
1885 3468 1991 3505 deJure
1999 3467 2158 3496 patronatus
2165 3466 2306 3498 Clericort
2315 3478 2346 3498 m

1299 3509 1344 3540 vel
1379 3510 1504 3539 aicorum
1520 3509 1645 3539 existeret
1654 3509 1691 3546 ,si
1704 3509 1752 3539 fibi
1767 3508 1831 3538 alias
1839 3507 1976 3537 canonice
1988 3504 2173 3548 Conferretur
2187 3507 2233 3536 vel
2250 3506 2345 3537 Con.-

1300 3547 1492 3585 mendaretur,
1507 3556 1536 3577 ut
1551 3548 1606 3584 ipse
1620 3546 1653 3576 ad
1667 3546 1734 3577 illud
1750 3545 1976 3586 Praesentaretur‚
1995 3543 2027 3572 &
2042 3553 2071 3572 in
2085 3553 2120 3574 eo
2134 3542 2324 3587 institueretur
2334 3568 2345 3584 ‚

1300 3586 1439 3625 Recipere
1454 3608 1463 3623 ,
1479 3585 1514 3615 &
1528 3585 1621 3623 quoad
1638 3585 1736 3614 vixerit
1751 3583 1885 3625 Retinere
1899 3603 1908 3618 ,
1926 3580 2048 3624 illudque
2059 3581 2235 3625 simpliciter,
2245 3592 2297 3627 *aut
2313 3594 2347 3613 ex

1300 3624 1381 3654 causa
1397 3624 1629 3661 Permutationis,
1647 3625 1665 3643 ὃ*
1676 3623 1801 3662 quotiens
1813 3621 1861 3650 11b1
1877 3620 1994 3656 placeret
2003 3619 2161 3662 ,dimittere
2167 3644 2177 3659 ,
2186 3622 2281 3659 &ejus
2290 3621 2348 3651 Lo-
2362 3622 2376 3637 ‘
2386 3622 2488 3657 X1.15.

1300 3672 1338 3693 co
1352 3662 1425 3692 aliud
1441 3662 1528 3692 simile
1544 3662 1591 3692 vel
1611 3660 1739 3691 diffirnile
1754 3658 1891 3689 Curatum
1923 3655 2150 3690 Ecclesiasticum
2174 3659 2345 3690 Beneficium

1301 3702 1385 3730 etiam
1400 3699 1557 3738 Recipere,
1575 3700 1607 3730 &
1621 3698 1712 3738 quoad
1727 3697 1826 3726 vixerit
1841 3695 1976 3725 Retinere
1990 3695 2077 3728 libere
2091 3707 2124 3728 ac
2138 3698 2214 3728 licite
2230 3698 2348 3736 valeret,

1300 3746 1384 3778 prout
1399 3739 1426 3767 in
1441 3738 1544 3769 eisdem
1563 3738 1662 3766 Literis
1676 3734 1784 3765 Bullatis
1818 3733 1905 3776 lenitis
1920 3743 2046 3773 apparet,

1340 3775 1475 3813 Idemque
1491 3774 1683 3806 Sanetiffimus
1700 3772 1780 3802 Pater
1821 3780 1900 3802 iteras
1913 3771 2029 3804 Bullatas
2044 3773 2101 3804 illas
2112 3771 2229 3812 praefizto
2242 3773 2347 3805 Thomae

1300 3816 1452 3852 porrexerit
1468 3814 1500 3844 &
1511 3812 1702 3847 destinaverit,

1340 3852 1386 3883 Ac
1400 3852 1468 3881 idem
1483 3851 1596 3880 Thomas
1611 3849 1715 3879 Literas
1728 3847 1843 3879 Bullatas
1857 3848 1914 3879 illas
1928 3859 2011 3887 penes
2027 3850 2051 3879 se
2066 3849 2290 3887 Acceptare,seu
2304 3861 2349 3882 eas

1301 3898 1348 3920 aut
1367 3889 1456 3928 aliqua
1478 3890 1508 3917 in
1532 3889 1568 3917 eis
1583 3895 1717 3917 contenta
1732 3884 1880 3927 Prosequi,
1899 3887 1986 3927 Legi,
2006 3886 2160 3925 Publicari,
2176 3888 2220 3917 vel
2236 3888 2348 3920 Execu-

1301 3929 1372 3958 tioni
1394 3925 1554 3957 demandari
1575 3924 1666 3955 facere
1681 3947 1691 3963 ,
1717 3925 1818 3965 absque
1834 3925 1933 3956 Grati&
1955 3927 1988 3957 &
2006 3925 2135 3955 Licentia
2158 3925 2258 3957 nostris
2271 3928 2347 3965 prius

1303 3966 1353 3996 sibi
1369 3967 1398 3995 in
1416 3965 1468 3994 hac
1484 3971 1559 4000 parte
1574 3961 1715 4001 exhibitis,
1731 3963 1759 3993 in
1773 3964 1916 3995 voluntate
1931 3964 2029 4002 quovis
2043 3963 2132 3993 modo
2154 3974 2214 3995 non
2235 3966 2351 4006 existat,

1301 4004 1373 4034 eisve
1388 4002 1463 4032 aliter
1479 4003 1518 4030 uti
1537 4001 1656 4032 minime
1672 4011 1812 4040 proponat
1825 4003 1884 4032 ullo
1900 4002 2015 4038 modos

1338 4040 1449 4071 Velz‘mus
1458 4039 1508 4067 sibi
1525 4038 1654 4072 Gratiam
1667 4041 1701 4074 δε
1717 4040 1878 4072 Licentiatn
1890 4038 1994 4072 nostras
2008 4040 2039 4071 in
2054 4038 2108 4072 hac
2121 4049 2198 4081 parte
2211 4040 2351 4082 benignis-

1301 4079 1369 4112 sime
1381 4075 1582 4110 demonstrare:

1826 4113 1851 4146 P
1866 4122 1887 4146 ²
2290 4117 2359 4151 Nos
