2555 4266
673 168 806 226 'ET
888 172 1150 227 AC'TA

0 283 57 305 inn.
70 273 110 305 D.
128 273 204 304 dieta
221 272 342 311 Attum,
361 271 505 310 Gestum,
524 270 568 302 seu
586 270 774 303 Procuratum
795 271 877 303 fuerit
900 272 929 301 in
952 268 1116 308 Praemiffis,
1133 268 1180 298 seu
1193 301 1201 310 ·

130 312 225 349 aliquo
240 311 459 342 praemissorum.

168 349 200 380 In
218 351 311 387 cujus,
329 351 389 380 &c.
1008 384 1011 389 .
1163 381 1169 387 .

167 387 256 420 Teste
271 387 352 427 Rege
366 386 438 425 apid
455 385 726 427 liestmonasterium,
742 386 878 417 vicelimo
894 384 970 416 sexto
984 383 1030 414 die
1051 379 1180 421 Augusti.

0 322 86 351 1471·

0 354 49 380 dv.
64 362 93 388 4.

390 464 444 493 Per
459 462 540 504 ipsimi
555 467 649 502 Regem
663 463 701 499 ό·
716 463 747 493 de
759 466 838 492 Data
847 459 998 499 praea'iHa,
1016 457 1075 493 &aa
1101 472 1105 476 -

15 586 67 612 XI.

178 586 205 614 ’ἦ
229 590 276 622 De
289 588 537 622 communicando
553 600 620 621 cum
635 585 844 630 Commiffariis
856 584 1002 629 praedic'lis
1013 609 1023 625 ‚
1039 582 1130 627 fhper

8 632 48 657 i9.

471 639 556 683 Ligis
575 639 610 673 (ψ
629 637 844 667 Matrimonia.

0 728 60 759 [nn.
72 727 113 758 D,
134 720 252 778 REX
271 721 432 759 Omnibus,
449 719 482 750 ad
502 728 588 757 quos,
605 718 664 749 &c.
683 717 816 748 Salutem.

3 775 90 804 1471,
231 760 328 791 Sciatis
346 759 424 798 quod
442 758 526 795 Nos,
618 794 622 800 Ι
837 795 842 800 ι
865 794 872 800 ⁴
937 795 942 800 ,
1108 792 1113 798 ς
1158 791 1164 797 ⁴

0 810 32 833 in.
54 815 95 835 ii.
168 797 218 829 De
233 797 435 834 Fidelitatibus,
454 795 693 832 Discretionibus,
711 794 743 824 δε
763 793 886 832 providis
905 790 1180 830 Circumspestiom·

0 849 10 871 ῑ,
29 853 58 878 4,
128 835 180 866 bus
196 859 206 875 ,
227 836 406 866 Dilectorum
430 833 660 864 Consiliariorum
684 832 845 863 nostrorum
859 855 869 870 ,
895 832 1023 871 Magistri
1041 830 1181 868 Johaunis

0 883 43 910 ἠἈ.
131 874 222 904 Alcok
235 873 368 905 Custodis
382 872 555 902 Rotulorum
570 870 751 901 Cancellariae
766 871 868 901 nostre
891 870 1002 910 Legum
1026 869 1181 906 Doctoris,

131 911 260 956 Magistri
294 909 437 942 Willielmi
460 909 603 947 Hatteclif
623 909 765 939 Secretarii
790 909 877 940 nostri
903 919 937 939 ac
960 908 1087 945 Magistri
1120 906 1181 937 Re-

130 953 304 988 quintarum,
321 950 354 980 &
375 947 517 979 Williclmi
541 950 625 977 Farre
645 947 761 985 Militis,
777 947 1016 986 quamplurimum
1038 945 1184 977 confiden-

129 997 189 1027 tes,

164 1026 242 1064 Ipsos
256 1024 442 1093 (ἷοῇαηηεηι,
464 1027 506 1054 W
505 1023 642 1054 illielmum
653 1049 661 1063 ,
677 1025 710 1055 &
735 1023 912 1055 Willielmum
928 1046 938 1063 ,
957 1031 1004 1054 aut
1029 1024 1112 1054 Duos
1132 1034 1183 1054 eo-

129 1073 253 1102 rum‚no
279 1073 322 1093 ros
339 1074 438 1101 veros,
456 1063 651 1102 legitimos-,ec
665 1063 834 1094 indubitatos
845 1063 1077 1099 Ambaffiatores,
1088 1061 1182 1092 Com-

129 1102 282 1140 miflarios,
298 1101 498 1133 Procuratores
511 1125 519 1138 ,
538 1101 694 1139 Deputatos
708 1125 717 1140 ,
736 1103 768 1132 8:
792 1102 927 1131 Nuncios
953 1101 1082 1140 speciales
1102 1101 1182 1131 Faci-

129 1151 211 1179 mus,
229 1139 401 1170 Ordinamus
412 1163 420 1178 ,
439 1141 471 1170 δί
487 1140 695 1171 Constituimus
707 1150 755 1178 per
771 1139 934 1170 Praesentes.

166 1179 273 1210 Dantes
296 1179 329 1209 &
353 1179 555 1209 Concedentes
578 1180 696 1217 eisdem,
711 1177 853 1216 Johanni,
873 1176 1039 1215 W'illielmo,
1057 1177 1091 1208 &
1105 1175 1182 1207 Wil-

129 1216 233 1254 lielmo,
253 1219 285 1248 8<
302 1217 423 1248 Duobus
438 1227 554 1256 eorum,
572 1218 684 1255 plenam
700 1216 886 1253 Potestatern,
907 1217 940 1247 &
960 1216 1182 1254 Auctoritatem,

128 1266 162 1286 ac
180 1256 348 1286 Mandatum
366 1256 490 1290 ‹tenerale
504 1257 535 1286 &
554 1255 683 1294 speciale,
701 1255 733 1283 ad
757 1254 996 1284 conveniendum
1008 1277 1016 1289 ,
1035 1254 1183 1283 Commu-

129 1295 300 1332 meandum,
319 1295 351 1325 ὃς
366 1281 562 1325 *tractandum
579 1303 645 1324 curn
659 1293 837 1323 Serenissimo
852 1292 983 1329 Principe
994 1291 1099 1330 Jacobo
1114 1295 1182 1329 Rege

129 1336 279 1370 Scotorum,
297 1333 342 1363 seu
365 1335 421 1372 ejus
446 1331 693 1363 Ambaffiatoribus
709 1354 718 1369 ‚
737 1331 943 1361 Commiffariis
958 1353 967 1368 ,
988 1331 1182 1360 procuratori-

131 1372 199 1409 bus,
217 1373 249 1402 &
267 1371 403 1408 Niinciis,
421 1371 605 1401 sufficientem
621 1371 652 1400 ad
674 1371 731 1399 hoc
755 1370 924 1400 Potestatem
947 1369 1130 1406 habentibus,
1147 1370 1182 1399 de

131 1411 165 1440 ὃ(
177 1410 254 1447 super
269 1408 458 1447 Concordia,
477 1416 590 1439 necnon
613 1409 751 1447 Treugis,
770 1409 863 1446 Ligis,
881 1408 1040 1446 Amicitiis,
1059 1408 1182 1446 Alligan-

132 1449 191 1486 tiis,
208 1450 241 1478 &
253 1448 552 1478 Confoederationibvis
563 1447 802 1485 quibuscumque,

168 1486 247 1516 Inter
268 1486 347 1524 Nos,
368 1486 484 1525 Regna,
499 1485 620 1523 Terras,
637 1485 777 1515 Domini-a
799 1484 908 1521 nostra,
927 1484 1078 1522 Subditos,
1102 1484 1183 1514 Ami-

132 1535 198 1562 cos,
218 1524 367 1562 Alligatos‚
386 1524 623 1561 confoederatos,
645 1524 798 1563 Faventes,
815 1524 847 1553 &
871 1522 1051 1553 adhaerente<
1074 1522 1185 1553 nostros

131 1563 326 1600 quoscumque
342 1587 350 1600 ,
370 1572 403 1592 ex
425 1562 507 1592 Parte
531 1573 584 1592 una
598 1585 607 1600 ,
625 1563 658 1592 &
677 1562 826 1600 praefatum
850 1562 1012 1598 Prien-rpem,
1032 1561 1186 1600 Regnum,

130 1600 247 1637 Terras,
266 1599 404 1630 Dominia
425 1601 484 1637 sua,
504 1600 653 1637 Subditos,
673 1602 807 1637 Amicos,
825 1599 978 1638 Aliigatos,
995 1599 1187 1630 Confoedera-

129 1646 188 1675 tos,
207 1637 339 1669 Faventes
360 1639 394 1669 ὅτ
414 1639 597 1669 Arihzerentes
617 1638 679 1668 suos
701 1638 914 1676 quoscumque,
933 1647 966 1668 ex
989 1637 1070 1668 Parte
1085 1638 1187 1677 altera,

128 1677 345 1715 contrahendis,
364 1678 506 1714 ineundis,
524 1678 556 1707 &
574 1677 735 1714 firmandis,

163 1715 294 1746 Necnon
309 1716 336 1744 in
354 1716 546 1753 quoscumque
563 1714 737 1746 Commerui
752 1714 796 1744 seu
813 1714 998 1744 Matrimonia
1019 1715 1065 1751 (in
1085 1715 1186 1752 quibus

123 1752 268 1790 *expressus
283 1753 377 1783 noster
391 1753 509 1784 assensus
523 1753 712 1792 quovismodo
726 1754 797 1783 foret
811 1754 963 1792 requilitus)
983 1753 1115 1784 Nomine
1131 1764 1183 1784 no-

131 1791 190 1822 stro
203 1791 422 1830 Consenriendi,

170 1829 301 1860 Necnon
319 1830 515 1861 Concordiam
527 1854 535 1869 ‚
555 1830 655 1870 Ligas,
673 1829 815 1868 Treugas,
834 1829 996 1867 Amicitias,
1015 1829 1186 1868 Allizantias,

131 1866 454 1907 Confoederationes,&
470 1869 598 1899 Assensus
611 1869 788 1907 hujusmodi,
806 1870 857 1900 viis
868 1870 900 1899 &
916 1869 1009 1898 modis
1025 1869 1126 1907 quibus
1133 1878 1182 1899 ex-

129 1906 224 1946 pedire
242 1907 397 1945 videbitur,
417 1907 539 1938 Vallandi
556 1909 590 1938 δε
608 1906 796 1944 Roborandi,
1173 1940 1176 1942 ,

170 1944 208 1975 Et
224 1945 421 1976 nichilominus
432 1945 470 1984 ,si
488 1946 589 1976 eisdem
607 1944 1187 1983 Ambaffiatonbus,Commiffariisfflro*

132 1985 322 2021 curatoribus,
343 1983 510 2023 Deputatis,
529 1986 562 2016 &
582 1984 706 2014 Nunciis
728 1983 844 2020 nostris,
863 1992 909 2014 aut
926 1983 1047 2014 Duobus
1065 1993 1164 2013 eorum
1176 2007 1186 2023 ,

132 2021 282 2059 expediens
297 2023 386 2052 visum
403 2023 504 2060 fuerit,
522 2033 590 2053 cum
599 2021 718 2062 praefato
734 2024 853 2060 Principe
865 2044 875 2060 ‚
899 2030 945 2052 aut
957 2023 1013 2060 ejus
1029 2021 1187 2053 Ambaffia-

131 2060 257 2097 toi—ibus,
283 2059 491 2090 Commisfariis
505 2085 514 2098 ,
542 2061 788 2097 ProcuratoribuS,
815 2061 976 2098 Deputatis,
995 2062 1028 2090 &
1042 2060 1186 2100 Nunciis,

133 2097 320 2130 sufficientem
337 2100 369 2129 ad
390 2100 446 2129 hoc
462 2099 632 2130 Potestatem
648 2100 813 2130 habentibus
831 2122 840 2136 ,
866 2099 901 2128 de
915 2100 947 2129 &
962 2099 1040 2137 super
1054 2107 1186 2138 perpetua

134 2139 167 2167 &
183 2137 247 2166 reali
266 2137 340 2167 Pace
353 2161 361 2174 ,
387 2137 527 2175 Treugis,
547 2138 590 2168 seii
606 2137 779 2168 Guerrarum
795 2137 989 2176 Abstinentiis,
1010 2139 1081 2168 inter
1098 2138 1184 2177 Nos,

134 2175 246 2214 Reges,
263 2185 296 2205 ac
322 2175 421 2214 Regna
442 2176 552 2216 nostra,
570 2177 689 2214 Terras,
709 2176 863 2213 Dominia,
881 2175 1030 2214 Subditos,
1046 2176 1186 2215 Amicos,

133 2214 272 2250 Alligatos
288 2237 297 2251 ,
324 2213 542 2245 Confoederatos
555 2239 564 2251 ,
588 2215 725 2245 Faventes
739 2237 749 2253 ,
772 2215 805 2245 δε
821 2214 1005 2245 Adhaerentes
1020 2215 1187 2252 praediclos,

130 2251 302 2289 capiendis,
320 2251 468 2291 Ineundis,
487 2254 519 2283 ὃ(
534 2251 760 2291 Confirinandis,
780 2251 979 2282 Conveniendi
992 2262 1024 2283 ac
1042 2253 1186 2284 Traoan-

131 2290 161 2319 di
177 2313 186 2328 ,
211 2289 456 2320 Conmiinicandi
470 2315 478 2327 ,
504 2290 723 2328 Appunc‘luandi
739 2314 748 2329 ‚
774 2290 979 2322 Concordandi
994 2315 1004 2330 ,
1022 2293 1055 2322 &
1069 2291 1185 2323 finaliter

129 2327 332 2358 Concludendi
355 2330 404 2359 sub
427 2329 525 2359 Modis
537 2351 546 2367 ,
575 2329 679 2361 Forma
695 2354 704 2367 ,
728 2331 761 2360 ὃς
778 2328 1015 2368 Conditionibiis,
1032 2331 1068 2360 de
1084 2332 1186 2368 quibus

128 2367 203 2398 inter
217 2367 308 2396 dictos
323 2367 433 2397 nostros
453 2368 665 2400 Ambaffiatores
680 2392 689 2406 ,
708 2367 927 2398 Commisiarios
942 2391 951 2405 ,
968 2368 1187 2409 Procuratores,

131 2405 293 2442 Deputatos
308 2428 316 2441 ,
344 2407 378 2438 ὃς
393 2405 528 2436 Nuncios
539 2429 547 2444 ‚
566 2415 612 2437 aut
625 2407 708 2437 Duos
725 2416 826 2436 eorum
838 2429 847 2444 ,
862 2408 897 2438 &
915 2407 1062 2443 praefatum
1080 2410 1187 2438 Princi-

125 2452 188 2482 pem
208 2446 251 2472 seu
273 2443 354 2480 ipsius
376 2444 612 2483 Ambaffiatores,
637 2445 875 2482 Commiffinios,
900 2444 1102 2476 Procuratores
1116 2469 1126 2485 ,
1150 2448 1184 2478 &

131 2481 168 2513 N
171 2483 268 2511 uncios
284 2483 430 2518 praediClos
448 2485 551 2521 poterit
567 2484 753 2522 concordari,

170 2519 338 2558 Caeieraque
359 2522 455 2551 omnia
477 2522 510 2552 &
535 2522 642 2559 singula
666 2521 817 2558 Faciendi,
837 2520 1026 2559 Excercendi,
1046 2523 1080 2553 &
1094 2522 1186 2560 Expe-

129 2557 241 2596 diendi‚
260 2568 322 2596 quae
345 2559 373 2588 in
394 2559 544 2590 Praemiffis
564 2560 608 2591 seu
632 2561 726 2598 aliquo
752 2559 965 2590 Praemissoruin
980 2582 989 2598 ,
1007 2561 1052 2591 seu
1068 2561 1142 2591 circa
1156 2571 1188 2592 ea

132 2605 181 2627 aut
194 2605 296 2627 eorum
315 2596 428 2635 aliquod
445 2598 592 2628 necessaria
611 2599 714 2629 fuerint
731 2600 776 2630 seu
790 2599 1011 2636 quomodolibet
1027 2608 1187 2638 oportuna,

134 2635 220 2664 etiam
235 2635 252 2664 si
269 2635 438 2666 Mandatum
452 2637 488 2667 de
502 2637 528 2668 se
543 2639 629 2677 magis
641 2638 750 2677 exigant
767 2636 898 2674 speciale,

174 2672 372 2703 promittentes
385 2697 395 2712 ,
420 2675 497 2705 bona
519 2675 585 2706 Fide
608 2677 641 2707 ὅτ.
666 2677 694 2706 in
718 2675 817 2705 Verbo
839 2674 934 2713 Regio
948 2698 956 2712 ‚
974 2674 1045 2705 Nos
1060 2675 1188 2714 Rarum,

132 2710 256 2754 Gratum
272 2733 281 2747 ,
307 2712 339 2742 &
363 2711 491 2744 Firmum
511 2716 647 2752 perpetuo
667 2714 811 2745 habituros
833 2721 928 2743 totum
941 2715 973 2743 ὅτ
989 2715 1122 2752 quicquid
1138 2725 1186 2750 per

131 2749 224 2778 diEtos
247 2749 463 2792 Ambaffiatores
479 2775 488 2790 ,
515 2751 730 2783 Commifsarios
745 2777 754 2790 ,
773 2752 988 2788 Procuratores,
1007 2752 1188 2791 Deputatos,

134 2787 167 2818 &
190 2787 327 2817 Nuncios
355 2789 465 2821 nostros
482 2815 492 2828 ,
515 2800 560 2821 aut
582 2790 664 2821 Duos
681 2800 796 2828 eorum,
815 2791 842 2820 in
862 2790 965 2820 Forma
979 2792 1128 2829 praedicla,
1147 2792 1190 2821 A-

134 2825 384 2895 gum'ffGestum
395 2849 405 2866 ,
427 2828 471 2859 seii
497 2829 684 2861 Procuraturn
699 2830 784 2860 fuerit
799 2830 828 2858 in
845 2828 1011 2867 Praemiffis,
1029 2829 1074 2861 seu
1096 2831 1190 2870 aliquo

162 2874 239 2894 nemi
266 2873 360 2893 Ol‘um.

170 2902 444 2980 {lnefigtffigeeegbud
459 2941 730 2982 westmonasterium,
745 2942 883 2973 vicesimo
903 2942 980 2973 sexro
999 2942 1044 2973 die
1059 2943 1189 2984 Augusti.

817 3020 872 3048 Per
887 3016 969 3057 ipfitm
985 3022 1089 3058 Regem.

342 3148 391 3179 De
410 3142 607 3178 Admiitcndo
626 3143 670 3177 ad
685 3146 874 3191 Ligeantiam
894 3146 990 3191 Regis.

200 3224 265 3259 EX
290 3229 440 3268 omnibus,
457 3228 490 3260 ad
506 3239 596 3268 quos,
613 3229 674 3260 ἃς.
693 3227 825 3259 8311110111,

230 3267 325 3297 Sciatis
340 3268 420 3305 quod
439 3267 524 3305 Nos,

178 3299 226 3332 De
245 3304 385 3336 Fidelitate
397 3328 406 3344 ,
431 3305 566 3335 industrii
581 3328 591 3341 ,
616 3305 648 3335 δε
671 3303 934 3341 Circumspefficne
951 3305 1070 3342 promisi-5⁴
1089 3305 1196 3337 Diieeii

145 3337 349 3380 Consanguinei
368 3343 458 3374 nostri
479 3343 622 3374 Wili'ielmi
641 3346 751 3373 Comit⁵s
773 3342 966 3379 Pembiilshl'ae,
989 3354 1021 3374 ac
1036 3343 1144 3374 Dileffl
1161 3346 1194 3375 δε

143 3377 244 3424 Fidelis
259 3380 345 3412 nostri
359 3381 475 3412 Walteri
486 3385 632 3412 Devereux
649 3382 684 3413 de
704 3385 720 3401 *
740 3381 850 3412 Fen-eis
869 3382 972 3412 Militis
991 3404 1001 3420 ‚
1025 3383 1197 3422 quampluri-

143 3425 224 3446 mum
242 3418 432 3457 confidentes,

180 3454 319 3498 Dedimus
343 3459 376 3489 ὃς
400 3457 606 3488 Commisimus
621 3481 630 3496 ,
653 3468 685 3488 ac
703 3457 823 3488 Tenore
838 3457 1018 3488 Praeientium
1036 3457 1145 3490 Damus
1161 3462 1194 3492 δε

143 3491 362 3537 Committimus
375 3517 386 3533 ,
413 3496 514 3526 eisdem
536 3500 633 3526 comiti
652 3498 684 3527 &r
705 3495 826 3527 Wzltero
843 3496 954 3534 plenam
973 3497 1144 3528 potestatem
1161 3501 1195 3530 δε

143 3532 368 3570 Auctoritatem,
383 3533 416 3563 ad
431 3533 640 3571 Recipiendum
654 3536 687 3566 ὃς
703 3534 920 3566 Admittendurn
945 3537 977 3565 ad
994 3535 1195 3567 Obedientiam

142 3570 374 3614 &dfigeantiam
396 3570 501 3614 nostras
525 3583 626 3603 omnes
648 3574 681 3604 &-
704 3573 825 3612 fingulos
841 3574 901 3604 illos
919 3572 1051 3604 Rebeiles
1066 3574 1195 3615 nostros,

139 3618 191 3646 qui
211 3608 280 3637 infra
305 3607 514 3651 Southwalliam
536 3610 570 3641 &
585 3610 728 3642 Marchias
742 3611 785 3642 W
786 3611 856 3642 alliae
872 3621 950 3642 nunc
965 3612 1101 3647 existunt,
1121 3613 1197 3644 Gra-

138 3649 185 3678 tiae
201 3647 233 3677 &
250 3647 401 3688 [gigeantiae
411 3645 514 3689 nostrae
527 3646 564 3678 Se
571 3647 742 3679 Submittere
755 3650 896 3688 volentes,
911 3659 983 3688 quos
995 3653 1070 3687 ωερε
1085 3651 1196 3682 Discre-

137 3686 231 3716 tiones
254 3688 310 3715 luas
332 3686 477 3722 expediens
489 3685 522 3716 &
539 3687 650 3717 neceffe
665 3687 786 3718 viderint
802 3690 1004 3726 receptandos,
1021 3699 1053 3719 ac
1067 3691 1105 3719 eis
1120 3691 1196 3727 juxta

141 3723 335 3754 Discretiones
350 3723 406 3753 suas
428 3721 674 3761 Promittendum‚
699 3725 732 3754 ὅτ
753 3724 803 3754 sub
828 3724 926 3763 Sigillo
943 3726 1099 3758 Armorum
1116 3729 1196 3767 ipiius

140 3761 264 3792 Comitis
272 3759 500 3792 concedendum
509 3759 639 3791 Gratiam
654 3763 687 3792 ὅτ,
703 3761 939 3792 Pardonationem
959 3765 1149 3803 nostras3tam
1161 3767 1197 3797 de

141 3798 223 3838 Vita,
237 3800 352 3837 Terris,
369 3799 469 3836 Bonis,
479 3799 512 3830 &
529 3797 640 3828 Catallis
655 3799 721 3837 suis,
739 3802 826 3836 quam
841 3800 877 3830 de
892 3801 1116 3841 quibuscumque
1125 3804 1197 3835 Pro-

141 3835 311 3878 ditionibus,
325 3837 555 3874 Rebellionibus,
570 3836 593 3866 F
595 3836 709 3874 doniis,
725 3836 971 3869 Insurrefflonibus
982 3861 991 3877 ‚
1002 3840 1082 3871 Tran
1104 3842 1199 3873 rcffi0-

138 3876 239 3914 nibus,
256 3878 289 3908 &
309 3877 365 3906 aliis
385 3875 540 3906 Malefaffls
562 3876 595 3906 ὃ(
611 3873 751 3912 Offenfis,
770 3875 869 3906 Nobis
883 3876 927 3907 seu
944 3887 1043 3908 contra
1100 3891 1134 3911 os
1150 3892 1198 3919 per

136 3923 186 3944 eos
201 3913 245 3944 seu
260 3924 358 3945 eorum
371 3915 492 3951 aliquem
508 3913 747 3952 qualitercumque
761 3913 839 3944 fastis
855 3914 910 3945 sive
923 3925 970 3952 per
992 3918 1101 3956 eti-atis,

174 3951 305 3983 Necnon
327 3954 362 3984 ad
383 3950 554 3984 Habendum
580 3952 613 3983 &
637 3950 861 3988 Perquirendum
879 3975 890 3990 ,
915 3953 952 3983 de
1002 3956 1068 3986 ratia
1085 3956 1199 3995 nostra,

135 3989 244 4022 Literas
265 3990 373 4022 nostras
392 3991 522 4022 Patentes
543 3990 578 4020 de
598 3990 756 4028 hujusmodi
774 3988 978 4022 Pardonatione
991 4014 1000 4030 ,
1016 3993 1066 4028 sub
1084 3993 1196 4035 Magno

134 4027 233 4065 Sigillo
255 4028 353 4060 nostro
374 4031 413 4060 eis
434 4030 468 4060 ὃς
490 4038 590 4060 eorum
605 4028 721 4060 cuilibet
736 4027 771 4060 de
785 4026 936 4059 Praemissis
949 4029 1158 4072 conficiendas,
1175 4034 1194 4064 si

132 4077 190 4107 pro
204 4067 243 4098 eis
253 4065 386 4106 Prosequi
402 4067 560 4104 voluerint,

0 3233 69 3266 Ann.
85 3233 128 3268 D.

16 3282 102 3314 1471.

0 3317 48 3341 An.
66 3323 108 3341 11.

0 3355 25 3378 E.
41 3361 70 3388 4.

0 3393 55 3418 Par.
77 3400 118 3418 ii.

0 3431 126 3465 E.4.p.i.

0 3475 35 3494 m.
61 3476 85 3494 1.

0 3502 19 3522 '5
37 3505 90 3533 XI.

0 3549 61 3577 720.

1232 146 1701 226 PUBLI'CA.
2249 195 2276 239 7

1255 263 1375 295 Proviso
1391 266 1498 304 semper
1511 266 1590 304 quod
1603 268 1720 305 praesens
1743 266 1901 300 Auetoritas
1922 278 2013 308 neque
2025 270 2195 302 Pardonatio
2214 281 2268 302 no·
2287 265 2413 301 Anu-D.

1223 303 1276 333 stra
1291 302 1324 332 ad
1339 306 1484 333 Henricum
1505 305 1531 335 se
1554 306 1696 336 dicentem
1718 309 1819 336 Ducem
1831 309 1963 346 Exoniae‚
1978 308 2123 347 Jasperum
2139 313 2227 339 Owen
2241 310 2267 341 st:
2305 316 2390 347 1471.

1222 341 1364 371 dicentem
1379 345 1505 371 Comitem
1520 343 1694 381 Pembrociae,
1713 344 1871 380 Johannem
1886 349 1973 375 owen
1987 346 2158 378 Gentleman
2169 370 2178 385 ‚
2196 347 2266 378 Tho-
2282 349 2351 375 Edv-
2367 356 2396 381 4·

1220 389 1294 448 :inam
1309 382 1375 408 Fitz
1390 381 1502 419 Harry,
1519 391 1572 412 nec
1588 384 1726 419 Hugonem
1742 381 1849 420 Mulie,
1864 384 1894 413 in
1908 384 2002 421 aliquo
2019 385 2108 416 modo
2126 386 2153 416 se
2168 395 2267 417 exoen-

1240 426 1275 447 at-

1257 454 1544 532 'If'lestleluslffegizcapud
1569 494 1825 533 Westmonqsterium
1837 519 1848 533 ,
1869 495 2004 526 vicesimo
2019 497 2135 537 septimo
2149 499 2193 531 die
2208 500 2270 532 Au-

1219 531 1301 571 gusti.
1628 571 1680 598 Per
1697 572 1788 599 Breve
1803 571 1834 599 de
1848 573 1965 601 Privato
1980 572 2086 611 sigillo,
2103 576 2164 608 &a

1405 694 1500 738 Super
1518 691 1767 737 Cotffoederatione
1783 704 1850 725 cum
1870 696 1946 740 Rege
1965 693 2098 738 Castellae.

1225 777 1280 833 R
1291 776 1357 808 EX
1380 777 1530 808 Univerfis
1544 777 1577 808 &
1594 776 1703 817 singulis
1719 776 1894 816 Admirallis,
1912 779 1973 809 ἃς.
1992 778 2125 810 Salutem.

1319 816 1416 847 Sciatis
1433 815 1530 860 quod,
1775 855 1781 860 ,
1954 855 1959 861 .
2003 855 2008 861 ι
2151 855 2156 861 ¹
2181 846 2185 848 ,
2286 795 2363 862 Axnn.
2378 795 2421 827 Di

1257 854 1443 893 Quamquam
1459 864 1531 885 inter
1550 854 1610 883 Nos
1630 855 1664 886 &
1682 852 1897 884 Illustrislimum
1912 853 2077 892 Principem
2090 854 2271 886 Carissimum
2289 843 2402 902 Ani-7111:

1222 890 1473 932 Consanguineum
1487 891 1617 923 nostrum
1626 892 1747 932 Castellae
1763 890 1800 927 ώ-
1809 895 1934 930 Legionis
1945 896 2041 932 Regem
2056 893 2273 932 quaedamCon-

1224 929 1375 962 foederatio
1396 931 1442 962 seu
1463 930 1599 962 Amicitia
1620 940 1751 969 perpetua
1770 931 1837 962 inita
1857 931 1939 962 fuerit
1961 934 1993 964 &
2015 931 2146 962 conclusa
2161 955 2171 970 ,
2195 933 2273 970 cujus

1225 969 1330 1000 Fructu
1349 971 1381 1001 &
1396 969 1539 1001 Beneficio
1554 969 1614 1000 tarn
1629 969 1732 1000 Nostri

1222 1006 1269 1038 diu
1286 1009 1324 1038 usi
1337 1008 1438 1040 fuerint
1451 1009 1485 1040 δε
1499 1008 1601 1046 gavisi,
2295 1033 2338 1051 Η,

1259 1045 1286 1075 Α
1331 1047 1472 1078 uibusdam
1493 1055 1586 1077 tamen
1601 1069 1610 1084 ,
1634 1052 1665 1076 ut
1689 1044 1878 1076 informamur
1891 1070 1901 1085 ,
1919 1047 1948 1076 in
1964 1047 2083 1077 dubium
2096 1055 2243 1077 revocatur
2258 1046 2278 1076 si

1222 1082 1301 1152 dielsac
1310 1056 1528 1153 {vi-infoederatio
1541 1087 1587 1116 seu
1604 1083 1738 1115 Amicitia
1753 1085 1782 1114 in
1793 1083 1844 1115 suis
1858 1085 1894 1115 de
1913 1086 2039 1123 praesenti
2053 1095 2162 1118 maneat
2171 1085 2278 1116 Robo—

1222 1131 1252 1152 re
1346 1132 1428 1154 irtute

1259 1159 1367 1192 Taliter
1384 1146 1462 1199 quo’d
1480 1161 1656 1192 Mercatores
1668 1159 1885 1192 Provinciarum
1902 1161 2057 1191 Nobilium
2068 1184 2078 1200 ,
2095 1161 2280 1200 Guipuscoe,

1226 1197 1345 1238 Biscaie,
1363 1199 1471 1230 Veteris
1487 1199 1634 1237 Castellae,
1654 1199 1824 1231 Asturiarum
1836 1223 1845 1237 ,
1863 1200 1908 1230 vel
1924 1199 2059 1230 Galleciae
2070 1200 2165 1238 ‚dieto
2180 1200 2279 1231 nostto

1226 1235 1448 1275 Consanguineo
1473 1238 1597 1275 Subjeffl
1614 1260 1624 1276 ,
1647 1247 1679 1268 ac
1698 1238 1796 1269 Nobis
1817 1238 1952 1269 Benevoli
1973 1240 2006 1269 δε
2021 1238 2136 1276 Amici,
2153 1239 2181 1267 in
2199 1239 2281 1275 Reg-

1226 1285 1297 1305 num
1321 1276 1449 1306 nostrum
1474 1286 1541 1306 cum
1563 1275 1712 1313 Navibus,
1738 1276 1852 1315 Rebus,
1869 1278 1903 1308 &
1920 1276 2106 1307 Mercandifis
2122 1278 2173 1307 suis
2186 1276 2280 1308 Acce-

1227 1313 1293 1344 dere
1307 1315 1340 1345 &
1360 1314 1551 1345 Adventurare
1564 1314 1717 1344 formidant
1728 1338 1737 1351 ,

1265 1352 1332 1382 Nos
1349 1354 1453 1390 igitur,
1470 1353 1504 1383 ad
1520 1353 1742 1390 Ambiguitatem
1755 1354 1787 1384 ὅ(
1803 1352 1996 1383 Formidinem
2012 1351 2169 1392 hujusmodi
2190 1352 2227 1384 de
2238 1353 2282 1390 iti-¹

1227 1390 1322 1421 sorum
1345 1392 1485 1421 mentibus
1506 1391 1699 1428 evellendum,
1719 1391 1840 1428 ipsorum
1852 1392 1999 1422 Securitati
2015 1401 2048 1422 ex
2062 1391 2282 1423 habundanti&

1227 1429 1263 1458 de
1271 1429 1369 1459 Gratia
1384 1430 1477 1459 nostra
1492 1430 1614 1459 uberiori
1630 1429 1778 1465 providere
1790 1430 1931 1468 volentes,
1952 1429 2125 1461 Mercatores
2140 1431 2282 1462 dictarum

1229 1467 1445 1498 Provinciarum
1459 1478 1559 1498 omnes
1577 1469 1609 1497 «Sc
1628 1467 1765 1506 iingulos,
1784 1477 1816 1497 ac
1833 1478 1934 1497 eorum
1950 1469 2104 1506 quemlibet
2119 1493 2129 1506 ,
2147 1478 2214 1500 cum
2229 1467 2283 1499 suis

1229 1505 1363 1536 Navibus
1378 1530 1388 1544 ,
1415 1505 1561 1541 Magistris
1585 1504 1714 1535 Navium
1729 1527 1740 1544 ,
1766 1505 1944 1544 Marinariis,
1971 1506 2149 1545 Factoribus,
2164 1506 2282 1546 Rebus,

1231 1544 1386 1584 Hernesiis,
1406 1545 1439 1576 &
1455 1543 1640 1574 Mercandiiis
1650 1566 1660 1582 ,
1679 1545 1706 1572 in
1722 1543 1828 1574 nostras
1842 1544 2036 1574 Proteetiones
2050 1547 2083 1576 &
2097 1545 2285 1576 Defensiones

1229 1583 1358 1620 speciales
1381 1583 1569 1621 suscepimus,
1594 1583 1630 1611 ita
1652 1581 1732 1618 quod
1753 1583 1810 1611 tam
1831 1591 1880 1619 per
1899 1583 2019 1612 Terram
2035 1585 2120 1621 quam
2134 1593 2183 1622 per
2198 1583 2285 1614 Mare

1230 1622 1263 1652 &
1281 1622 1374 1661 Aquas
1392 1622 1488 1652 dulces
1501 1621 1546 1651 Ire
1562 1643 1572 1657 ,
1598 1619 1728 1659 Morari,
1754 1620 1959 1650 Perhendinare
1972 1643 1982 1658 ,
2001 1620 2124 1659 Redire,
2138 1631 2171 1652 ac
2186 1621 2216 1652 R
2269 1638 2283 1645 -

1229 1661 1325 1699 triare,
1344 1660 1487 1691 Pedestres
1501 1661 1533 1690 ὅ(
1550 1658 1699 1697 Equestres
1714 1658 1792 1690 salvo
1809 1659 1951 1690 &secure
1966 1658 2090 1696 poffint,
2104 1660 2203 1697 suaque
2254 1669 2284 1689 e-

1230 1700 1307 1735 gotia
1320 1698 1414 1737 Agere
1427 1709 1476 1736 per
1487 1699 1583 1728 omnia
1597 1697 1630 1728 δε
1646 1696 1784 1728 Perficere
1798 1721 1808 1735 ,
1828 1697 1907 1735 juxra
1931 1706 2051 1728 omnem
2066 1696 2137 1727 Vim
2155 1698 2188 1727 &
2204 1697 2286 1727 Effe-

1230 1737 1310 1767 &um
1325 1736 1527 1774 Capitulorum
1545 1735 1807 1766 Confoederationis
1821 1737 1866 1766 seu
1879 1735 2022 1766 Amicitiae
2040 1735 2203 1774 praedietae,
2222 1745 2286 1773 per-¹

1229 1776 1293 1805 inde
1308 1785 1340 1806 ac
1356 1775 1375 1805 fi
1394 1776 1430 1806 de
1443 1775 1564 1806 Robore
1575 1776 1609 1806 δε
1623 1774 1734 1805 Virtute
1745 1775 1791 1805 seu
1809 1773 2004 1804 permanentia
2020 1773 2285 1806 confoederationis

1229 1813 1389 1852 hujusmodi
1406 1814 1479 1845 nulla
1494 1813 1631 1844 Dubietas
1646 1812 1740 1844 fuiffet
1754 1821 1865 1850 exorta·⁷
1883 1812 1966 1843 dietis
1980 1812 2182 1843 nichilominus
2197 1812 2286 1852 Capi-

1230 1854 1293 1882 tulis
1315 1853 1396 1884 Pacis
1416 1854 1450 1885 «Sc
1472 1853 1616 1884 Amicitiae
1639 1851 1719 1882 Ratis
1736 1852 1768 1882 &
1791 1850 1876 1882 firmis
1898 1852 2075 1881 manentibus
2089 1873 2098 1889 ,
2122 1851 2222 1889 quibus
2236 1854 2288 1888 per'·

1230 1890 1349 1928 praesens
1366 1891 1472 1921 nostrae
1494 1890 1687 1921 Protectionis
1711 1889 1872 1926 Indultum,
1892 1900 1925 1920 ex
1940 1889 2111 1920 habundanti
2127 1889 2234 1920 cautela
2247 1888 2287 1919 E÷

1228 1939 1389 1968 manatum,
1408 1930 1561 1960 nullatenus
1576 1929 1707 1959 volumus
1723 1928 1880 1963 Derogari:

1267 1967 1384 1998 Proviso
1405 1968 1513 2005 semper
1539 1967 1618 2006 quod
1640 1967 1739 1997 Nobis
1760 1967 1795 1997 de
1820 1966 1968 1996 Custumis
1982 1990 1991 2003 ,
2011 1965 2161 2004 Subfidiis,
2179 1967 2212 1998 &
2226 1965 2286 1996 aliis

1230 2005 1378 2043 Deveriis,
1398 2006 1496 2036 Nobis
1510 2016 1563 2046 pro
1577 2005 1661 2036 Bonis
1674 2006 1707 2035 ὃ(
1729 2005 1912 2035 Mercandilis
1928 2004 2067 2042 praedietis
2080 2005 2180 2035 debitis
2189 2028 2199 2043 ,
2218 2004 2274 2035 fide

1228 2043 1291 2074 liter
1313 2044 1509 2082 respondeatur
1532 2053 1563 2074 ut
1585 2044 1626 2074 est
1641 2044 1749 2082 justum
1764 2055 1774 2081 ς
1800 2043 1839 2074 Et
1852 2042 1931 2080 quod
1948 2043 2074 2080 praedicti
2092 2042 2288 2081 Mercatores,

1228 2082 1375 2122 Magistri,
1395 2084 1428 2114 ὃς
1445 2083 1588 2113 Marinarii
1604 2082 1631 2112 se
1648 2083 1723 2112 bene
1736 2083 1769 2113 &
1785 2081 1904 2112 honeste
1917 2090 1981 2119 erga
1995 2080 2063 2111 Nos
2081 2081 2113 2111 &
2138 2081 2286 2118 Populum

1229 2122 1360 2152 nostrum
1383 2122 1501 2151 habeant
1515 2145 1524 2157 ,
1550 2130 1603 2151 nec
1627 2121 1731 2157 aliquid
1747 2145 1755 2156 ‚
1773 2119 1850 2158 quod
1868 2121 1896 2149 in
1911 2119 1998 2149 nostri
2012 2118 2225 2157 Contemptum
2240 2119 2287 2150 seu

1228 2159 1427 2198 Praejudicium
1448 2168 1494 2190 aut
1515 2159 1619 2198 Populi
1639 2159 1728 2189 nostri
1745 2158 1917 2196 Dampnum
1933 2157 2033 2188 cedere
2046 2158 2149 2196 valeat,
2166 2166 2286 2196 attemp-

1229 2200 1279 2229 tari
1295 2199 1397 2229 saciant
1413 2199 1514 2236 quovis
1530 2197 1638 2236 modo,

1266 2236 1304 2267 Et
1326 2237 1391 2267 ideo
1415 2237 1498 2267 vobis
1526 2235 1695 2266 Mandamus
1716 2235 1845 2273 quatinus
1870 2233 2046 2265 Mercatores
2070 2232 2288 2263 Provinciarum

1228 2276 1441 2313 praedkflarum,
1459 2284 1526 2305 cum
1541 2275 1592 2305 suis
1609 2273 1758 2311 Navibus,
1777 2272 1919 2311 Magistris
1936 2272 2067 2303 Navium
2078 2294 2086 2308 ,
2112 2271 2288 2310 Marinariis,

1231 2314 1412 2351 Fastoribus,
1429 2323 1461 2343 ac
1477 2312 1576 2342 Rebus
1588 2335 1598 2350 ,
1615 2312 1775 2350 Hernefiis,
1792 2312 1825 2342 &
1841 2310 2026 2341 Mercandiiis
2039 2309 2215 2348 supradietis,
2231 2319 2288 2340 noe

1230 2352 1285 2382 stra
1298 2351 1491 2382 Coneeisione
1505 2351 1660 2389 hujusmodi
1678 2351 1766 2380 libere
1784 2351 1824 2392 uti
1836 2360 1869 2380 ac
1881 2349 2000 2388 gaudere
2017 2349 2184 2387 permittatis
2196 2369 2206 2386 ‚
2222 2347 2286 2379 nul-

1230 2391 1290 2421 lum
1306 2392 1344 2420 eis
1361 2391 1525 2420 Gravamen
1541 2389 1586 2419 seu
1603 2388 1767 2419 Molestiam
1780 2388 1936 2419 inierendo.

1268 2428 1302 2460 In
1315 2429 1409 2466 cujus,
1428 2430 1488 2459 &c.
1506 2438 1522 2458 a
1535 2428 1766 2466 Qartodecimo
1783 2426 1829 2457 die
1851 2426 1960 2457 Mensis
1984 2424 2080 2456 Martii
2094 2425 2228 2463 prox1mo
2243 2423 2289 2456 fu·

1232 2476 1296 2499 turo
1311 2478 1361 2506 per
1374 2467 1445 2497 duos
1461 2469 1558 2497 Annos
1575 2466 1737 2496 immediate
1754 2474 1824 2497 tunc
1837 2465 1979 2504 sequentes
1992 2464 2142 2495 duraturas.

2291 913 2319 936 E.
2333 920 2361 945 4.

1752 970 1837 1007 quam
1851 969 1936 1008 Ipsius
1943 969 2054 1002 Subditi
2065 971 2124 1009 jain
2138 971 2273 1010 aliquam·
2289 951 2422 1021 {anemii

1269 2543 1359 2576 Teste
1374 2543 1457 2583 Rege
1471 2543 1544 2582 apud
1561 2541 1836 2582 Wstmonassecium‚
1853 2541 1992 2574 vicesimo
2008 2551 2088 2572 nono
2101 2540 2148 2572 die
2156 2538 2290 2578 Augusti.

1920 2620 1973 2648 Per
1986 2618 2069 2657 ipfitm
2082 2620 2187 2656 Regem.

1269 2696 1288 2714 's‘
1309 2696 1460 2738 Confimiles
1485 2700 1596 2727 Literas
1615 2697 1694 2731 Regii-
1712 2697 1843 2725 Parentes
1862 2693 1964 2723 habent
1979 2696 2146 2736 Ilderfatores
2161 2695 2293 2724 Civitatis
2327 2702 2342 2718 ἐκ
2356 2703 2410 2731 XI,

1232 2735 1396 2776 Hispalensis
1411 2735 1450 2770 (ῤ’
1468 2738 1594 2764 Partium
1610 2737 1818 2764 Maritimarum
1829 2732 1974 2772 sicperi’oris
1989 2733 2165 2771 Hispanm'ae,
2181 2734 2243 2764 δίε.
2263 2740 2292 2762 ut
2310 2750 2374 2778 72¹·

1233 2774 1322 2810 supra,
1337 2776 1448 2805 mutatis
1465 2774 1614 2805 mutandis.

1270 2812 1359 2843 Teste
1373 2820 1404 2844 ut
1418 2814 1505 2851 supra.
2037 2847 2039 2851 Ι

1917 2849 1971 2877 Per
1986 2846 2071 2886 ipsitm
2086 2848 2191 2884 Regem.-

1234 2992 1282 3023 De
1314 2988 1527 3034 Commtffizriis
1551 2986 1594 3020 ad
1620 2984 1828 3018 vastandum
1853 2996 1922 3017 cum
1940 2982 2132 3029 Adverfhrio
2149 2986 2292 3018 Franciae.

2314 3076 2389 3108 Ann.
2400 3077 2440 3108 D.

2330 3125 2417 3155 1471.

1236 3186 1294 3217 Dei
1310 3212 1320 3225 ‚
1346 3187 1550 3218 Defensionem
1574 3185 1755 3216 Orthodoxae
1778 3184 1855 3214 Fidei
1877 3193 1911 3214 ac
1931 3182 2100 3214 Christianae
2116 3181 2291 3218 Religionis,
2306 3159 2361 3220 ΞΜ
2381 3166 2422 3182 ἰ’

1235 3225 1412 3264 Pacemque,
1425 3223 1670 3262 Tranquillitatem
1683 3232 1767 3261 atque
1786 3232 1974 3253 communem
1992 3221 2151 3253 Utilitatem
2169 3219 2293 3263 Regno·
2309 3235 2408 3259 Frmm
2419 3241 2441 3259 ι.

1236 3274 1298 3294 rum
1321 3264 1437 3300 Angli-ae
1458 3265 1493 3294 &
1518 3263 1645 3293 Franeiae
1663 3271 1697 3292 ac
1719 3261 1854 3293 universae
1881 3260 2061 3298 Reipublicae
2080 3257 2291 3289 Christianitatis
2310 3274 2338 3297 E.
2347 3280 2419 3306 4¹7„-

1237 3303 1490 3339 concernentibus,
1978 3336 1992 3340 ..
2221 3334 2226 3340 ¹
2271 3334 2277 3340 .
2309 3318 2354 3337 20-

1271 3340 1491 3371 Nonnullorum
1507 3339 1676 3370 Amicorum
1688 3336 1854 3368 nostrorum
1875 3335 2007 3366 Consiliis
2027 3336 2060 3366 ὃς
2083 3332 2294 3378 Jijhortationi-

1238 3379 1291 3409 bus
1306 3379 1528 3418 adquiescentes,
1548 3377 1776 3407 Deliberavimus
1799 3376 1838 3405 uti
1859 3373 2036 3417 omnimodis
2053 3371 2113 3402 Viis
2127 3372 2160 3416 ὃς
2176 3371 2292 3417 Μοάιξ,

1240 3418 1358 3448 Rationi
1380 3419 1413 3448 ὅ(
1436 3416 1580 3455 AEquitati
1601 3415 1733 3445 consonis
1755 3415 1788 3444 &
1805 3420 1972 3449 oportunis,
1996 3418 2130 3455 quantum
2147 3420 2177 3441 in
2192 3410 2293 3442 Nobis

1239 3456 1298 3494 est,
1316 3456 1418 3494 quibus
1430 3456 1464 3485 ad
1478 3456 1590 3486 finalem
1606 3453 1711 3484 Pacem
1727 3454 1798 3483 inter
1811 3451 1886 3481 dista
1901 3449 2001 3488 Regna
2015 3449 2128 3488 Angliae
2145 3449 2177 3480 &
2193 3448 2291 3488 Popu-

1240 3495 1282 3525 los
1296 3494 1464 3525 eorumdem
1479 3493 1616 3531 perveniri
1632 3490 1733 3531 possit,
1833 3527 1838 3532 1

1277 3533 1346 3563 Nos
1362 3533 1462 3569 igitur,
1481 3532 1514 3561 ad
1531 3531 1667 3562 effestum
1683 3526 1857 3566 huiusmodi,
1936 3563 1940 3568 1
2049 3563 2055 3568 .

1276 3572 1323 3602 De
1339 3571 1497 3607 Fideliiate,
1514 3570 1664 3600 Prudentia
1674 3569 1723 3605 ,ἃ
1738 3561 2199 3601 circumspectione‚dileetorum
2209 3561 2292 3593 Con-

1239 3609 1400 3640 filiariorum
1421 3607 1582 3637 nostrorum
1597 3631 1607 3644 ,
1624 3605 1752 3641 Magistri
1765 3601 1865 3641 Jacobi
1877 3600 2014 3630 Golawell
2028 3600 2138 3632 Decsni
2156 3600 2292 3632 Ecclefiae

1240 3647 1411 3679 Csithedralis
1424 3645 1524 3675 Sarum
1542 3646 1650 3682 Legum
1666 3636 1804 3672 Donet-i>-
1815 3662 1824 3677 ,
1841 3640 1874 3669 &
1888 3638 1994 3668 .'I''homae
2008 3639 2121 3678 Vaghan
2134 3639 2290 3669 Thelaura-

1241 3688 1272 3716 rii
1292 3686 1420 3716 Camerae
1439 3684 1561 3718 nostrae,
1579 3682 1699 3718 plenarie
1712 3678 1903 3716 confidentes,
1945 3715 1951 3721 ·
2022 3696 2027 3710 .

1276 3723 1499 3758 Constituimus,
1521 3719 1741 3756 Depumvimus,
1761 3718 1793 3748 &
1811 3715 2032 3755 Ordinavitnus,
2043 3726 2075 3747 ac
2087 3713 2292 3757 TenorePrae-

1239 3762 1357 3792 sentium
1378 3759 1586 3791 Constituimus
1602 3781 1611 3794 ,
1639 3752 1815 3793 Deputamus
1833 3777 1842 3793 ,
1861 3754 1894 3785 &
1907 3753 2099 3791 Ordinamus,
2118 3755 2188 3791 ipios
2202 3751 2292 3790 Jacoa

1239 3801 1300 3830 bum
1320 3802 1352 3831 &
1372 3799 1502 3830 Thomam
1526 3794 1744 3826 Commiffarios
1758 3817 1769 3832 ‚
1786 3792 2002 3832 Procuratores,
2017 3796 2049 3824 ὃς
2067 3793 2223 3830 Βεροιαῖος
2239 3801 2294 3821 no-

1240 3839 1385 3907 strffia'ntes
1407 3875 1439 3904 &
1461 3871 1651 3904 concedentes
1672 3869 1773 3901 eisdem
1795 3868 1909 3908 plenam
1923 3868 2111 3905 Potestatem,
2128 3866 2293 3898 Auctorita-

1241 3922 1318 3953 tem,
1336 3916 1368 3944 δε
1386 3913 1552 3942 Mandatum
1568 3909 1693 3977 ffinerale
1708 3910 1740 3939 δε
1754 3908 1871 3946 speciale
1890 3907 1924 3938 ad
1938 3906 2132 3936 Tractandum
2148 3907 2181 3936 δι’.
2197 3904 2293 3949 Com-

1242 3951 1445 3984 municandum
1459 3974 1468 3987 ,
1494 3957 1546 3985 pro
1604 3947 1666 3977 obis
1686 3948 1719 3978 &
1743 3946 1876 3977 Nomine
1894 3945 1991 3974 nostro
2005 3966 2014 3981 ,
2031 3953 2099 3974 cum
2113 3943 2294 3975 Sereniffimo

1241 3991 1374 4030 Principe
1390 3987 1610 4025 Consanguineo
1626 3984 1724 4016 nostro
1742 3985 1886 4014 Lodowico
1900 3981 2075 4022 Adverfizrio
2100 3981 2189 4021 nostro
2204 3985 2295 4012 Fran-

1242 4033 1287 4059 ciae
1298 4053 1306 4068 ,
1325 4038 1370 4059 aut
1386 4035 1452 4056 cum
1468 4024 1674 4054 Commissariis
1689 4048 1699 4060 ,,
1725 4021 1958 4054 Procuratoribus
1973 4045 1983 4059 ,
2011 4020 2044 4051 N
2047 4021 2151 4060 unciis,
2168 4031 2216 4053 aut
2226 4021 2296 4052 :De-

1242 4070 1342 4105 putatis
1357 4066 1407 4096 suis
1422 4063 1662 4103 quibuscumque,
1679 4061 1725 4093 seu
1741 4059 1964 4098 commmatio,
1982 4059 2188 4099 procuratore,
2203 4059 2238 4092 N
2241 4070 2294 4103 un-

2229 4108 2296 4136 cio,

1239 3075 1296 3130 R
1306 3072 1330 3103 E
1339 3072 1381 3116 X*
1396 3072 1541 3119 Omnibus
1552 3070 1586 3102 ad
1599 3080 1689 3108 quos,
1707 3070 1769 3101 &c.
1785 3069 1919 3100 Salutem.

1335 3111 1432 3142 Sciatis
1471 3109 1528 3140 uod
1537 3133 1547 3148 ,

1274 3147 1318 3179 Ex
1339 3151 1419 3180 certis
1463 3148 1537 3178 ‘auiis
1555 3148 1588 3178 &
1608 3145 1905 3183 Considerationibus,
1930 3144 2085 3175 Honorem
2106 3144 2139 3175 δε
2163 3141 2290 3173 Laudem
