2555 4266
207 171 285 210 108

56 254 133 290 Anti.
150 251 191 283 D·
203 265 302 286 contra
317 254 469 292 facientes,
484 252 529 284 sed
543 260 645 283 omnes
660 251 722 282 aliae
736 250 831 281 Partes
847 249 1020 287 principales
1034 250 1063 280 iri
1086 249 1159 288 Liga
1184 259 1270 281 com-

80 292 165 331 ¹496·
203 294 345 333 prehensae
367 302 528 329 teneantur,
543 291 578 321 ad
599 290 824 328 Requisitionem
850 288 962 319 Offenfi
984 297 1087 319 contra
1104 288 1270 335 Offenden-

58 335 121 359 Hen-
138 340 165 366 7-
206 343 266 364 tem
288 332 415 363 Subsidia
434 329 561 368 praestare
585 328 708 359 Offenso
730 338 784 366 pro
807 329 866 367 ejus
888 327 1083 366 Defenfione,
1100 327 1179 359 bona
1195 327 1271 365 fide,

205 371 362 402 secundum
388 369 476 400 Casus
499 369 669 405 exigentiam
685 390 693 404 ,
721 366 968 406 quemadmodum
986 366 1111 398 facerent
1128 367 1161 397 ὃς
1179 366 1271 397 facere

205 410 342 440 deberent
365 408 385 438 si
410 408 470 438 talis
495 406 656 438 Offendens
671 405 738 436 effer
753 407 782 435 in
799 406 875 444 Liga
889 414 1024 444 tanquam
1042 405 1206 444 Principalis
1224 413 1272 437 aut

207 447 386 480 Accessorius
405 446 435 475 in
454 446 526 485 Liga
544 455 613 476 com
636 445 772 475 rehensus.
1065 484 1071 489 ο

244 486 331 517 [Tr-:M
341 510 350 521 ,
369 485 553 523 contingente
568 483 612 514 Ca
625 494 641 513 u
661 483 731 514 Belli
747 482 839 521 (quod
851 482 933 521 absin)
950 493 1022 514 cum
1035 482 1133 522 aliquo
1148 491 1183 513 ex
1196 481 1272 513 Col-

205 525 295 564 ligatis
307 524 354 555 vel
367 525 397 553 in
414 522 488 560 Liga
503 522 730 562 comprehensis,
746 521 843 553 Partes
857 522 918 553 aliae
933 532 994 552 nori
1007 522 1102 553 solum
1127 529 1273 552 teneantur

205 573 264 593 noti
278 563 345 593 dare
357 562 522 593 Tranfitum
538 562 570 592 &
587 562 772 599 Receptum,
790 571 824 592 ac
842 560 981 592 victualia
996 560 1140 591 Gentibus
1159 559 1195 603 ad
1216 559 1274 602 Οξ-

206 602 312 632 sensam
325 601 440 638 alicujus
452 601 580 631 Patrium
593 600 816 638 transeuntibus,
829 599 876 631 sed
894 599 947 630 illis
967 598 1132 630 Transitum
1157 597 1274 627 interdi-

206 638 666 709 esresssases
680 635 1274 715 am&

768 701 778 716 ²

205 727 253 785 sul
262 725 477 794 {xggssn’naqurliffl
493 754 584 793 aliqua
604 755 729 786 Partium
750 752 1030 797 praedi-&arum‘non
1046 749 1132 795 poffit
1149 759 1204 794 nec
1222 749 1273 780 de-

204 793 270 825 beat
287 795 414 832 accipere
431 803 486 824 nec
506 793 669 824 conducere
687 792 723 822 ad
739 792 858 822 Servma
875 792 909 822 &
926 790 1068 828 Stipendia
1086 789 1131 819 sua
1144 790 1272 833 ‚aliquem

205 831 396 872 capitaneum
414 832 590 870 Armorum,
610 831 773 860 Ductorem
785 852 794 867 ,
806 829 1039 868 Conestabilem,
1057 828 1104 859 vel
1116 827 1274 871 ²l¹um.S.[¹‘

244 872 384 902 ndiarium
401 871 517 910 alicujus
534 870 644 900 alterius
661 867 749 898 Partis
767 868 825 898 fine
839 868 965 911 Scientia
982 868 1017 898 ὃς
1039 866 1176 911 consensu
1200 865 1272 910 illius

231 911 294 941 artis
311 911 390 949 cujus
405 909 473 941 esset
491 908 706 946 Stipendiarius3
724 906 777 950 Et,
795 907 814 936 si
831 907 930 950 aliquis
945 915 980 936 ex
997 905 1137 950 praesititis
1157 903 1276 948 Capita-

206 949 267 978 neis
283 948 460 986 Armorum,
479 946 677 982 Ductoribus,
697 945 872 983 Armigeris,
891 944 1138 981 Conestabilibus‚
1163 943 1196 987 δς
1215 943 1271 974 Sti-

264 986 353 1017 diariis
366 986 474 1024 fugeret
493 984 526 1014 &
544 985 570 1015 se
587 985 723 1021 reciperet
741 985 771 1013 in
791 982 971 1014 Dominium
989 984 1101 1021 alicujus
1115 991 1150 1012 ex
1167 981 1272 1013 eisdem

232 1026 352 1063 artibus,
372 1024 439 1055 Pars
455 1021 518 1060 illa,
534 1024 563 1053 in
581 1024 660 1060 cujus
679 1022 854 1053 Dominium
871 1022 1033 1060 hujusmodi
1052 1020 1275 1064 transfugerent,

205 1071 356 1101 teneatur,
380 1061 416 1093 ad
442 1070 563 1092 omnem
588 1060 799 1100 requisitionem
824 1062 857 1092 &
884 1060 1043 1091 instantiam
1070 1058 1157 1091 Partis
1176 1069 1192 1090 a
1209 1069 1274 1098 quae

205 1102 260 1133 auf
293 1110 386 1139 erent,
403 1109 448 1131 ms
466 1100 575 1131 realiter
593 1101 627 1132 δε
646 1099 826 1137 personaliter
841 1099 962 1130 detineri
976 1099 1072 1130 facere
1087 1101 1117 1129 in
1152 1108 1276 1129 uocum-

205 1150 261 1179 que
353 1149 373 1170 ο
398 1138 532 1169 Dominii
553 1139 594 1170 sui
609 1162 618 1177 ,
643 1148 698 1168 nec
725 1137 831 1176 poffint
858 1138 971 1169 relaxari
991 1137 1087 1168 donec
1105 1147 1136 1168 re
1165 1138 1275 1169 'tuerint

205 1178 344 1248 fquicquid
362 1177 542 1217 abstulerint,
560 1185 608 1208 aut
625 1186 696 1208 cum
714 1176 767 1207 hiis
784 1187 800 1207 a
815 1177 916 1216 quibus
934 1176 1093 1217 aufugerint
1113 1176 1276 1208 concordes

238 1227 297 1248 etin
312 1240 319 1247 .

220 1228 236 1249 u
246 1258 261 1274 ⁴
271 1226 456 1295 [afr-:Mssum
464 1277 474 1294 ,
486 1262 520 1284 ex
527 1251 658 1284 laudabili
670 1252 886 1285 Consuetudine
901 1254 935 1286 &
949 1254 1104 1286 Sacrorum
1118 1252 1277 1285 Canonurn

208 1294 339 1326 institutis
352 1319 363 1333 ,
385 1291 580 1325 Sereniffimus
598 1291 746 1324 Dominus
765 1296 945 1323 Romanorum
964 1296 1041 1332 Rex,
1066 1293 1100 1324 ad
1120 1292 1279 1331 Imperato-

209 1336 283 1365 rium
298 1333 425 1365 Culmen
445 1330 560 1363 Electus
575 1355 586 1369 ,
610 1340 663 1370 pro
684 1330 817 1362 Caesareo
836 1332 1009 1364 Diademate
1025 1332 1195 1369 accipiendo
1211 1331 1277 1363 Ro-

210 1383 288 1404 mam
307 1373 339 1403 fit
358 1371 551 1409 profeeJturus,
576 1370 685 1408 praefati
703 1370 886 1410 Sanfflffimus
903 1373 1035 1402 Dominus
1051 1370 1138 1411 noster
1158 1371 1191 1402 &
1212 1371 1278 1403 Illu-

208 1410 333 1442 striffimi
350 1413 463 1440 Domini
480 1411 569 1440 Duces
587 1409 776 1446 promiserunt
794 1411 828 1442 δί
847 1411 1020 1448 promittunt
1055 1410 1160 1441 raefatae
1180 1409 1277 1442 Caesa-

208 1449 258 1481 riae
277 1448 420 1486 Majestati
440 1449 474 1480 &
492 1448 629 1478 omnibus
647 1447 748 1486 Copiis
765 1448 818 1479 suis
831 1448 996 1480 Tranfitum
1014 1449 1033 1481 li
1072 1459 1135 1480 turn
1150 1458 1201 1487 per
1211 1459 1278 1481 om-

208 1497 258 1519 nes
275 1487 413 1519 Civitates
425 1488 459 1519 &
477 1496 668 1526 quaecumque
683 1487 765 1518 Loca
781 1487 815 1518 &
833 1486 930 1518 Passus
946 1487 1104 1519 Ditionum
1119 1487 1229 1518 suarum
1244 1489 1279 1519 &

208 1536 276 1558 cum
299 1527 473 1557 exhibitione
494 1523 722 1556 Commeatuum
741 1524 965 1557 necessariorum
981 1551 992 1565 ‚
1015 1527 1066 1565 qui
1090 1535 1187 1558 tamen
1207 1526 1280 1558 solvi

209 1566 328 1599 debeant
344 1566 380 1596 ab
396 1565 460 1603 ipsis
476 1563 619 1596 Gentibus
632 1564 730 1595 Pretio
744 1565 946 1603 convenienti,
956 1574 1011 1596 nec
1024 1565 1117 1603 aliqua
1132 1564 1280 1603 Molestia,

208 1604 311 1643 lnjuria
344 1603 516 1641 Dampnutn
529 1610 576 1633 aut
589 1602 722 1633 offensio
737 1602 833 1633 inferri
847 1603 968 1635 debeant
986 1604 1022 1634 ab
1044 1603 1148 1635 eisdem
1175 1602 1279 1641 Copiis

209 1642 293 1674 alicui
303 1627 492 1673 S'ubditorum
507 1650 554 1672 aut
570 1641 722 1673 Locorum
739 1640 1022 1687 praefatissaneiifflmi
1033 1644 1147 1672 Domini
1156 1642 1282 1682 nostri&

210 1681 464 1713 Illustriffimorum
480 1683 656 1711 Dominarum
667 1684 790 1718 Duum,
805 1689 855 1719 qui
870 1680 995 1713 similiter
1018 1681 1192 1719 praestabunt
1215 1691 1282 1712 om-

210 1730 248 1751 ne
273 1720 420 1751 Auxilium
441 1719 475 1751 &
499 1717 641 1750 Favorem
663 1727 842 1758 oportunum
864 1728 918 1760 pro
944 1719 1166 1751 habundantiori
1189 1719 1283 1758 Copia

212 1758 438 1789 commeatuum
453 1756 666 1792 praedicjwrum.

249 1796 359 1834 ITEM,
377 1806 431 1834 pro
448 1795 627 1828 Declaranda
645 1795 775 1828 universo
792 1795 868 1827 Orbi
886 1796 999 1828 summi
1012 1796 1208 1833 observantia,
1225 1798 1282 1836 qua

210 1835 386 1868 mustriffimi
409 1835 442 1866 &
469 1833 702 1866 Excellentissimi
725 1835 853 1867 Domini
878 1838 1051 1866 Veneciarum
1068 1835 1108 1872 &
1127 1836 1281 1866 Mediolani

210 1877 299 1904 Duces
324 1873 528 1912 prosequuntur
551 1866 703 1913 Caesaream
726 1873 905 1915 Majestasem
920 1898 930 1913 ,
967 1874 1074 1913 praefati
1100 1874 1281 1906 Illustrissimi

210 1915 323 1944 Domini
341 1915 431 1943 Duces
445 1911 631 1950 promiserunt
650 1912 735 1943 eidem
754 1912 917 1953 Majestati,
940 1913 1130 1952 proficiscenti
1150 1914 1281 1945 Romam

209 1951 246 1983 ad
265 1951 461 1988 accipiendum
479 1950 630 1982 Coronam
649 1951 766 1991 Imperii
784 1951 841 1990 sui,
858 1953 970 1983 mittere
987 1952 1024 1983 ad
1041 1962 1106 1983 eam
1125 1952 1281 1985 Comitan-

209 1990 283 2020 dum
307 1988 442 2020 Elmettos
468 1989 691 2030 Quadringenta
718 2000 771 2028 pto
797 1991 926 2029 quolibet
949 1991 1076 2030 ipsorum
1101 1994 1279 2023 Dominarum

212 2031 318 2059 Ducum
335 2029 454 2066 propriis
472 2028 626 2071 Stipendiis
642 2030 675 2060 &
692 2028 849 2073 Impensius,
878 2039 943 2068 quae
963 2030 1083 2068 quidem
1101 2029 1208 2070 Copiae
1227 2042 1280 2063 co-

154 2078 161 2085 ·
211 2069 306 2098 mitari
327 2067 447 2097 debeant
474 2066 652 2104 Maiestatem
681 2078 919 2106 praenominatam
945 2068 1077 2099 Romam
1104 2070 1190 2108 usque
1209 2094 1219 2107 ,
1244 2072 1279 2102 δε

211 2105 281 2136 stare
305 2105 340 2136 ad
367 2115 486 2136 omnem
512 2106 592 2144 iplius
612 2107 816 2137 obedientiam
835 2108 868 2138 &
889 2105 1064 2139 Mandatum
1081 2118 1088 2138 :
1117 2107 1154 2139 Et
1171 2109 1280 2147 insuper

210 2144 289 2182 supra
307 2145 469 2174 nominatus
487 2147 618 2175 Dominus
636 2145 784 2184 Robertus‚
803 2155 833 2176 ut
849 2145 1013 2186 Principalis
1029 2157 1061 2177 ac
1080 2148 1187 2185 privata
1210 2148 1279 2179 Per-

210 2183 293 2220 sona,
308 2193 342 2214 ac
363 2182 436 2214 Vice
455 2183 490 2214 &
508 2183 641 2214 Nomine
659 2184 878 2222 supranominati
895 2184 1068 2215 Sereniffimi
1086 2186 1213 2217 Domini
1227 2189 1280 2217 Re-

205 2225 248 2259 gis
266 2220 378 2258 Angliae
395 2245 405 2260 ‚
431 2231 484 2258 pro
503 2231 562 2260 quo
580 2222 616 2252 de
635 2232 695 2253 rato
711 2223 744 2254 &
765 2223 961 2254 ratihabitione
985 2223 1116 2255 Promisit
1136 2226 1169 2256 δε
1194 2225 1280 2256 Con-

208 2261 289 2290 venit
308 2260 390 2290 simili
407 2260 545 2297 solempni
561 2260 741 2299 Stipulationi
761 2263 959 2293 intervenienti
979 2273 1047 2294 cum
1061 2263 1276 2296 Confoederatis

210 2299 244 2330 &
268 2297 414 2338 Colligatis
442 2299 582 2334 praedietis
602 2323 612 2337 ‚
638 2300 671 2330 &
699 2300 833 2338 Stephano
861 2302 1009 2339 quondam
1037 2302 1191 2334 Alexandri
1210 2302 1280 2335 Civi

211 2337 355 2368 Narvien.
382 2337 507 2368 Publico
530 2337 698 2374 Apostolica
715 2341 748 2370 ὃ(
766 2338 906 2378 imperiali
926 2340 1150 2373 Auctoritatibus
1169 2343 1203 2374 &
1222 2342 1280 2373 Ca-

211 2385 298 2406 merae
325 2376 501 2413 Apostolicae
525 2375 651 2408 Notario
666 2401 676 2417 ‚
707 2386 778 2409 tunc
805 2387 836 2408 ut
853 2379 976 2416 publicae
997 2379 1132 2411 Personae
1149 2381 1279 2419 praesenti

209 2413 362 2455 Stipulanti
380 2416 412 2446 ὃς
430 2413 590 2452 Recipienti
610 2426 662 2453 pro
680 2417 719 2446 eis
737 2439 747 2455 ,
773 2417 854 2454 quod
874 2417 1072 2449 Sereniffimus
1086 2422 1148 2449 Rex
1166 2420 1281 2459 Angliae

210 2454 271 2484 suus
291 2452 456 2491 Principalis
471 2456 567 2484 omnia
582 2455 614 2485 &
633 2455 735 2498 singula
748 2478 758 2492 ‚
785 2456 815 2486 in
832 2455 916 2500 dietis
935 2456 1073 2494 Capitulis
1097 2459 1130 2490 &
1154 2460 1281 2497 praelenti

212 2490 372 2535 Contraclu
390 2501 525 2523 contenta
545 2494 577 2524 ὃς
597 2494 735 2531 expressa,
755 2504 804 2531 per
820 2495 969 2532 publicum
983 2495 1228 2538 Instrumentum‚
1247 2499 1281 2529 si·

213 2540 250 2561 ve
268 2540 316 2567 per
333 2540 390 2568 ejus
411 2530 517 2570 Literas
535 2531 637 2571 Regias
655 2533 709 2562 suae
729 2533 884 2571 Maiestatis
903 2534 1015 2574 signatas
1029 2559 1039 2575 ,
1068 2536 1101 2566 &
1129 2536 1211 2568 solito
1236 2538 1281 2568 Si-

212 2568 282 2607 gillo
299 2578 351 2606 pro
372 2578 452 2600 more
471 2568 568 2605 Regni
585 2572 641 2606 ejus
664 2570 788 2609 figillatas
802 2596 811 2610 ,
835 2573 866 2602 in
887 2573 1028 2605 autentici
1043 2574 1140 2605 forma
1155 2598 1165 2613 ,
1191 2576 1281 2607 libere

213 2606 408 2651 &absolute9
426 2607 497 2638 infra
510 2607 582 2639 Tres
602 2608 715 2640 Menses
756 2611 870 2641 roximo
889 2612 1016 2650 futuros,
1033 2623 1049 2643 a
1064 2613 1124 2644 Die
1142 2614 1282 2651 praesentis

215 2645 410 2683 stipulationis
429 2646 638 2684 computandos
649 2671 658 2683 ,
673 2619 754 2685 aprici)
765 2647 913 2679 Dominos
933 2649 1175 2688 Confoederaros,
1199 2653 1282 2684 Rati-

59 1268 75 1286 ⁸
97 1269 167 1297 xn.

56 1307 123 1344 641.

214 2683 329 2721 ficabit,
349 2683 518 2721 Acceptabit
536 2684 570 2715 &
585 2684 773 2721 Emologabit
792 2696 823 2717 ut
837 2688 951 2725 jacent,
972 2688 1172 2721 promittentes
1186 2692 1280 2729 supra-

215 2722 377 2753 nominatus
398 2722 578 2765 SanHiffimus
602 2726 734 2753 Dominus
752 2723 837 2765 noster
856 2734 886 2757 ut
906 2725 986 2763 supra
1001 2749 1010 2764 ‚
1036 2737 1069 2758 ac
1090 2728 1228 2759 Oratores
1244 2731 1278 2761 ὅ(

215 2760 416 2792 Procuratores
443 2762 551 2798 piaetati
572 2762 606 2794 δε
628 2762 755 2800 ipsorum
773 2763 890 2800 quilibet
909 2764 1044 2796 Nomine
1063 2765 1177 2797 suorum
1196 2767 1280 2798 Prin-

215 2799 350 2836 cipalium
369 2800 575 2837 praedit‘ltorum
593 2800 764 2838 respective,
783 2802 910 2832 invicem
927 2804 997 2833 inter
1009 2804 1053 2842 se,
1070 2804 1209 2843 solempni
1224 2806 1282 2837 Sti-

214 2838 352 2877 pulationi
370 2839 596 2878 interveniente,
614 2840 648 2870 &
667 2839 795 2870 Notario
814 2840 998 2878 suprascripto
1016 2851 1047 2873 ut
1065 2844 1190 2880 publicae
1208 2844 1279 2877 Per-

214 2878 289 2907 sonae
308 2876 434 2915 praesenti
452 2877 602 2914 Stipulanti
620 2878 654 2909 &
673 2877 833 2916 Recipienti
852 2888 903 2918 pro
920 2881 959 2911 eis
975 2881 1009 2911 &
1023 2891 1124 2912 eorum
1140 2883 1280 2923 quolibet,

214 2914 441 2954 Haeredibuique
458 2916 492 2946 &
511 2916 726 2948 Succeffonbus
744 2918 795 2947 suis
807 2941 817 2955 ,
840 2919 874 2949 &
893 2919 1032 2950 omnibus
1069 2930 1174 2952 uorum
1192 2923 1280 2954 inter-

216 2953 259 2984 est
294 2955 417 2984 intererit
435 2962 482 2984 aut
501 2955 630 2985 interesse
646 2957 751 2993 poterit
769 2957 991 2993 quomodolibet
1005 2959 1034 2989 in
1063 2959 1280 2999 uturum‚Prae-

215 2992 257 3023 mi
282 3002 296 3021 a
321 2993 422 3022 omnia
446 2993 479 3024 δε
506 2993 609 3031 lingula
625 3018 635 3032 ,
661 2994 690 3023 in
707 2994 830 3031 praesenti
848 2994 1010 3028 Contratstu
1030 2998 1064 3029 &
1081 2996 1218 3036 Capitulis
1235 3000 1279 3031 su-

214 3029 370 3068 prascriptis
390 3039 526 3062 contenta
543 3032 576 3063 &
591 3032 731 3073 expressa,
749 3042 833 3071 prout
846 3034 960 3073 jacent,
979 3035 1150 3076 Attendere,
1170 3038 1279 3069 Obser-

214 3079 281 3100 vare
297 3071 329 3100 &
343 3068 529 3101 effeilualiter
548 3070 713 3109 Adimplere
725 3095 735 3109 ,
762 3073 795 3103 &
813 3073 893 3104 nullo
913 3074 1005 3105 modo
1022 3077 1214 3108 contrafacere
1233 3079 1280 3109 vel

215 3109 312 3139 venire
328 3117 374 3146 per
390 3108 418 3139 se
436 3108 481 3140 vel
503 3119 551 3147 per
568 3110 652 3140 alium
671 3109 716 3141 seu
736 3110 804 3141 alios
817 3134 826 3149 ‚
852 3112 945 3150 aliqua
963 3114 1072 3145 ratione
1089 3137 1098 3153 ,
1123 3116 1277 3148 occasione

215 3146 261 3177 vel
279 3147 380 3186 causa,
398 3147 507 3178 dire-fle
528 3147 573 3179 vel
587 3147 740 3185 indirecte,
756 3151 842 3180 meite
860 3151 907 3181 vel
924 3151 1068 3190 espresse‚
1096 3153 1211 3191 publice
1229 3156 1275 3186 vel

216 3185 332 3215 occulte
345 3209 355 3223 ,
375 3195 423 3216 aut
441 3187 542 3224 quovis
559 3185 677 3224 quaesito
697 3187 812 3225 colore,
837 3188 887 3220 sub
908 3189 998 3221 Poena
1017 3192 1115 3223 eadem
1130 3216 1139 3229 ,
1163 3203 1227 3231 quae
1247 3196 1276 3225 in

217 3222 377 3254 Contradiu
392 3225 500 3255 alterius
521 3225 553 3255 Li
575 3236 600 3256 ae
615 3248 625 3264 ‚
649 3226 686 3255 de
703 3235 757 3264 qua
775 3227 869 3265 supra,
892 3230 1014 3266 exposita
1031 3231 1066 3261 &
1087 3231 1210 3269 expressa
1226 3233 1278 3264 fuit

217 3262 251 3292 &
274 3261 315 3304 est
341 3272 390 3300 per
409 3263 522 3294 Partem
596 3265 810 3296 ntrafacientem
836 3267 894 3304 ipso
916 3267 994 3298 facto
1018 3268 1186 3300 incurrenda
1204 3293 1213 3308 ,
1239 3273 1273 3302 &

217 3297 346 3330 Partibus
363 3300 586 3333 observantibus
599 3303 779 3341 applicanda,
796 3304 851 3341 qua
867 3305 960 3337 Poena
978 3307 1131 3338 commissa
1145 3309 1190 3339 vel
1206 3319 1277 3348 non,

218 3336 317 3368 Soluta
335 3339 380 3369 vel
397 3349 473 3378 non,
490 3341 589 3372 exae‘ta
606 3342 650 3372 vel
669 3351 745 3381 non,
763 3343 967 3373 nichilominus
984 3345 1119 3384 praediista
1131 3349 1229 3378 omnia
1243 3349 1276 3379 &

218 3374 326 3410 singula
342 3377 416 3408 resta
435 3378 488 3409 fint
506 3380 539 3410 &
554 3380 635 3411 firma
654 3380 805 3418 perdurent
820 3405 829 3419 ,
855 3381 1078 3422 Obligantesque
1103 3386 1276 3424 (videlicet)

220 3412 397 3452 Sanchffimus
414 3419 545 3448 Dominus
561 3418 647 3458 noster
664 3421 707 3450 sua
727 3420 760 3452 &
780 3419 925 3451 Romanae
949 3420 1086 3453 Ecclefiae
1101 3446 1111 3461 ,
1137 3423 1277 3455 Procura-

219 3457 381 3496 tores'ver‘o
402 3459 525 3494 praeiati,
550 3459 653 3488 eildem
672 3457 857 3489 Nominibus
873 3460 1044 3490 eorumdem
1060 3461 1174 3492 suorum
1195 3463 1278 3494 Prin-

219 3490 354 3534 cipalium
366 3514 375 3529 ,
389 3491 466 3524 Bona
483 3496 636 3532 respective
651 3497 794 3534 praesentia
808 3498 842 3528 ὃς
862 3497 969 3536 futura,
996 3498 1141 3538 Statusque
1159 3502 1192 3532 &
1210 3501 1276 3533 Do-

220 3538 308 3572 minia
323 3539 423 3572 eorum
438 3541 489 3568 pro
503 3533 709 3565 Observatione
719 3535 753 3566 &
767 3535 980 3574 Impedirnento
991 3538 1193 3575 praedictorum
1210 3550 1275 3571 om-

222 3577 302 3597 nium
319 3568 352 3599 &
370 3570 544 3614 lingulorum
561 3596 571 3609 ,
598 3572 811 3605 Renunciantes
829 3574 998 3612 Exceptioni
1013 3586 1073 3607 non
1091 3579 1129 3609 fic
1147 3579 1280 3611 celebrati

222 3604 416 3651 ContraCluS‚
436 3607 491 3651 Rei
507 3620 566 3640 non
585 3611 622 3642 sic
641 3613 686 3642 vel
699 3613 763 3643 alias
779 3613 882 3651 gestae,
900 3613 1074 3653 Exceptioni
1092 3616 1164 3647 Doli
1188 3617 1278 3657 Mali,

224 3643 341 3691 Metus,
359 3644 526 3690 Conditioni
542 3649 675 3680 indebitae
691 3651 747 3681 fine
765 3651 860 3682 Causa
874 3653 919 3683 vel
937 3662 971 3683 ex
994 3654 1095 3692 injusta
1117 3655 1227 3695 Causfi,
1245 3657 1279 3688 &

221 3684 356 3728 omnibus
377 3684 435 3715 aliis
458 3684 678 3723 Exceptionibus
695 3690 735 3720 eis
755 3690 788 3721 &
807 3691 932 3729 ipsorum
958 3692 1075 3724 cuilibet
1095 3693 1279 3726 Nominibus

223 3722 366 3764 praedufhs
386 3722 522 3767 adversus·
539 3724 682 3757 Praemiffa
709 3729 743 3759 &
756 3729 905 3766 quodlibet
921 3730 1138 3763 Praemissorum
1152 3743 1280 3772 quomo-

223 3758 331 3791 dolibet
346 3762 577 3799 competentibus
591 3764 624 3794 &
640 3767 854 3805 competituris,

264 3797 318 3842 Per
336 3798 414 3829 hunc
430 3809 523 3832 autern
542 3801 682 3840 praesentis
705 3803 788 3841 Ligae
815 3806 1008 3838 Contraemm
1025 3831 1035 3845 ‚
1067 3818 1135 3839 cum
1161 3811 1281 3848 praefato

227 3833 405 3878 Sereniffimo
424 3837 556 3870 Domino
571 3843 641 3878 Rege
659 3842 772 3879 Angliae
784 3844 878 3881 initae,
897 3847 1001 3883 praefati
1013 3846 1213 3879 Confoederati
1227 3851 1283 3887 (vi-

227 3871 345 3916 delicet)
369 3877 547 3915 Sanbiiffi'mus
569 3882 701 3910 Dominus
723 3880 809 3919 noster
825 3906 833 3918 ,
860 3884 1030 3915 Serenissimi
1047 3889 1226 3916 Romanorum
1243 3888 1282 3924 &⁴

228 3908 418 3952 Hispaniarum
437 3918 517 3953 Reges
533 3916 570 3951 &
588 3921 710 3956 Regina,
728 3928 843 3950 necnon
862 3921 1040 3954 Illustriffimi
1059 3924 1182 3955 Domini
1202 3929 1285 3957 Vene-

228 3952 329 3989 riorum
346 3950 382 3984 &
400 3954 554 3994 ‚Mediolani
570 3959 673 3995 Duces,
689 3958 724 3989 &
742 3967 794 3994 pro
813 3959 852 3988 eis
872 3960 1072 3993 Procuratores
1089 3963 1193 4000 praefati
1205 3987 1214 4002 ,
1240 3965 1285 3995 di-

227 3983 280 4014 &is
299 3990 475 4029 nominibuS,
486 4003 556 4035 'non
577 3995 771 4038 intellexerunt
788 4006 843 4027 nec
862 3999 1022 4037 intelligunt
1039 4002 1170 4032 recedere
1187 4004 1286 4042 aliquo

230 4022 322 4053 modo
346 4034 362 4054 a
385 4026 542 4064 supradietis
565 4032 639 4071 Liga
661 4034 693 4064 &
718 4033 977 4068 Confoederatione
1001 4040 1076 4070 inter
1098 4050 1148 4070 eos
1165 4041 1233 4073 inita
1251 4043 1286 4074 &

230 4061 386 4101 celebrata,
401 4063 458 4097 Die
475 4068 573 4101 ultima
590 4070 699 4103 Meufis
715 4072 835 4112 Martii,
852 4073 1031 4116 Millesimo,
1059 4078 1289 4119 Qiadringeute-

636 162 1449 211 CONVENTIONES,
1505 160 1900 212 L1TERAE,

1311 250 1384 281 fimo
1394 274 1403 286 ,
1422 248 1624 289 Nomgefimo
1641 249 1760 288 quinto,
1777 248 1816 280 de
1831 258 1885 288 qua
1903 248 1981 288 supra
1998 250 2028 280 in
2045 251 2197 293 Principio
2213 253 2244 285 fit
2258 253 2381 293 mentio,
2397 247 2477 281 Ann.
2493 250 2538 282 D.

1310 298 1406 326 neque
1434 288 1593 328 intelligunt
1618 288 1648 318 in
1675 289 1771 326 aliquo
1789 288 1826 320 ab
1844 287 1944 319 eadem
1964 289 2036 327 Liga
2053 291 2188 330 Capitulis
2207 294 2241 325 &
2261 293 2381 332 Obliga·
2424 291 2513 328 1496.

1311 329 1436 358 tionibus
1453 327 1616 366 caeterisque
1634 327 1692 357 aliis
1710 328 1738 357 in
1757 336 1789 357 ea
1806 328 1949 357 contentis
1963 327 2020 359 effe
2034 329 2192 364 Receffurn
2203 355 2213 371 ,
2233 333 2251 352 *
2269 332 2382 370 aliisque
2398 332 2463 356 ΗΜ·
2481 339 2507 364 7·

1311 366 1493 405 Derogatum
1508 365 1721 404 praejudicatum
1734 365 1779 396 seu
1795 365 2019 403 quomodolibet
2034 369 2196 408 alteratum3
2211 371 2256 402 sed
2271 372 2300 401 in
2314 381 2381 401 om-
2401 369 2414 382 ‘
2431 368 2501 395 Xll.

1312 406 1396 436 nibus
1411 407 1445 436 &
1464 415 1514 443 per
1527 406 1627 435 omnia
1643 404 1719 436 illam
1736 404 1882 444 Firmam,
1901 404 2008 435 Raram
2023 407 2057 437 &
2071 406 2255 440 Immutatam
2276 409 2382 448 perdu—
2398 405 2464 440 ⁶4²·

1312 454 1372 474 rare
1387 455 1420 475 ac
1438 444 1549 481 penitus
1561 443 1709 475 observare
1723 444 1756 474 &
1771 443 1909 481 implere,
1928 444 2046 480 perinde
2069 455 2103 476 ac
2124 447 2144 477 fi
2168 448 2288 484 praesens
2311 449 2383 488 Liga

1314 482 1347 526 ὃς
1365 481 1588 551 Cofnsffderatio
1603 492 1674 514 cum
1685 482 1826 521 praedieto
1842 481 2004 522 Seremffimo
2018 487 2135 515 Domino
2149 487 2219 524 Rege
2235 486 2310 519 facita
2326 489 2384 518 rni-

1312 530 1393 550 nime
1422 532 1439 551 u
1474 529 1523 551 ent

1347 558 1403 596 Et,
1423 569 1476 596 pro
1501 543 1602 597 miijori
1624 560 1760 591 omniurn
1784 560 1818 591 &
1841 559 2019 597 singulorum
2038 560 2244 599 praedictorum
2260 563 2386 596 Robore

1313 596 1348 627 &
1364 597 1508 628 Firmitate
1542 598 1725 638 Sandiffimus
1742 602 1874 629 Dominus
1886 598 1973 638 noster
1994 607 2032 630 m
2057 609 2173 631 vanno
2190 601 2386 635 Pourimcis

1313 634 1484 674 affirmavit,
1501 620 1640 680 Oratores
1655 639 1728 668 vero
1748 638 1782 668 &
1798 638 2002 669 Procuratores
2016 639 2125 678 praefati
2139 640 2173 670 &
2198 640 2318 678 quilibet
2341 642 2389 680 ip-

1311 673 1408 704 sorum
1427 675 1455 704 in
1475 674 1595 705 Animas
1612 676 1729 706 suorum
1745 675 1949 714 Principalium
1966 676 2188 716 praedffilorum,
2206 680 2236 708 in
2256 678 2389 711 Pectori-

1316 712 1370 742 bus
1387 712 1422 742 ad
1442 712 1546 743 Sandia
1564 713 1624 744 Dei
1639 713 1791 753 Evangelia
1807 715 1993 754 corporaliter
2012 726 2099 747 manu
2115 716 2188 747 taeta
2214 717 2360 756 scripturae
2376 741 2389 757 ,

1313 751 1470 790 respective
1491 751 1627 788 Jurfirunt
1651 752 1798 783 Praemisia
1823 755 1921 784 omnia
1944 755 1977 785 ὅ(
2002 755 2108 793 singula
2133 765 2201 786 vera
2224 756 2282 786 este
2300 757 2334 788 &
2353 766 2388 788 ea

1315 789 1462 859 {tgr-idere
1479 790 1513 822 ὅτ,
1531 790 1681 822 observare
1697 799 1727 822 ut
1744 791 1825 830 supra
1838 815 1848 830 ,
1873 791 1924 822 sub
1941 792 2038 824 Poens
2056 794 2089 825 δε
2110 794 2297 834 obligatione
2316 804 2388 834 prae-

1336 838 1345 857 1
1378 838 1420 866 is,

1352 866 1500 905 Rogantes
1514 866 1674 899 Notarium
1688 868 1903 907 suprascriptum
1918 878 1949 900 ut
1972 869 2008 900 de
2028 870 2172 909 praediffls
2191 873 2329 904 omnibus
2350 874 2388 905 δε

1314 904 1425 944 singulis
1447 906 1598 945 publicum
1620 906 1776 938 conficeret
1796 907 2024 940 instrumentum
2045 919 2136 941 unum
2157 911 2203 943 vel
2217 912 2295 950 plura
2311 922 2390 944 con-

1313 943 1416 974 formia
1429 945 1463 975 ad
1476 945 1602 976 futuram
1617 946 1657 976 rei
1670 947 1853 977 memoriam.

1352 1024 1428 1056 Αᾶε
1447 1025 1564 1058 fuerunt
1585 1027 1650 1058 haec
1674 1029 1767 1057 Romae
1785 1028 1813 1057 in
1837 1022 1947 1058 Palatio
1969 1027 2142 1067 Apostolico
2158 1032 2232 1069 apud
2247 1031 2388 1063 San&um

1317 1062 1436 1095 Petrum
1450 1066 1480 1095 in
1498 1065 1571 1096 Aula
1587 1065 1786 1103 Pontificum,
1807 1065 1897 1097 Anno
1912 1066 2037 1097 Domini
2053 1067 2226 1109 Millefimo,
2240 1071 2388 1142 Qiffldrin-

1338 1103 1496 1142 entesimo,
1525 1104 1728 1145 Nonagefirno
1746 1105 1840 1143 seittO,
1864 1104 1980 1144 Dieque
2004 1105 2132 1140 Decima
2153 1108 2262 1142 ofitavi
2318 1109 2390 1142 enfin

1313 1111 1382 1181 fulsi
1395 1142 1556 1181 supradiCti.

1695 1221 1882 1253 Praesentibtis
1895 1221 2004 1253 ibidem
2012 1245 2023 1262 ,

1358 1295 1536 1328 Reverendis
1552 1299 1581 1329 in
1595 1298 1716 1329 Christo
1731 1298 1858 1330 Patribus
1874 1299 1908 1330 &
1925 1298 2081 1339 Dominis,

1355 1336 1557 1367 Bartholomaeo
1575 1337 1778 1378 Archiepiscopo
1795 1337 1938 1378 cusenten.

1359 1377 1397 1405 L.
1417 1375 1543 1415 Epifiopo
1556 1380 1741 1417 Caputaquen.

1356 1413 1529 1446 Sanffiffimi
1548 1415 1674 1446 Domini
1689 1415 1778 1446 nostri
1792 1414 1969 1454 Secremrfis,

1357 1451 1502 1490 Jerom‘mo
1519 1454 1646 1494 Episiopo
1663 1454 1835 1485 Archadien.

1355 1491 1448 1521 Felino
1461 1492 1586 1532 Eptstopo
1603 1495 1721 1523 pennen.

1354 1529 1490 1568 Johanne
1503 1531 1600 1561 EleHo
1614 1531 1720 1562 Tullen.
1830 1567 1832 1569 ‚

1355 1568 1491 1638 {obassze
1511 1570 1638 1615 Daptssa
1662 1570 1790 1611 Eptfiopo
1811 1572 1951 1600 Mutinen.
1973 1569 2057 1608 ipfius
2078 1569 2251 1603 Sanstiffimi
2265 1569 2392 1604 Domini

1319 1616 1359 1637 no
1402 1618 1410 1637 1
1478 1618 1549 1640 tario

1357 1646 1497 1686 Francifio
1513 1647 1546 1677 de
1556 1632 1645 1686 'Bogia
1660 1647 1757 1678 ΕΙεὲἶο
1771 1646 1907 1678 Thrauen.

1357 1687 1487 1715 Martino
1500 1686 1533 1715 de
1548 1687 1680 1724 Azpedia
1695 1686 1873 1724 Apostolicae
1886 1684 1966 1716 Sedis
1980 1685 2222 1724 promotioni-io,

1360 1726 1486 1754 Antonio
1502 1725 1535 1754 de
1550 1727 1648 1754 Monte
1661 1728 1737 1754 Sacri
1749 1724 1847 1755 Palatii
1859 1724 2022 1761 Apostolici
2038 1724 2192 1756 Causarum
2210 1725 2370 1767 Auditore;

1359 1761 1493 1800 Johanne
1510 1763 1542 1793 de
1556 1767 1676 1803 Montay
1690 1762 1817 1793 Oratore
1832 1762 2006 1793 Sereniffimi
2026 1762 2153 1794 Domini
2174 1767 2253 1802 Regis
2275 1767 2392 1806 Hunga-

1322 1811 1371 1830 Tlae

1359 1823 1494 1878 J’ohamae
1505 1843 1583 1880 copis
1598 1839 1814 1871 Archidiacono
1826 1839 1966 1870 Leodien.

1359 1879 1499 1918 Francifio
1513 1879 1546 1908 de
1561 1881 1664 1909 Parma
1681 1880 1711 1910 in
1726 1878 1833 1916 Maiori
1848 1878 1942 1909 Pareo
1958 1876 2184 1915 Abbreviarore‚

1321 1954 1346 1986 p
1360 1916 1400 1948 Et
1427 1921 1555 1948 Antonio
1577 1917 1728 1957 Fabregnes
1747 1916 1936 1948 Cubiculario
1955 1916 2128 1948 Sanitiffimi
2153 1916 2278 1948 Domini
2303 1919 2395 1952 nostri

1346 1965 1406 1993 8Ραἶ
1415 1978 1425 1994 ’

1357 1994 1494 2027 Testibus
1505 1994 1539 2026 ad
1556 1994 1701 2028 Praemiffa
1721 1995 1831 2027 vocatis
1853 1994 1954 2026 habitis
1973 1994 2008 2027 &
2027 1994 2180 2032 specialiter
2199 1996 2339 2034 requisitis
2358 1998 2394 2031 &

1322 2042 1434 2074 rogatis.

1361 2110 1454 2149 QAE
1476 2117 1614 2149 Quinam
1637 2118 1752 2142 OMNtA
1766 2119 1811 2142 ετ
1827 2117 1977 2142 SINGULA
1994 2110 2108 2148 praefata
2122 2109 2252 2149 Capitula
2267 2110 2324 2142 five
2339 2110 2395 2142 Ar-

1321 2150 1441 2188 ticulos,
1466 2149 1496 2180 in
1517 2149 1569 2181 hac
1591 2160 1668 2182 nova
1692 2150 1765 2190 Liga
1788 2157 1941 2187 contenta,
1968 2148 2148 2188 Laudamus,
2173 2148 2395 2189 Apmotnmus,

1322 2187 1558 2227 confirmamus,
1577 2188 1764 2221 Ratificamus
1781 2189 1815 2220 &
1832 2187 2054 2226 Emologamus.

1358 2226 1393 2257 In
1410 2236 1553 2267 quorum,
1573 2228 1636 2259 &c.

1360 2303 1422 2335 Dat
1448 2305 1475 2334 in
1493 2304 1587 2344 Castro
1601 2305 1689 2345 nostro
1704 2305 1737 2335 de
1758 2303 1939 2343 Wyndefhre,
1958 2302 2047 2335 Anno
2065 2302 2191 2335 Domini
2215 2304 2396 2345 Milleiim03

1324 2343 1632 2382 Quadringentesimo,
1650 2343 1850 2383 Nonagesimo
1874 2343 1969 2381 semo,
1986 2341 2084 2382 Regni
2107 2345 2182 2375 vero
2204 2344 2294 2375 nostri
2306 2344 2395 2382 Duos

1322 2382 1456 2421 decimo,
1477 2381 1640 2422 Mensisque
1657 2382 1833 2422 Septembris
1850 2381 1908 2413 Die
1924 2381 2072 2413 Vicesimo
2086 2383 2180 2414 tertio.

1363 2458 1535 2491 Consimiles
1555 2460 1657 2491 Literae
1675 2461 1703 2490 in
1717 2460 1852 2490 omnibus
1869 2467 1946 2490 erant
1961 2469 2010 2498 per
2028 2458 2325 2504 Dominum-Regem
2340 2461 2395 2492 eis-¹

1323 2498 1389 2529 dem
1412 2499 1498 2529 Loco
1520 2500 1554 2530 ὃ(
1575 2500 1726 2538 Tempore
1752 2499 1883 2538 signarae,
1903 2499 2026 2537 {igillatae
2047 2499 2081 2530 &
2103 2498 2258 2537 expeditae,
2278 2508 2396 2537 praeter·

1324 2547 1410 2575 quam
1429 2537 1507 2576 quod
1525 2539 1552 2568 in
1568 2538 1713 2568 Themate
1728 2537 1778 2567 ista
1792 2536 1921 2567 Clausula
1934 2546 1991 2568 erat
2007 2536 2131 2576 apposita
2143 2538 2176 2568 &
2200 2537 2308 2569 adeota
2328 2537 2396 2576 post

1325 2577 1446 2606 verbum
1462 2575 1638 2607 UNIONi-:M
1654 2576 1783 2615 primitiis
1796 2583 1895 2606 tamen
1913 2576 2072 2612 contentis,
2092 2576 2122 2605 in
2137 2575 2213 2606 dieta
2255 2576 2317 2616 iga,
2335 2576 2397 2607 Die

1326 2615 1427 2645 ultima
1444 2614 1543 2645 Martii
1560 2615 1712 2652 conclusa,
1728 2623 1859 2644 mutuum
1878 2614 2037 2650 (videlicet)
2054 2614 2227 2645 succursum
2246 2615 2304 2646 sive
2322 2615 2399 2646 Sub-

1328 2654 1428 2684 sidium
1453 2653 1599 2683 dictorum
1623 2652 1899 2684 Confoederatorum
1922 2653 2163 2684 concernentibus
2177 2676 2188 2692 ,
2213 2662 2330 2692 propter
2353 2655 2403 2684 ni-

1326 2694 1413 2722 miam
1432 2691 1581 2722 Locorum
1599 2691 1758 2723 distantiam
1771 2715 1780 2730 ‚
1802 2690 1971 2729 caeterasque
1988 2691 2090 2722 Causas
2107 2715 2115 2728 ,
2145 2693 2174 2721 in
2192 2691 2276 2722 dictis
2296 2691 2399 2724 nostris

1325 2730 1566 2760 Instruc'tionibus
1585 2731 1676 2767 palam
1696 2731 1830 2760 exhibitas
1848 2730 1882 2760 &
1899 2729 2036 2768 ostensas,
2054 2729 2241 2769 specificatas,
2269 2740 2305 2761 ex
2324 2734 2397 2761 San-

1325 2768 1429 2807 ‹Sliffi'mi
1447 2771 1559 2798 Domini
1575 2768 1660 2808 nostri
1675 2779 1707 2799 ac
1725 2769 1846 2799 aliorum
1865 2768 2115 2799 Sereniffimorum
2135 2767 2308 2808 Principum
2323 2779 2397 2809 prae-

1326 2807 1451 2838 fatorum
1470 2806 1629 2837 Oratorum
1647 2809 1680 2839 ὅ(
1700 2807 1924 2838 procuratorum
1941 2806 2108 2845 Consensu,
2127 2809 2240 2845 penitus
2252 2808 2378 2847 ominis,

1363 2845 1399 2876 Et
1423 2847 1450 2875 in
1476 2844 1674 2876 Ratificatione
1695 2846 1818 2884 ejusdem
1839 2855 1997 2885 apponatur
2019 2846 2070 2877 ista
2089 2845 2235 2886 Clausula,
2254 2846 2397 2878 Mutuum

1325 2884 1499 2915 Succursum
1516 2884 1572 2915 sive
1587 2884 1747 2915 Subsidium
1765 2886 1885 2915 minime
1900 2887 2101 2916 concernentia
2119 2885 2276 2923 (videlicet)
2293 2887 2399 2916 imme-

1325 2923 1400 2953 diate
1417 2921 1481 2959 post
1498 2922 1555 2953 hoc
1571 2924 1693 2954 verbum
1708 2932 1917 2963 con-risum,
1932 2924 1967 2955 &
1988 2924 2153 2956 immediate
2172 2931 2239 2955 ante
2254 2924 2312 2955 hoc
2330 2934 2398 2956 ver-

1327 2963 1400 2992 bum
1417 2962 1618 2993 LAunAMUs.

1416 3121 1421 3127 ,
1606 3091 1655 3123 De
1681 3088 1871 3134 Restitutione
1893 3088 2125 3137 Temporalium.

1381 3172 1439 3204 EX
1462 3173 1604 3205 Escaetori
1626 3175 1676 3205 suo
1699 3176 1729 3205 in
1751 3175 1900 3206 Comitatu
1917 3174 2038 3213 Salopiae
2059 3185 2092 3207 ac
2118 3174 2257 3207 Marchiis
2276 3177 2393 3211 Waniae
2410 3182 2541 3216 Ann,D.·

1399 3212 1491 3242 eidem
1505 3211 1664 3244 Comitatui
1677 3213 1880 3251 adjacentibus,
1899 3213 2033 3245 Salutem.
2427 3224 2517 3262 1496,

1365 3249 1447 3281 Cum
1464 3251 1611 3282 Dominus
1633 3255 1754 3282 Summus
1772 3252 1901 3291 Pontifex
1921 3263 2028 3291 nuper,
2044 3262 2160 3285 vacante
2183 3252 2311 3286 Ecclefifi.
2331 3254 2391 3288 Ca-
2404 3265 2456 3291 Aa,
2478 3272 2523 3292 η,

1325 3289 1444 3320 thedrali
1464 3288 1631 3329 Bangorensi
1654 3300 1702 3328 per
1719 3291 1861 3327 Obicum,
1887 3291 1974 3322 bonae
1994 3293 2160 3332 memoriae,
2185 3293 2298 3323 Ricardi
2317 3294 2389 3332 ejus·
2406 3305 2442 3329 H.
2464 3311 2491 3337 7,

1326 3328 1393 3359 dem
1408 3327 1544 3358 Ecclefiae
1557 3328 1652 3359 ultimi
1665 3328 1784 3360 Pastoris
1798 3330 1831 3360 &
1846 3328 1998 3370 Episcopi,
2014 3329 2168 3361 Personam
2183 3331 2291 3364 Dileeti
2305 3333 2391 3364 nobis
2407 3343 2468 3367 Pat.
2488 3340 2532 3366 n..⁴

1326 3367 1356 3396 in
1371 3365 1508 3404 Christo,
1522 3369 1637 3397 Henriti
1648 3367 1774 3405 ejusdem
1785 3366 1918 3399 Ecclesiae
1936 3368 2032 3401 Eieffl
2046 3370 2077 3399 in
2093 3368 2174 3406 ipfius
2189 3369 2326 3402 Eccleliae
2347 3372 2390 3403 E·
2405 3382 2440 3405 H.
2450 3387 2521 3414 γαπ,

1327 3404 1475 3441 piscopum
1499 3405 1654 3441 praefecerit
1677 3406 1709 3436 δι
1728 3405 1896 3445 Pastorem,
1911 3406 1983 3438 ficut
2005 3417 2054 3443 per
2076 3406 2184 3439 Literas
2205 3407 2323 3442 Bullatas
2348 3413 2391 3450 ip-
2407 3425 2435 3452 5.

1327 3442 1378 3511 fdus
1402 3442 1527 3473 Domini
1546 3446 1647 3474 Summi
1668 3444 1822 3484 Pontificis,
1840 3445 1939 3477 Nobis
1956 3445 2025 3477 inde
2042 3446 2176 3486 directas,
2193 3446 2297 3480 Nobis
2317 3459 2393 3481 con-

1352 3489 1378 3511 at

1363 3504 1433 3550 Nos

1365 3557 1423 3589 1³10
1441 3540 1478 3588 ’eo
1496 3556 1576 3595 quod
1593 3557 1662 3588 idem
1678 3558 1793 3588 Eleous
1809 3560 1943 3592 omnibus
1960 3562 1995 3594 δε
2012 3561 2126 3601 singuiis
2143 3560 2246 3595 verbis
2256 3588 2267 3602 ‚
2293 3563 2392 3596 Nobis

1326 3597 1360 3629 &
1377 3594 1506 3626 Coronae
1524 3595 1629 3627 nostrae
1648 3597 1898 3638 praejudiciahbus,
1923 3601 1951 3630 in
1968 3600 2052 3632 dit-”tis
2071 3601 2172 3633 Literis
2189 3602 2300 3634 Bullatis
2319 3612 2393 3633 con-

1327 3635 1423 3672 tentis,
1448 3643 1548 3665 coram
1568 3634 1668 3666 Nobis
1686 3636 1780 3673 palam
1799 3637 1833 3668 ὅ(
1851 3638 1975 3675 expresse
1993 3639 2203 3680 Renunciavit‚
2226 3642 2259 3673 &
2278 3639 2390 3672 Gratiae

1327 3674 1345 3693 *ἓ
1364 3673 1626 3719 ηοιὶςκὶὸιιηιῦὶιετ
1639 3674 1666 3707 se
1679 3675 1830 3715 Submifit‚
1847 3678 1976 3709 volentes
1991 3688 2062 3710 cum
2074 3688 2110 3710 eo
2124 3681 2154 3710 in
2164 3679 2218 3717 hac
2233 3686 2311 3717 parte
2325 3689 2390 3720 age-
2405 3678 2425 3746 Ξ
2443 3680 2515 3708 XII-¹

1326 3723 1355 3744 re
1390 3719 1491 3741 ratiose
2465 3739 2475 3749 .

1413 3733 1511 3787 pimus'
1525 3749 1699 3782 Fidelitatem
1717 3752 1795 3793 ipfius
1818 3752 1928 3793 Elem,
1946 3755 1979 3787 ὃ(
1999 3755 2184 3794 Temporalia
2199 3753 2390 3797 Episcopatss
2425 3727 2461 3755 4³

1326 3788 1414 3825 iuius,
1433 3797 1518 3825 prout
1533 3791 1620 3820 moris
1633 3789 1690 3829 est,
1711 3790 1899 3823 Restituimus
1913 3794 2026 3831 eidem:,

1365 3826 1404 3857 Et
1427 3826 1493 3857 ideo
1514 3826 1587 3858 Tibi
1609 3828 1794 3867 Praecipimus
1817 3831 1897 3869 quod
1908 3832 1993 3862 eidem
2006 3832 2103 3862 Eleae
2117 3831 2303 3872 Temporalia
2315 3844 2391 3874 prae-

1329 3865 1404 3897 diem
1411 3886 1423 3911 3
1440 3874 1508 3895 cum
1521 3865 1723 3910 *Pertinentiiffi
1741 3867 1890 3901 imBaiiiva
1903 3871 1970 3909 tua,
1984 3872 2041 3901 fine
2053 3870 2209 3909 dilatione,
2227 3871 2345 3904 Liberes
2357 3874 2390 3904 in

1328 3905 1426 3936 forma
1440 3904 1594 3943 praedrdffi,
1610 3905 1686 3937 salvo
1695 3906 1763 3944 Jure
1775 3907 1933 3946 cujussibet.

1364 3939 1452 3973 Teste
1468 3941 1553 3982 Rege
1567 3944 1642 3983 apud
1655 3945 1931 3986 Wstmonasterium,
1945 3947 2023 3979 seitto
2037 3945 2096 3978 Die
2109 3946 2260 3981 Oetobris.

1812 4010 1868 4038 Per
1878 4010 1972 4041 Breve
1984 4008 2018 4041 de
2027 4010 2148 4044 Privato
2158 4010 2261 4051 Sigillo,

1370 4080 1408 4114 Et
1423 4079 1598 4115 Mandatum
1609 4082 1650 4116 est
1667 4082 1826 4123 Militibus,
1841 4085 1904 4117 &a
2340 4129 2399 4160 P„
