2555 4266
209 129 286 170 168

61 215 139 246 Ατιη.
156 211 187 243 l)
209 215 270 251 los,
294 211 428 243 Subditos
448 207 596 247 praesentes
617 206 651 237 &
673 206 801 244 futuros,
826 206 860 238 &
882 204 1031 243 praefatum
1053 202 1267 234 serenissimum

84 252 165 290 ¹486›

62 296 125 321 ΗΜ.
142 301 170 327 7.

81 2181 98 2196 ”
120 2178 189 2206 XII.

82 2217 147 2247 282.

211 253 376 289 Principem
391 251 536 278 Henricum
548 245 661 282 Angliae
682 247 778 283 Regem
797 243 1048 275 Consanouineurn
1068 241 1198 272 nostrum
1223 250 1271 270 ca-

209 290 368 325 riffimum,
392 287 493 318 Patrias
518 286 551 315 ὅ(
575 283 717 314 Dominis
740 283 802 320 sua,
816 268 972 318 Haeredes,
989 280 1182 319 Succefforoe,
1201 279 1272 309 Vas-

209 329 288 360 sanos
303 353 312 365 ,
338 325 471 357 Subditos
491 321 638 361 praesentes
659 323 693 354 ὃ(
716 321 848 359 futuros,
870 330 919 359 per
939 320 1014 350 Tres
1034 319 1134 350 Annos
1155 328 1170 348 a
1194 317 1271 348 Data

209 367 394 399 Praesentium
411 362 540 400 proxime
557 360 663 391 futuros
675 360 835 398 duraturas,
852 359 945 390 modo
957 360 991 391 &
1003 357 1098 389 forma
1111 359 1141 387 in
1154 357 1271 388 Articu-

209 407 242 438 lis
257 407 302 436 seu
316 401 455 440 Capitulis
471 400 650 438 sequentibus
665 400 807 429 contentis
813 421 824 437 ‚

248 445 386 487 Quorum
399 440 501 471 Tenor
515 438 657 477 sequitur,
673 437 707 468 ὃ(
729 436 770 468 est
790 438 864 475 talis,

250 520 426 555 Ianimrs,
451 515 534 554 quod
551 515 654 552 bonae,
678 513 812 552 fincerae,
837 512 927 544 firmae
946 512 980 545 &
998 510 1134 555 perfeetae
1150 509 1221 553 fint,
1244 511 1279 542 δε

213 558 411 590 inviolabiliter
426 556 580 587 habeantur
599 553 743 591 Treugae,
763 553 940 584 Guerrarum
959 550 1165 586 Abstinentiae,
1185 549 1279 585 Ligae‚

213 597 409 633 Intelligentiae
418 617 428 632 ‚
441 596 474 626 ὃ(
491 591 763 623 Confoederationes
777 593 849 622 inter
862 590 955 620 dietos
966 587 1178 619 Poteniiffimos
1192 586 1280 617 Fran-

214 637 269 668 ciae
288 630 322 667 δ’(
341 634 452 672 Angliae
472 632 616 669 Principes
659 631 781 668 Patrias,
801 631 833 661 &
854 629 998 659 Dominia
1015 627 1060 656 sua
1080 634 1277 666 quaecunque,

215 674 370 711 Haeredes,
392 670 590 707 Successores,
645 669 766 707 affallos,
787 667 920 699 Subditos
934 665 1080 703 praesentes
1098 665 1130 696 &
1149 664 1280 701 futuros,

215 723 334 745 necnon
357 714 430 743 inter
454 707 630 740 Inclitiffima
658 707 783 738 Franciae
803 708 836 738 &
854 705 966 742 Angliae
985 704 1086 742 Regna
1104 725 1114 741 ,
1136 711 1186 739 per
1204 701 1279 745 Ter-

217 761 279 783 ram
294 773 304 791 ²
330 750 433 786 Mare,
457 748 559 778 Portus
585 746 674 776 Maris
687 767 697 783 ‚
720 747 753 775 &
778 745 874 783 Aquas
896 743 992 774 dulces
1006 765 1016 780 ,
1042 742 1076 772 &
1095 739 1176 778 quod
1193 739 1280 784 dictae

215 791 345 822 Treuoae
358 813 368 828 ,
393 788 569 819 Guerrarum
591 784 780 815 Abstinentiae
798 805 808 820 ,
832 782 914 820 Ligae
928 804 938 819 ‚
960 781 993 812 δε
1011 779 1282 823 Confoederationes

217 816 372 868 Incipissnt,
391 826 484 866 quoad
499 825 645 859 Principes
660 821 835 858 antedictos,
850 821 883 851 δε
908 829 1010 851 eorum
1031 818 1152 855 Patrias,
1171 816 1279 861 Domi·

215 869 266 899 nia
297 868 433 898 Subditos
442 889 451 903 ,
469 865 502 895 ὅ(
517 861 667 896 Vaffailos,
685 859 720 889 ab
732 858 785 888 ha'c
798 861 868 894 Die,
882 857 920 892 ἐν·
933 858 1030 887 durent
1043 856 1121 899 usqae
1138 855 1179 884 ad
1186 858 1282 899 Finem

218 892 313 937 Trii'tm
330 908 478 935 Annorum
489 898 614 940 proxime*
622 898 791 939 liquentium
805 895 952 936 inclufivei,
970 897 1003 927 &
1018 895 1056 925 sic
1071 898 1169 925 finient
1183 904 1211 923 in
1224 893 1282 924 Die

220 944 350 978 Decima
365 941 483 980 septima
493 938 633 978 januarii,
653 935 717 975 post
733 935 805 966 Solis
818 934 960 965 Occasum
982 933 1104 971 ejusdem
1127 931 1195 962 Diei
1205 933 1283 974 ,qqui

220 985 274 1016 erit
289 985 319 1014 in
335 983 421 1013 Anno
438 978 561 1009 Domini
577 974 750 1012 Millefimo,
765 971 1284 1012 QuadringentefimQOstuagehmo

220 1023 330 1055 ostavo
343 1021 428 1050 etiam
445 1016 591 1047 inclusive.
821 1051 826 1056 ι
1088 1049 1093 1055 .
1249 1049 1254 1054 Ι

261 1061 307 1091 Ιτ
319 1068 337 1089 ε
349 1067 393 1094 M,
421 1055 519 1094 quod,
546 1053 663 1083 durante
677 1050 756 1081 dieto
773 1050 915 1081 Triennio
935 1050 967 1081 δε
985 1048 1108 1086 Treugis
1127 1047 1286 1088 praedic'hs,

218 1099 313 1134 Bella,
333 1097 470 1131 Guerrae,
496 1094 528 1124 δε
550 1090 726 1122 Hostilitates
744 1098 923 1127 quaecunque
939 1089 1011 1118 inter
1028 1088 1156 1125 praefatos
1178 1088 1288 1118 Princi-

243 1148 270 1167 ὅ
290 1136 415 1167 Franciae
435 1135 467 1165 &
490 1131 618 1169 Angliae,
638 1129 776 1166 utriusque
794 1137 894 1158 eorum
915 1126 1070 1163 Haeredes,
1091 1127 1286 1165 Succeffores,

221 1147 360 1206 Elaffiuos
375 1197 384 1211 ,
410 1174 442 1204 &
463 1170 620 1205 Subditos;
646 1177 760 1198 necnon
779 1167 851 1196 inter
869 1165 943 1196 dicia
963 1164 1137 1196 Inclitiffima
1158 1165 1288 1196 Franciae

224 1215 258 1246 δε
278 1213 389 1253 Angliae
410 1210 512 1249 Regna
526 1232 535 1246 ,
563 1207 682 1243 Patrias,
705 1206 738 1237 &
759 1204 899 1235 Dominia
916 1204 962 1235 sua
980 1214 1161 1243 quaecunque
1180 1205 1287 1241 ubique

224 1253 375 1284 Locorum
399 1260 447 1291 per
470 1249 595 1284 Terras,
621 1244 706 1276 Mare
721 1267 731 1283 ,
755 1244 788 1275 &
814 1244 908 1282 Aquas
932 1242 1029 1274 dulces
1052 1244 1175 1274 omnino
1195 1242 1285 1274 ceffa-

221 1293 393 1367 bulzan,
413 1325 492 1366 quod
508 1334 608 1356 omnes
628 1323 661 1354 &
678 1322 774 1362 finguli
793 1321 885 1353 utrius
898 1331 934 1352 ue
952 1321 1097 1353 dierorum
1118 1321 1287 1359 Principum

224 1369 341 1400 Vassalli
354 1369 387 1399 &
406 1365 534 1403 Subditi,
549 1364 606 1394 sive
625 1362 676 1393 (int
693 1362 854 1401 Principes,
906 1360 1110 1399 rchiepiscopi,
1136 1360 1287 1399 Episcopi,

225 1408 327 1440 Duces
343 1430 352 1445 ,
380 1404 512 1436 Comites
529 1426 538 1440 ‚
564 1402 683 1433 Barones
697 1423 708 1439 ,
735 1400 913 1431 Mercatores
929 1423 940 1436 ‚
965 1409 1010 1429 aut
1030 1399 1150 1437 cujusvis
1166 1398 1261 1430 Status
1277 1421 1287 1437 ‚

226 1444 446 1478 Conditionisve
460 1441 577 1474 existant
590 1464 599 1479 ,
624 1439 786 1470 durantibus
804 1439 926 1477 Treugis
943 1437 1089 1469 antedictis
1106 1461 1116 1477 ,
1137 1439 1228 1469 ubivis
1246 1437 1288 1468 lo-

226 1495 330 1517 corum
352 1483 406 1514 sese
429 1481 533 1513 mutuis
555 1478 670 1510 Officiis
692 1478 892 1516 prosequantur
919 1477 951 1508 &
977 1476 1095 1507 honesta
1122 1475 1289 1507 Affeetione

225 1523 400 1565 pertractent
415 1545 426 1558 ,
450 1519 611 1558 possintque
627 1517 714 1549 libere
726 1540 736 1553 ,
759 1517 820 1547 tute
836 1538 846 1554 ,
869 1515 901 1547 &
921 1515 1016 1545 secure
1032 1539 1040 1552 ,
1061 1515 1165 1552 absque
1180 1516 1290 1546 alterius

227 1563 321 1601 ejusve
342 1561 530 1592 Subditorum
555 1555 665 1586 offensa
688 1555 744 1584 fine
767 1555 976 1592 impedimento
995 1555 1102 1592 ubique
1122 1553 1291 1585 Perlustrare

267 1613 280 1632 r
297 1601 439 1637 Terram,
457 1607 506 1635 per
527 1595 627 1633 Mare,
647 1593 802 1631 Navigare,
814 1594 882 1623 hinc
908 1593 1028 1630 indeque
1049 1593 1084 1623 ad
1103 1592 1206 1623 Portus
1222 1616 1232 1631 ,
1255 1594 1289 1624 &

263 1640 388 1675 ommia,
405 1639 439 1669 ὅ(
455 1634 604 1666 Βίῐὶτὶἃυς
622 1632 806 1671 quoscunque
823 1631 963 1670 utriusque
977 1632 1101 1669 ipsorum
1121 1631 1291 1669 Principum

227 1681 297 1711 citra
316 1679 348 1709 &
368 1676 437 1706 ultra
455 1674 537 1705 Mare
557 1673 649 1709 (dum
668 1680 762 1702 tamen
780 1671 889 1701 Armati
908 1669 978 1700 ultra
998 1669 1167 1700 Numerum
1189 1670 1291 1700 Arma-

227 1727 324 1750 torum
344 1714 472 1745 Centum
492 1712 571 1742 simul
591 1721 650 1741 non
667 1709 814 1746 accedant)
833 1709 983 1746 accedere,
1002 1708 1030 1737 in
1049 1710 1141 1746 eisque
1158 1708 1292 1746 quamdiu

227 1756 327 1787 volent
348 1753 474 1789 Morari,
491 1750 635 1787 Mercari,
654 1747 783 1786 Merces,
799 1747 1010 1784 Mercimonia,
1030 1747 1133 1785 Arma,
1158 1749 1192 1778 &
1204 1746 1292 1785 Joca-

227 1795 264 1826 lia
285 1801 465 1831 quaecunque
487 1788 613 1825 Emere,
637 1786 769 1817 Vendere
782 1809 792 1824 ,
820 1787 853 1818 &
878 1795 910 1818 ut
936 1786 973 1816 eis
997 1785 1089 1823 placet
1112 1787 1147 1816 ab
1162 1786 1239 1817 illinc
1257 1786 1293 1816 ad

229 1833 325 1865 Partes
344 1831 485 1869 proprias,
508 1827 554 1858 vel
573 1827 640 1857 alibi
660 1825 747 1856 libere
764 1826 895 1863 quotiens
910 1825 1040 1854 duxerint
1057 1825 1220 1855 abeundum
1236 1826 1295 1855 abi-

228 1883 260 1903 re
275 1894 284 1908 ,
311 1879 379 1901 curn
395 1869 446 1899 suis
462 1876 510 1898 aut
529 1864 679 1897 conductis
698 1864 744 1895 vel
762 1863 954 1895 commodatis
968 1862 1100 1902 Navigiis
1114 1886 1124 1900 ,
1147 1863 1294 1902 Plaustris,

231 1909 396 1945 vehiculis,
424 1906 529 1944 Equis,
555 1904 728 1942 Armaturis,
756 1902 975 1939 Mercimoniis,
997 1901 1165 1940 Sarcinulis‚
1193 1902 1292 1940 Bonis,

230 1950 265 1980 &
287 1948 384 1978 Rebus
402 1946 452 1976 suis
471 1943 702 1982 quibuscunque,
720 1942 823 1979 absque
839 1941 897 1971 ullo
913 1940 1142 1979 Impedimento,
1161 1941 1295 1979 Offensa,

231 1986 439 2022 Arrestatione,
459 1983 567 2014 ratione
588 1980 718 2018 Marcae,
736 1979 977 2017 Reprisaliorum,
995 1989 1041 2011 aut
1055 1979 1107 2010 alia
1126 1979 1297 2011 Restritstio·

233 2036 271 2057 ne
290 2032 462 2063 quacunque
475 2045 485 2059 ,
509 2022 567 2050 tarn
586 2021 615 2049 in
634 2019 724 2049 Terra
744 2019 830 2056 quam
850 2021 878 2049 in
896 2017 972 2049 Mari
990 2018 1022 2048 &
1042 2019 1133 2056 Aquis
1148 2018 1297 2058 dulcibus,

232 2061 482 2102 quemadmodum
500 2059 598 2090 Patriis
611 2059 640 2088 in
659 2059 777 2096 propriis
796 2057 858 2088 haec
873 2058 971 2087 omnia
990 2057 1132 2094 facerent,
1150 2067 1196 2088 aut
1211 2059 1250 2088 eis
1265 2068 1296 2088 ea

232 2104 325 2135 facere
347 2102 444 2132 liceret
463 2123 472 2137 ,
498 2099 535 2129 ita
558 2096 638 2137 quod
663 2097 743 2127 nullo
763 2096 818 2128 alio
836 2096 922 2127 Salvo
940 2095 1098 2127 Conduetu
1114 2096 1234 2134 generali
1252 2106 1298 2128 aut

232 2141 344 2181 speciali
361 2140 511 2179 indigeant.
1063 2173 1068 2178 ,

271 2183 287 2197 ⁸
309 2180 415 2217 ITEM,
433 2176 513 2215 quod
530 2175 626 2206 omnia
645 2173 769 2204 Munera
782 2173 839 2204 five
854 2173 968 2212 Onera,
986 2172 1022 2202 ab
1036 2172 1130 2211 aliquo
1152 2173 1296 2205 dfflorum

234 2219 404 2257 Principum
423 2218 450 2246 in
467 2214 586 2253 cujusvis
603 2213 729 2243 Partibus
746 2212 901 2244 Patriarum
919 2212 975 2243 sive
999 2211 1212 2243 Dominiorum
1235 2212 1299 2244 suo-

234 2269 299 2289 mm
314 2268 330 2288 a
349 2256 457 2295 Viginti
471 2254 584 2284 duobus
602 2252 692 2282 Annis
706 2253 774 2282 citra
789 2252 936 2290 imposita,
955 2250 1163 2281 Mercatoribus
1178 2251 1211 2282 &
1224 2251 1299 2282 Sub-

234 2297 297 2328 ditis
308 2296 418 2327 alterius
432 2293 572 2330 Principis
585 2292 704 2328 nociva,
723 2291 831 2328 penitus
849 2290 982 2321 Extinc‘lta
998 2289 1049 2320 sirit
1062 2289 1094 2320 &
1113 2287 1248 2330 Rejeffl,
1263 2291 1298 2322 &

235 2336 318 2375 quod
349 2334 410 2365 talia
439 2342 486 2364 aut
514 2329 671 2362 consimilia
695 2329 857 2360 dui-antibus
878 2330 931 2360 hiis
952 2328 1075 2365 Treugis
1103 2328 1211 2359 amodo
1238 2339 1299 2361 non

236 2377 434 2413 imponantun
451 2371 531 2401 salvis
552 2377 647 2398 tamen
662 2369 755 2406 quoad
770 2376 873 2400 caetera
883 2368 1019 2397 omnibus
1034 2367 1200 2405 Regionum
1210 2391 1220 2405 ,
1236 2367 1301 2398 Ur-

236 2415 337 2449 bium,
363 2413 395 2444 &
417 2411 566 2441 Locorum
582 2407 639 2437 aliis
657 2406 802 2445 Legibus,
821 2407 951 2444 Statutis,
969 2406 1002 2436 &
1022 2404 1300 2446 Consuetudinibus;

238 2452 342 2491 quibus
367 2449 455 2480 nichil
474 2446 568 2487 quoad
585 2455 688 2476 eorum
704 2445 773 2485 Jura
790 2456 840 2485 per
859 2445 1003 2476 Praemifla
1022 2443 1150 2476 censetur
1169 2444 1302 2485 Deroga-

237 2499 310 2523 tum.

250 2545 254 2547 -
276 2527 384 2566 ITEM,
399 2525 480 2564 quod
494 2525 513 2556 fi
532 2524 601 2556 infra
619 2523 712 2555 dic‘tos
726 2523 800 2555 Tres
818 2523 937 2563 Annos,
955 2523 1119 2555 durantibus
1131 2522 1192 2562 ipsis
1206 2522 1301 2555 Treu-

239 2568 298 2608 gis,
316 2566 418 2603 aliquid
435 2573 536 2595 contra
549 2565 619 2593 vires
634 2563 667 2593 &
683 2563 802 2594 effeetus
821 2563 971 2593 earundem
989 2563 1168 2601 Treugarum
1183 2563 1215 2593 &
1239 2562 1302 2593 Ab-

241 2607 436 2638 stinentiarum
454 2602 647 2638 Guerrarum,
666 2611 716 2638 per
730 2601 869 2639 Terram,
890 2600 990 2638 Mare,
1008 2611 1054 2631 aut
1072 2601 1166 2638 Aquas
1189 2600 1302 2642 dulces,

242 2654 293 2684 per
314 2644 436 2681 aliquem
458 2641 582 2678 ipsorum
600 2640 784 2677 Principum,
803 2639 961 2678 Haeredes,
980 2639 1179 2677 Successores,
1197 2639 1304 2670 Subdi-

239 2691 302 2720 tos‚
321 2680 454 2712 Vaffalios
475 2679 613 2715 utriusque
631 2687 730 2707 eorum
746 2678 829 2709 fuerit
846 2685 1059 2714 attemptatum,
1078 2677 1174 2707 ae‘cum
1191 2687 1237 2708 aut
1255 2687 1305 2717 ge-

242 2721 338 2759 stum,
358 2719 438 2758 quod
456 2717 554 2748 omnia
573 2716 628 2754 ipsa
648 2715 685 2746 fic
704 2723 866 2753 attemptata
884 2726 933 2755 per
949 2714 1167 2746 Conservatores
1185 2715 1305 2752 ipsarum

241 2760 441 2796 Treugarum‚
458 2757 618 2786 nominatos
635 2754 671 2784 ab
689 2755 752 2791 ipsis
773 2755 967 2792 Principibus,
983 2753 1028 2784 seu
1047 2753 1141 2784 saltem
1160 2764 1176 2784 a
1195 2754 1306 2785 Princi-

241 2809 278 2838 pe
303 2807 403 2828 eorum
429 2796 467 2826 lic
484 2792 757 2831 Dampnificantium
773 2816 783 2831 ,
807 2794 878 2823 infra
898 2792 1030 2823 Mensem
1068 2791 1113 2822 ost
1132 2792 1308 2829 Requisitio-

244 2846 312 2868 nem
330 2834 475 2873 superinde
489 2836 528 2863 eis
545 2832 665 2870 fadiam,
684 2832 739 2862 una
757 2841 827 2862 cum
844 2831 976 2870 Expensis
991 2831 1027 2861 sic
1042 2803 1247 2868 ssarnpnificati
1261 2841 1307 2864 aut

245 2873 527 2913 Dampnificatorum
544 2870 747 2902 Restaurentur
787 2870 980 2908 Reficiantur,
997 2871 1031 2900 δε
1052 2869 1250 2908 Reparentur,
1268 2871 1307 2901 sic

247 2913 328 2953 quod
354 2921 471 2951 propter
494 2910 589 2948 nulla,
615 2909 732 2939 durante
756 2893 853 2940 liarum
876 2910 1063 2946 Treugarum
1081 2909 1226 2938 Termino
1244 2932 1253 2947 ,
1278 2911 1308 2939 in

245 2954 418 2984 contrarium
438 2950 612 2987 Attemptata
630 2948 674 2978 hae
693 2948 817 2988 Treugae
839 2957 1005 2985 rumpantur
1028 2956 1081 2977 nec
1106 2948 1308 2987 terminentur,

245 2992 291 3023 sed
317 2993 346 3020 in
371 2990 423 3019 suis
447 2988 561 3018 Viribus
584 2987 668 3024 usque
694 2987 727 3017 ad
753 2986 841 3017 finem
867 2987 1012 3017 dictorum
1030 2986 1135 3016 Trium
1156 2985 1309 3017 Annorum

247 3037 430 3069 permaneant
442 3049 451 3064 ,
476 3028 509 3058 &
532 3035 584 3061 pro
603 3025 665 3063 ipsis
685 3025 866 3064 Attemptatis
885 3024 1068 3055 solummodo
1086 3024 1236 3062 puniantur
1258 3026 1307 3063 ipii

246 3069 455 3104 Attemptantes
467 3065 499 3095 &
515 3063 776 3101 Dampnificantes,
795 3065 828 3095 &
846 3074 904 3094 non
919 3064 971 3095 alii.

287 3106 394 3141 ITEM,
414 3113 468 3142 pro
482 3102 590 3133 matura
603 3102 635 3132 &
650 3103 804 3133 inviolabili
818 3103 916 3132 harum
935 3102 1137 3140 Treugarum,
1156 3099 1310 3132 Abstinen-

248 3147 350 3178 tiarum
371 3143 567 3180 Guerrarum,
593 3139 748 3177 Lignum,
767 3142 799 3171 ὃς
820 3141 1113 3172 Confcederationum
1134 3140 1311 3173 observantia

249 3185 285 3215 &
301 3183 512 3214 conservatione
526 3179 608 3210 ele-sti
624 3181 657 3210 &
670 3180 808 3209 nominati
825 3180 904 3218 sunt,

287 3222 331 3252 Ex
353 3221 432 3252 Parte
455 3217 682 3250 Christianiffimi
699 3220 821 3247 Franciae
844 3221 920 3256 Regis
939 3218 1176 3254 conservatores,
1195 3216 1311 3248 Cariffi-

252 3270 316 3291 mus
336 3260 428 3290 frater
443 3260 476 3289 &
491 3257 721 3295 Consanguineus
737 3257 815 3293 suuS,
834 3255 1031 3286 Illustrisfimus
1046 3260 1135 3285 comes
1155 3255 1312 3285 claromon-

252 3302 287 3329 tis
307 3298 345 3332 ὠ·
370 3296 524 3334 Marthiae,
544 3298 675 3326 Dominus
696 3294 768 3324 Belli
789 3295 870 3333 Joci,
889 3305 1003 3325 necnon
1025 3293 1140 3324 lllustris
1159 3294 1312 3324 Ludovicus

252 3336 402 3372 Bastardus
417 3336 449 3365 de
463 3335 594 3365 Borbonio
608 3338 696 3363 Comes
712 3334 832 3372 Roffiwn
845 3333 1025 3364 Admiraldus
1039 3332 1182 3369 Franciae,

292 3371 330 3405 Et
345 3383 377 3404 ex
394 3384 470 3413 parte
483 3374 552 3403 dieti
570 3372 741 3403 Sereniffimi
759 3372 891 3409 Principis
904 3372 1015 3410 Angliae
1038 3370 1144 3408 Regis,
1164 3370 1312 3401 Illustriffi-

257 3423 322 3444 mus
334 3415 401 3442 Dux
416 3411 569 3450 Beaffordiae
583 3411 705 3450 ejusdem
723 3411 811 3449 Regis
831 3411 1017 3448 Avunculus,
1034 3419 1068 3439 ac
1091 3406 1239 3447 PraefiHur
1248 3409 1313 3449 five

256 3455 454 3483 lacunrtezrens
467 3451 533 3480 dicti
543 3450 635 3485 Regis
649 3449 758 3490 Calefiae
774 3459 825 3485 pro
839 3458 971 3486 tempore
985 3447 1120 3478 existens:

297 3490 360 3525 Qui
387 3490 500 3525 quidem
521 3487 740 3519 conservatores
763 3488 905 3519 dictorum
928 3487 1109 3522 Principum,
1127 3495 1161 3515 ac
1174 3484 1313 3523 utriusque

256 3537 377 3563 eorum,
396 3529 430 3558 &
445 3527 515 3557 Duo
530 3537 577 3557 aut
589 3527 677 3558 Unus
691 3537 808 3564 eorum,
825 3535 859 3556 ex
876 3534 952 3563 parte
963 3525 1057 3555 saltem
1077 3523 1216 3561 Principis
1241 3524 1315 3554 Sub-

257 3567 382 3597 ditorum
401 3564 689 3603 Dampnificantium,
709 3565 726 3595 si
741 3567 786 3603 qui
802 3564 853 3595 lint
870 3564 1008 3594 nominati
1024 3562 1237 3599 nominatusve,
1256 3562 1317 3592 Au-

258 3606 420 3635 &oritatem
436 3604 469 3633 ὃ(
483 3603 650 3633 Potestatem
661 3604 781 3634 habeant
803 3604 835 3634 &
857 3604 957 3633 habeat
979 3602 1050 3640 ipsos
1070 3600 1316 3636 Dampnifioentes

258 3642 418 3689 Puniendi,
435 3642 607 3677 Attemptata
620 3643 652 3672 &
667 3642 801 3679 Dampna
819 3651 920 3672 contra
934 3642 1005 3671 vires
1019 3640 1120 3669 harum
1135 3639 1315 3675 Treugarum

256 3682 349 3750 illaria,
367 3690 423 3712 una
436 3689 505 3711 cum
519 3678 652 3719 Expensis
666 3680 963 3718 Dampnificatorum,
982 3677 1146 3710 Reficiendi
1166 3678 1199 3708 &
1218 3676 1316 3715 Repa-

259 3731 306 3751 ran
329 3731 351 3749 i·

298 3743 355 3795 Et}
380 3758 399 3788 si
421 3757 569 3801 contingat
591 3756 663 3793 ipsos
686 3756 908 3788 Conservatores
930 3766 981 3794 per
998 3755 1072 3792 ipsos
1092 3753 1238 3790 Principes
1252 3775 1262 3791 ,
1288 3763 1319 3785 ut

261 3798 458 3834 praemittitur,
474 3803 656 3830 nominatOS,
673 3794 752 3830 super
765 3795 983 3830 Reformatione
995 3795 1153 3831 aliquorum
1172 3792 1319 3822 dictorum

266 3834 507 3871 Attemptatorum
524 3833 587 3864 fore
604 3832 753 3862 Discordes
767 3833 800 3862 &
818 3835 887 3864 inter
911 3843 960 3864 eos
981 3832 1126 3870 superinde
1144 3831 1319 3861 concordare

266 3881 326 3901 non
341 3874 481 3909 valentes,
500 3871 580 3909 quod
595 3881 631 3900 eo
645 3879 714 3901 tunc
731 3869 822 3900 Causa
833 3872 876 3900 illa
896 3872 1030 3902 referatur
1053 3869 1190 3900 Concilio
1210 3868 1321 3899 Princi-

267 3910 309 3943 pis
323 3909 508 3940 Subditorum
524 3910 560 3940 fic
583 3907 878 3946 Dampnificantium,
895 3919 959 3947 aut,
977 3910 998 3939 si
1020 3918 1091 3946 opus
1112 3909 1163 3944 fit,
1180 3907 1322 3944 utriusque

267 3945 422 3989 Principis,
437 3948 509 3978 dum
522 3957 616 3977 tamen
634 3946 725 3977 Causa
739 3946 784 3976 illa
799 3944 950 3977 summarie
965 3948 998 3978 ὅ(
1013 3946 1050 3978 de
1063 3947 1149 3985 plano
1164 3954 1260 3976 coram
1283 3946 1322 3975 eis

268 3991 438 4014 examinetur
450 3986 483 4015 δε
497 3985 570 4015 felici
584 3984 679 4015 Marte
691 3985 864 4015 terminetur.

303 4021 384 4058 Quas
397 4023 512 4061 quidem
526 4023 655 4062 Treugas
671 4023 818 4061 Principes
836 4022 973 4054 antedicti
988 4021 1200 4060 Promisti-unt,
1217 4021 1252 4052 δε
1273 4031 1324 4052 eo·

619 112 1476 166 ‚CONvEN’rtoNES‚

1529 108 1931 158 LITERAE,

1309 209 1372 230 rum
1395 206 1513 235 uterque
1535 195 1686 232 Promisit,
1704 196 1733 225 in
1757 194 1858 226 Verbo
1881 194 2024 233 Principis
2051 194 2084 226 ὅτ
2107 192 2187 225 bona
2207 189 2296 232 Fide,
2309 192 2375 232 qu·
2392 191 2470 224 Ann.
2483 189 2528 229 D,

1312 247 1338 269 ta
1357 237 1436 268 Vires
1452 244 1598 267 manutere
1612 235 1645 266 ὅ(
1660 233 1858 264 inviolabiliter
1870 233 1992 271 servare,
2008 233 2207 272 observarique
2222 233 2324 263 facere.

1354 313 1389 344 In
1419 321 1545 351 quorum
1573 311 1708 342 omnium
1729 310 1762 341 &
1783 308 1962 345 singulorum
1983 308 2198 341 Praemifforum
2222 309 2323 340 Fidem
2345 308 2380 339 δε

1314 353 1549 388 Testimonium,
1565 350 1617 380 hiis
1631 347 1812 387 praesentibus
1828 347 1942 378 Litteris
1962 346 2066 377 nostris
2087 347 2267 386 Patentibus,
2286 347 2381 378 Manu

1317 391 1432 431 propria
1448 390 1624 427 subscriptis,
1646 386 1789 426 Magnum
1803 385 1935 425 Sigillum
1949 385 2079 416 nostrum
2093 389 2198 425 apponi
2210 387 2342 418 fecimus.

1354 467 1464 498 Datum
1486 465 1643 504 Meleduni,
1662 463 1708 495 die
1733 460 1862 501 Septim&
1881 460 1993 492 decimi
2014 461 2122 492 Menfis
2133 461 2274 502 januarii,
2290 463 2382 495 Anno

1320 506 1445 537 Domini
1463 504 1638 542 Millefimo‚
1659 500 1975 542 Qadringentefimo,
1992 499 2199 538 octuagefimo
2213 503 2328 541 quinto,
2343 503 2379 535 &t

1321 544 1418 584 Regni
1434 542 1523 574 nostri
1537 543 1652 574 Tertio.
1814 552 1817 557 ·

1998 613 2030 646 C
2040 624 2064 646 n
2075 623 2096 646 A
2104 624 2128 647 R
2137 623 2158 646 L
2166 624 2188 647 ε.
2198 623 2223 647 s.

1846 694 1900 723 Per
1917 695 2013 732 Regem
2026 695 2056 723 in
2064 691 2118 733 fio
2132 691 2257 723 Concilio.

1359 770 1494 802 Domino
1510 775 1586 802 Duce
1603 769 1791 807 Lotharingiae
1802 792 1813 808 ,
1828 772 1929 799 Comite
1947 769 2175 809 claromontensi,
2194 767 2320 808 Epifiopo
2333 771 2387 800 Pe<

1322 810 1654 887 {Zrszfzstidssssffsz
1669 806 2389 886 ssassiswm‘sa‘g‘}ffiff'isssseslo&afp0¹zffl‘5;

1324 886 1536 957 lskquestarum
1559 885 1686 924 Hospitii
1708 884 1829 924 eiusdem
1848 870 1974 915 Domini
1991 884 2135 924 Magistro
2149 910 2161 924 ,
2187 886 2221 918 &
2239 885 2298 917 aliis
2316 894 2392 924 prae·

1337 936 1393 957 enti
1417 936 1457 957 us.

2103 1000 2260 1034 Lissen.

1392 1081 1446 1113 Sub
1460 1083 1564 1120 Magno
1578 1080 1670 1120 Sigillo
1683 1082 1762 1119 Regis
1773 1083 1896 1112 Francia
1909 1078 1944 1110 de
1962 1078 2024 1110 cera*
2039 1078 2105 1112 albei
2113 1081 2246 1121 pendente
2262 1092 2282 1113 a
2294 1081 2392 1113 Gauda

1434 1123 1615 1160 Pergameae.

1550 1282 1560 1300 .·
1580 1263 1609 1291 *ἓ
1633 1266 1683 1298 De
1705 1264 1816 1298 Literis
1838 1263 2151 1298 Recommendatoriis.

1329 1353 1445 1410 REX
1460 1353 1594 1385 universis
1610 1353 1644 1385 ὃ(
1657 1353 1769 1393 singulis
1781 1351 1950 1385 Christianis
1963 1353 1996 1384 R
2033 1355 2110 1393 'bus‚
2123 1353 2221 1386 Princi
2241 1349 2396 1395 ibus‚Du-

1403 1394 1500 1433 cibus,
1528 1393 1763 1431 Marchionibus,
1788 1391 1971 1431 Comitibus‚
2036 1394 2159 1424 obilibus
2173 1418 2183 1431 ,
2235 1395 2397 1434 rocen'bus,

1332 1428 1488 1476 Dominis,
1502 1430 1545 1462 Ca
1567 1433 1662 1462 itaneis
1670 1455 1680 1470 ‚
1698 1431 1878 1470 Castellanis,
1896 1430 2135 1470 Constabulariis,
2148 1430 2395 1465 Gubernatoribu's

1332 1467 1511 1512 Civitatum‚
1576 1469 1742 1509 stessorum,
1761 1470 1922 1508 Villarum,
1948 1471 2073 1502 Ateium
2101 1471 2260 1509 Praefeetis,
2287 1471 2396 1504 Custo-

1331 1507 1414 1551 dibus
1427 1508 1585 1548 Portuum,
1604 1508 1742 1540 Pontium
1752 1533 1761 1545 ,
1779 1508 1992 1547 passagiorum,
2010 1509 2043 1540 &
2058 1508 2269 1549 DistriCtuum,
2281 1520 2315 1542 ac
2328 1521 2396 1542 om·

1332 1547 1415 1590 nibus
1427 1548 1484 1579 aliis
1501 1548 1725 1586 quibuscumque
1740 1547 1878 1578 Dominis
1890 1548 1951 1578 tam
1974 1546 2174 1579 Ecclesiasticis
2199 1549 2286 1586 quam
2305 1548 2395 1581 Secu-

1334 1584 1452 1631 laribus,
1471 1586 1674 1630 cujuscumque
1687 1585 1779 1631 Status
1791 1585 1950 1630 ,qGradfis,
1968 1586 2106 1625 Ordinis,
2125 1586 2396 1626 Dignitatis,Praee-

1333 1623 2053 1701 Ε’ἐὲθὶἱῗέιέὲὲῃῖξὲἓῗωέὲῗ,Ξῖἣὲἓὶἰφῗέἒῖῗῖἒ
2067 1626 2228 1702 Βὸἑῃῗσὲῗὲ
2243 1625 2399 1704 ἷῖῗῑξὲῗὲδ

1336 1699 1564 1740 confoederatis,
1583 1703 1616 1733 &
1634 1701 1762 1732 Feudatis
1776 1700 1894 1739 nostris,
1907 1702 1942 1732 ad
1956 1711 2046 1740 quos,
2062 1703 2122 1734 &c.
2141 1702 2266 1734 Salutem
2283 1704 2316 1736 δι
2332 1690 2402 1743 pro’·

1336 1740 1412 1778 spera
1428 1750 1563 1772 votorum
1579 1750 1760 1771 incrementa.
2182 1774 2186 1775 V

1374 1779 1468 1810 Nunc
1483 1779 1622 1818 siquidem
1637 1778 1738 1809 Terrae
1756 1777 1899 1816 Marisque
1923 1776 2076 1816 Globum,
2093 1788 2153 1816 quo
2177 1778 2315 1811 Mortales
2335 1786 2403 1812 orn.‘

1339 1827 1387 1847 nes
1411 1818 1545 1863 fruimur,
1564 1817 1672 1848 idcirco
1698 1827 1714 1847 a
1736 1816 1847 1861 Divina
1872 1815 2256 1860 Providentia-constitutum
2271 1819 2404 1851 Fabi-ica..

1338 1857 1630 1933 ἓῗῗὲἒξρξῖᾞξιὲἓῗ
1634 1854 1896 1938 Ῑέἓὲᾈῗὲῗὲὲῗξῖξῗ
1906 1854 2406 1937 μ’ἲῗιὲῗὲ“ἒὲἰ>ῗίήῗεὲξῑὲυὲοιὲἶᾞὲἱ

1339 1942 1438 1971 utpote
1452 1935 1602 1965 communi
1619 1934 1755 1964 omnium
1772 1931 1942 1962 Domicilio.

1377 1972 1454 2003 Hinc
1471 1973 1513 2004 est
1530 1972 1609 2012 quod
1624 1974 1657 2004 &
1672 1972 1835 2002 nostrorum
1852 1971 1936 2009 aliqui
1947 1969 1982 2001 ad
1995 1971 2082 2002 aliena
2097 1973 2296 2011 peregrinaque
2319 1972 2405 2012 Reg-

1340 2020 1392 2049 na,
1411 2012 1444 2042 &
1461 2012 1680 2051 Peregrinorum
1695 2010 1925 2048 Exterorumque
1948 2010 2078 2041 nonnulli
2097 2009 2132 2041 ad
2153 2011 2260 2049 nostra,
2278 2013 2325 2043 seu
2348 2023 2405 2043 vo·

1340 2049 1446 2080 luntate
1472 2050 1516 2081 seu
1542 2049 1703 2081 necessitate
1728 2049 1831 2086 duriti,
1856 2048 1910 2079 sese
1931 2048 2105 2087 quandoque
2121 2049 2316 2089 transferunt,
2341 2061 2404 2082 rem

1342 2088 1473 2126 profesto
1503 2099 1562 2119 nori
1589 2089 1684 2119 minus
1712 2097 1822 2126 aequam
1843 2087 1929 2125 quam
1949 2089 1980 2119 ὃ(
2001 2088 2155 2118 humanam
2174 2088 2208 2119 &
2219 2089 2401 2127 jocundam:

1344 2127 1426 2164 Quid
1445 2128 1594 2159 enimvero
1613 2137 1658 2158 aut
1673 2126 1772 2165 justius
1789 2135 1834 2157 aut
1850 2126 2001 2156 humanius
2014 2125 2203 2164 jocundiusve
2218 2126 2276 2158 effe
2292 2127 2406 2168 potest,

1343 2166 1428 2204 quam
1448 2166 1610 2204 Homines,
1633 2167 1714 2197 variis
1733 2164 1822 2195 Ortos
1841 2163 1948 2195 Mundi
1969 2163 2155 2203 Climatibus,
2180 2175 2234 2196 nec
2253 2165 2347 2197 iisdem
2366 2166 2408 2197 E-

1342 2206 1460 2236 ducatos
1480 2205 1633 2242 Moribus,
1650 2204 1728 2235 Fidei
1747 2202 1919 2235 Christianae
1937 2202 2088 2242 Cultores,
2105 2204 2237 2241 frequens
2256 2203 2338 2235 simul
2355 2205 2407 2236 ha-

1343 2243 1411 2274 bere
1428 2243 1652 2274 Commercium
1662 2266 1672 2282 ,
1691 2252 1774 2280 atque
1792 2252 1844 2273 una
1860 2243 1959 2280 pariter
1975 2243 2009 2274 &
2023 2243 2117 2273 amice
2136 2241 2251 2280 versari,
2267 2242 2407 2274 Terram·

1342 2292 1399 2351 Sue
1417 2282 1521 2343 ipsam,
1546 2282 1682 2314 Vitalium
1701 2282 1836 2313 omniurn
1853 2275 1999 2320 Matrem,
2027 2279 2108 2312 fimul
2126 2281 2252 2312 incolere
2269 2282 2302 2313 &
2321 2281 2410 2321 poffi-

1362 2331 1422 2352 ere.

1389 2359 1471 2391 Cum
1497 2362 1590 2399 itaque
1617 2359 1856 2399 inpraesentiarum
1878 2359 2051 2392 Venerabilis
2066 2358 2118 2390 Vir
2135 2361 2267 2390 Dominus
2284 2358 2413 2400 Cristofhd

1343 2409 1389 2431 rus
1409 2399 1485 2437 Juris
1509 2399 1649 2439 utriusque
1670 2398 1788 2430 1)οᾶοτ
1807 2398 2040 2430 Eleemosinarius
2057 2397 2153 2428 noster
2171 2398 2325 2430 carissimus
2342 2399 2410 2430 Ro-

1345 2447 1424 2468 mam
1443 2438 1535 2469 versus
1554 2438 1609 2470 Iter
1628 2439 1754 2477 arripiat,
1801 2447 1839 2468 uo
1857 2437 1997 2468 Promissa
2017 2436 2086 2467 Deo
2104 2446 2137 2466 ac
2154 2436 2213 2467 divi
2234 2436 2307 2467 Petri
2326 2437 2410 2474 Apo-

1346 2476 1410 2507 stoli
1435 2477 1558 2508 Baiilicae
1581 2478 1627 2515 pia
1645 2477 1774 2515 quaedam
1824 2483 1872 2507 ota
1891 2476 2027 2515 persolvat
2039 2497 2049 2513 ,
2073 2473 2244 2517 indequeqad
2262 2474 2411 2506 Sereniffi-

1347 2525 1430 2546 mum
1450 2519 1544 2554 Regem
1563 2515 1775 2554 Neapolitanum
1792 2537 1801 2552 ,
1828 2515 1860 2546 &
1878 2515 1912 2545 ad
1932 2515 2000 2545 alios
2017 2515 2085 2544 item
2104 2511 2277 2543 Christianos
2298 2513 2410 2545 Princi-

1348 2564 1396 2592 pes
1421 2554 1452 2585 sit
1474 2554 1631 2585 accessurus
1644 2576 1654 2591 ‚
1679 2555 1738 2584 tam
1764 2563 1818 2591 pro
1842 2554 1895 2583 suis
1913 2553 2000 2590 quam
2019 2550 2121 2581 nostris
2137 2552 2279 2582 nonnullis
2296 2552 2412 2591 agendis

1348 2592 1503 2631 Negotiis,
1523 2603 1586 2631 quae
1607 2593 1700 2623 eidem
1718 2591 1860 2622 dumtaxat
1876 2600 1977 2622 coram
1993 2592 2022 2620 in
2042 2588 2187 2620 Mandatis
2201 2589 2347 2628 dedimus,

1388 2630 1448 2662 Vos
1463 2642 1564 2676 omnes
1579 2632 1612 2662 &
1631 2629 1755 2674 singulos
1773 2630 1996 2673 praenominatos
2015 2628 2128 2667 Regm,
2152 2627 2316 2669 Principes,
2341 2629 2410 2660 Du-

1346 2680 1414 2738 {⁸322
1432 2667 2018 2747 &ssfffsffffffiffi‘soffifflffffi
2030 2667 2291 2746 ἓῖἰῗὶἒῗὲἓξώῗὲ
2305 2677 2345 2737 32¹
2347 2677 2412 2738 {¹1¹¹ss

1347 2746 1480 2778 testamur
1505 2756 1640 2785 quatenus
1657 2745 1781 2776 eundem
1799 2748 1946 2775 Dominum
1968 2742 2138 2785 Cristqforum
2156 2743 2410 2776 Eleemofinarium

1347 2784 1476 2821 nostrum
1493 2807 1502 2823 ,
1528 2786 1767 2823 quandocumque
1785 2783 1839 2814 hac
1859 2785 1889 2813 in
1908 2784 1953 2814 sua
1971 2783 2204 2819 Peregrinatione
2222 2783 2256 2814 ad
2281 2783 2382 2823 Regna
2398 2805 2411 2822 ‚

1349 2823 1490 2854 Dominia
1507 2846 1516 2861 ,
1539 2823 1752 2863 Jurisdiffiones
1766 2847 1776 2861 ,
1802 2823 1836 2853 &
1862 2821 2017 2853 potestates
2041 2820 2145 2853 vestras
2161 2821 2207 2853 seu
2225 2822 2340 2860 alicujus
2358 2831 2410 2852 ve-

1349 2861 1442 2892 strum
1456 2862 1598 2893 declinare
1612 2872 1659 2894 aut
1674 2862 1773 2893 venire
1783 2861 1934 2900 contigerit
1942 2884 1953 2900 ,
1970 2861 2072 2892 intuitu
2086 2859 2184 2891 nostro
2199 2861 2233 2891 ὃς
2247 2859 2408 2899 specialium

1350 2900 1475 2932 Precum
1499 2901 1656 2932 nostrarum
1680 2902 1839 2931 interventu
1855 2922 1865 2937 ‚
1890 2898 2137 2931 Commendatum
2156 2899 2289 2929 habentes
2302 2920 2312 2935 ,
2337 2907 2410 2928 curn

1351 2939 1541 2970 Familiaribus
1557 2941 1626 2979 suis,
1644 2940 1794 2977 Equitibus
1813 2939 1859 2969 vel
1877 2938 2040 2977 peditibus,
2063 2947 2112 2975 per
2131 2936 2234 2967 vestras
2254 2935 2413 2974 Civitates,

1352 2978 1469 3016 Terras,
1487 2978 1620 3017 Oppida,
1639 2978 1755 3016 Castra,
1774 2977 1874 3014 Villas,
1893 2975 2018 3015 Pontes,
2034 2976 2149 3018 Portus,
2167 2973 2280 3018 Passus,
2299 2973 2410 3005 Flumi-

1351 3027 1386 3047 na
1401 3041 1410 3053 ,
1434 3018 1468 3049 &
1488 3017 1568 3048 Loca
1587 3027 1777 3057 quaecumque
1791 3015 1975 3053 transeundo,
1999 3024 2067 3046 cum
2085 3013 2136 3057 suis
2149 3011 2257 3056 Equis,
2285 3012 2410 3053 vannis,

1351 3055 1489 3091 sarcinis,
1515 3056 1651 3094 Arneliis,
1678 3055 1831 3092 Manticis,
1853 3054 2002 3091 Fardeuis,
2016 3052 2141 3090 Bulgeis,
2161 3050 2278 3089 Literis,
2296 3050 2412 3091 Libris,

1352 3096 1385 3126 &
1403 3095 1459 3124 aliis
1472 3093 1557 3125 Bonis
1574 3096 1624 3126 suis
1639 3094 1864 3132 quibuscumque
1879 3102 1946 3130 quae
1961 3091 2058 3122 secum
2075 3090 2196 3120 attulerit
2211 3091 2256 3120 seu
2276 3099 2325 3127 per
2341 3091 2412 3121 alios

1352 3132 1447 3163 afferri
1466 3133 1580 3171 fecerit,
1603 3132 1663 3164 Die
1681 3132 1858 3170 Noeuque,
1884 3132 1943 3162 tam
1960 3130 2050 3160 Terra
2068 3127 2153 3167 quam
2171 3127 2262 3165 Mari,
2284 3129 2411 3167 benigne

1350 3171 1518 3209 suscipiatis,
1537 3172 1570 3202 &
1587 3181 1652 3202 eum
1671 3171 1779 3201 ibidem
1795 3170 1899 3200 morari
1916 3169 1962 3198 seu
1982 3177 2030 3205 per
2045 3166 2143 3197 eadem
2161 3165 2281 3211 Regna,
2299 3166 2414 3198 Domi-

1351 3211 1413 3248 nia,
1427 3209 1656 3248 Jurisdic‘tiones,
1672 3210 1705 3240 &
1723 3207 1876 3239 Potestates
1893 3206 2013 3250 vestraS,
2030 3206 2100 3248 etim
2119 3205 2168 3235 sibi
2188 3206 2338 3249 placuerit,
2365 3214 2412 3237 tu-

1352 3250 1381 3278 te
1393 3270 1403 3286 ‚
1429 3249 1515 3278 libere
1528 3272 1537 3285 ,
1564 3250 1597 3280 ὅ(
1617 3248 1763 3285 expedite,
1790 3247 1847 3276 line
1861 3245 1997 3275 solutione
2014 3244 2127 3282 alicujus
2147 3243 2256 3287 Daca„
2277 3243 2412 3284 Pedagii,

1354 3286 1490 3324 Paffagii,
1516 3287 1685 3324 Vediigalis,
1710 3285 1856 3322 Gabessae,
1882 3282 2076 3319 Buletstarum,
2102 3282 2286 3325 Fundinavis,
2303 3292 2337 3313 ac
2355 3284 2414 3314 line

1352 3325 1462 3355 alterius
1480 3324 1600 3363 cujusvis
1616 3325 1721 3355 Oneris
1739 3323 1896 3354 Εκεᾶἰοηε
1912 3345 1921 3360 ,
1944 3323 1978 3353 &
1998 3320 2102 3358 absque
2119 3330 2201 3351 omni
2219 3320 2332 3359 prorsus
2351 3320 2413 3352 Im-

1353 3363 1519 3400 pedimento
1537 3363 1594 3393 sive
1612 3363 1840 3398 perturbatione,
1859 3362 1915 3399 ire,
1933 3360 2041 3396 redire,
2058 3360 2092 3390 &
2105 3359 2218 3390 transire
2235 3361 2412 3399 permittatis,

1353 3401 1410 3431 fine
1427 3401 1520 3439 aliqua
1541 3401 1709 3438 Aperitione
1724 3400 1896 3437 Librorum,
1915 3398 2094 3435 Literarum,
2113 3397 2326 3436 Manticarum,
2344 3398 2414 3430 Far-

1353 3439 1509 3475 dellorum,
1528 3438 1705 3477 Bulgiarum,
1722 3446 1770 3468 aut
1788 3437 1987 3475 Arnefiorum,
2007 3446 2123 3466 necnon
2142 3436 2236 3467 eidem
2254 3439 2361 3475 suisque
2376 3436 2415 3467 de

1353 3477 1430 3507 salvo
1448 3479 1480 3509 &
1499 3478 1597 3507 securo
1616 3476 1772 3507 Conduetu
1790 3485 1840 3514 per
1858 3474 1970 3513 Passus,
1996 3474 2095 3512 Loca,
2117 3473 2331 3513 Jurisdiffiones
2344 3498 2354 3513 ,
2378 3475 2414 3506 δε

1356 3515 1495 3545 Dominia
1514 3515 1603 3546 vestra
1621 3516 1655 3546 &
1673 3514 1820 3552 cuiussibet
1839 3512 1987 3551 vestrum,
2004 3513 2025 3543 fi
2044 3513 2155 3544 neceffe
2170 3514 2272 3552 fuerit,
2289 3515 2412 3545 rationa-

1355 3555 1457 3584 bilibus
1471 3554 1522 3584 suis
1538 3554 1704 3591 Sumptibus
1722 3554 1755 3584 δε
1772 3551 1924 3590 Expenfis,
1944 3552 2133 3591 providentis,
2407 3587 2414 3592 ,

1397 3592 1473 3636 Non
1491 3593 1638 3636 inferentes
1654 3593 1680 3623 ei
1694 3600 1741 3622 aut
1758 3591 1818 3635 suis.
1827 3590 2064 3630 quomodolibet,
2077 3590 2123 3622 feu
2140 3591 2234 3635 inferri
2248 3591 2414 3632 permitten-

1355 3641 1470 3710 iffnhffn
1478 3630 1661 3712 ffssfflssff,
1671 3629 1845 3700 {2215ssssss
1852 3629 1942 3712 ,235⁰
1944 3626 2413 3711 &rissiffiffliiclffiffiffifi‘sssi

1357 3710 1449 3748 potius
1466 3709 1588 3746 suiique,
1607 3709 1636 3738 in
1653 3717 1754 3739 eorum
1772 3706 1916 3746 Agendis,
1942 3707 1961 3737 si
1980 3715 2098 3745 egeant,
2122 3704 2296 3748 Consilium,
2322 3703 2414 3734 Auxi-

1356 3750 1444 3783 lium,
1471 3747 1504 3776 &
1525 3746 1662 3776 Favorem
1681 3747 1838 3784 impartiri,
1864 3744 1961 3775 nostra
1979 3744 2073 3776 Causa
2090 3744 2246 3786 dignemini
2251 3754 2263 3785 ,ς
2281 3740 2315 3771 ad
2331 3742 2413 3781 haec,

1358 3788 1378 3818 fi
1397 3784 1463 3823 quid
1480 3784 1571 3815 eidem
1588 3786 1632 3815 vel
1651 3786 1785 3823 cuiquam
1804 3793 1839 3814 ex
1858 3784 1912 3814 suis
1927 3782 2040 3822 Injuriae
2058 3780 2279 3823 Molestiaeveqin
2294 3778 2413 3824 Corpo-

1359 3825 1435 3856 ribus
1457 3831 1504 3852 aut
1528 3822 1613 3853 Bonis
1633 3823 1743 3854 illatum
1756 3823 1840 3853 fuerit
1851 3845 1862 3860 ,
1884 3822 1913 3853 id
1931 3823 1957 3851 ei
1973 3822 2021 3853 vel
2037 3820 2139 3852 eisdem
2157 3817 2257 3861 nostris
2276 3817 2414 3850 Precibus

1359 3865 1394 3896 &
1420 3861 1529 3891 Amore
1551 3860 1714 3892 Reformari
1729 3861 1884 3892 confestim
1902 3860 2082 3895 emendariq3
2104 3864 2205 3887 curetis
2220 3877 2230 3892 ‚
2252 3854 2417 3888 Offerentoe

1361 3901 1430 3932 Nos
1456 3900 1554 3937 pariter
1576 3901 1605 3929 in
1630 3899 1766 3930 Subditos
1780 3899 1889 3930 vestros
1905 3905 1952 3928 aut
1970 3896 2118 3935 cujussibet
2132 3892 2260 3924 vestrum
2271 3918 2288 3938 ἰ,
2312 3897 2362 3933 qui
2379 3893 2416 3925 ad

1363 3939 1480 4008 Rs‘s‘gm’
1499 3937 1659 4006 pominia,
1677 3939 1733 3970 five
1745 3936 1957 3977 Jurisdicfiones
1974 3934 2081 3966 nostras
2094 3932 2122 3963 se
2137 3933 2329 3972 contulerint,
2353 3941 2418 3972 gra-

1363 3987 1385 4010 ti
1409 3986 1482 4006 imos
1511 3985 1556 4006 em
1578 3986 1623 4006 er:

1404 4014 1494 4048 Vobis
1510 3985 1619 4053 infliget
1635 4013 1769 4047 univerfis
1785 4015 1821 4048 ὃς
1838 4012 1951 4052 singulis
1967 4009 2194 4043 vicecomitibus
2205 4031 2217 4049 ,
2239 4009 2420 4079 Maionia-¹:13

2417 233 2505 272 1486.

2397 275 2462 300 Hm.
2481 281 2510 308 7.
2530 283 2536 292 =

2411 1261 2432 1283 θ
2451 1264 2521 1295 ΧΠ.

2413 1302 2479 1340 283.

2411 1340 2490 1371 Ann.
2502 1339 2548 1373 D:

2440 1379 2529 1419 1486.

2413 1422 2467 1448 An.
2485 1429 2510 1448 ι.

2413 1461 2447 1485 H.
2467 1467 2496 1493 7.

2413 1499 2533 1524 francs.

2415 1538 2450 1562 H.
2468 1543 2497 1571 7.
2509 1536 2548 1573 nr,

2417 1582 2461 1611 ro,
