2555 4266
723 245 833 293 ET
910 244 1176 293 ACTA

15 344 90 376 Ann.
107 337 147 376 D.
197 340 352 372 Dur-abunt
370 345 464 369 autem
480 336 632 375 praelibatae
643 335 774 375 Treugae
788 337 966 369 uniformiter
981 339 1030 375 per
1040 336 1116 367 dieta
1130 335 1215 372 Rega

35 392 110 423 ¹444

17 429 75 451 Heu.
95 426 122 452 6.

12 1223 32 1248 ἤ
42 1228 142 1264 x1.65.

159 390 209 418 na,
228 379 372 415 Ducatus,
391 375 573 415 Comitatus,
593 378 696 407 Terras
707 400 717 415 ,
736 378 768 408 ‚Sc
784 377 942 413 Dominia‚
959 377 1016 406 tam
1032 385 1082 413 per
1095 375 1216 416 Terram

159 420 193 450 &
211 417 312 454 Mare,
327 425 414 454 quarn
430 425 479 453 per
494 416 607 454 Aquam
618 439 626 454 ,
646 416 731 454 usque
746 415 780 445 ad
796 416 903 446 Ortum
918 414 990 445 Solis
1003 415 1033 443 in
1046 413 1148 443 Primo
1158 410 1217 454 Die

162 455 271 486 Menfis
291 454 395 492 Aprilis
407 476 417 491 ,
435 453 511 493 quod
533 456 584 484 erit
600 476 610 492 ,
627 454 782 485 secundum
805 453 1059 494 Comptitationem
1080 449 1219 485 Anglica-

161 504 227 524 narn
263 493 351 524 Anno
370 492 492 523 Domini
509 492 681 531 Millelimo,
701 492 1009 532 Qiadringentelimo,
1028 486 1220 527 Qiadragest-

160 542 211 562 mo
246 541 323 562 exto.

195 570 290 601 Insu
303 580 321 601 P
332 579 349 600 E
360 576 384 601 R
394 593 403 608 ,
421 568 633 601 Corcordatum
656 567 698 598 est
719 568 798 606 quod
807 590 817 605 ,
832 567 992 597 durantibus
1004 565 1132 602 Treugis
1150 573 1221 602 prae-

159 608 242 639 dietis
256 632 265 648 ,
289 608 391 640 cessare
414 608 497 640 faciet
522 606 770 638 Metuendiffimus
793 608 925 635 Dominus
943 604 1030 674 nagor
1052 607 1112 634 Rex
1126 626 1135 641 ‚
1153 611 1219 646 cum

159 646 284 685 effectu,
303 650 377 678 inter
393 647 571 686 Msjestatem
584 645 662 675 suam
676 644 814 683 Regiam,
833 644 954 683 Regna,
998 643 1094 681 atrias,
1113 642 1219 686 Domi-

159 688 222 724 nia,
241 686 392 724 Subditos,
411 688 444 718 &
465 684 637 721 Coalligatos
658 683 721 713 suos
736 706 745 721 ‚
763 684 809 722 qui
825 685 970 721 prael‘entes
991 688 1219 720 acceptaverint,

157 725 362 765 praefatumque
382 723 593 755 Sereniffimum
615 721 777 759 Principem
794 720 978 752 Avunculum
985 721 1067 760 ficum
1081 723 1220 757 Franciae,

157 765 192 796 ὃ(
206 764 267 794 suos
283 763 431 800 Subditos‚
451 761 583 792 Vaffiillos
598 782 608 797 ‚
626 760 659 791 δε
673 759 812 797 Alligatos
826 760 996 798 praedicstos,
1012 761 1060 798 qui
1073 759 1221 798 praesentes

156 802 284 842 Treugas
299 801 507 840 acceptaverint
521 822 530 836 ,
551 808 672 829 omnem
688 798 809 829 Guerrae
822 801 856 831 ὃς
873 799 951 829 Facti
966 799 1068 837 Viam,
1086 807 1178 836 neque
1191 806 1221 826 a-

158 840 226 872 licui
248 841 292 872 vel
312 840 447 878 aliquibus
459 848 493 868 ex
509 837 635 868 Subditis
650 837 719 868 dieti
733 837 906 868 Sereniffimi
920 837 1061 875 Principis
1074 834 1221 867 Avunculi

151 877 199 919 fici
209 903 218 919 ,
235 888 280 910 aut
297 879 375 909 alteri
389 877 521 908 Personae
536 877 711 915 cuicumque
726 899 735 914 ‚
753 875 879 906 adversus
896 877 1020 907 eundem
1035 875 1220 907 Avunculum

157 919 238 949 suum
253 941 263 956 ,
277 917 322 947 seu
335 917 366 946 in
380 915 438 954 ejus
451 914 618 952 Dampnum
634 923 679 945 aut
693 913 898 953 Praejudicium
913 940 921 951 ,
940 914 1022 945 Idem
1039 914 1222 946 Metuendis-

157 957 241 987 fimus
254 958 385 986 Dominus
397 953 483 992 noller
499 956 577 991 Rex,
597 952 760 983 durantibus
781 952 865 984 dietis
888 954 1013 991 Treugis
1027 975 1036 991 ,
1052 954 1145 992 dabit,
1165 955 1223 983 im-

156 996 307 1034 partietur,
322 1001 368 1023 aut
385 991 544 1030 praestabit,
563 992 666 1030 quovis
680 991 796 1030 quaeslto
812 993 926 1030 colore,
944 993 1110 1031 Auxilium,
1128 992 1224 1024 Subsi-

154 1034 253 1071 dium,
272 1040 317 1062 aut
332 1031 472 1062 Favorem
489 1042 498 1069 3
517 1029 655 1068 Idemque
668 1040 719 1068 per
734 1031 830 1061 omnia
841 1031 961 1062 servabit
977 1031 1068 1062 dietus
1084 1031 1225 1062 Avuncu-

153 1072 212 1142 ἷξε,
227 1069 394 1140 ὶηέεῐΐοηει
406 1069 470 1108 sua,
486 1078 555 1107 erga
570 1069 684 1100 dictum
699 1067 970 1101 Metuendislimum
983 1070 1152 1102 Dominum
1173 1079 1227 1101 iiu-

180 1119 245 1143 rum
288 1119 304 1140 e
327 1119 384 1139 em.

149 1162 152 1165 >
190 1147 206 1179 1
216 1157 239 1178 T
249 1157 267 1178 E
279 1119 325 1187 ΜΒ,
344 1146 561 1178 Concordatnm
576 1145 616 1177 est
627 1145 726 1184 quod,
745 1145 906 1177 durantibus
921 1146 979 1178 istis
992 1147 1118 1185 Treugis
1129 1170 1140 1186 ‚
1158 1146 1228 1178 nulli

153 1184 285 1218 Partium
302 1186 520 1224 praediffinitum,
538 1194 584 1216 aut
596 1185 683 1216 alicui
698 1195 733 1215 ex
747 1185 799 1215 suis
812 1184 958 1217 Gentibus
1002 1186 1118 1225 licebit,
1137 1187 1166 1216 in
1179 1185 1224 1216 O·

157 1225 299 1257 bedientia
319 1225 428 1256 alterius
451 1223 539 1254 Partis
555 1247 564 1261 ‚
584 1225 598 1241 ³*
620 1234 685 1262 quae
701 1233 778 1254 nunc
796 1222 836 1254 est
849 1246 859 1262 ,
878 1208 1024 1255 Fortalitia
1039 1247 1050 1263 ,
1069 1224 1226 1262 Civitates,

157 1265 245 1296 Villas
255 1287 266 1303 ,
282 1264 402 1302 Terras,
421 1261 537 1301 Castra,
554 1262 601 1293 seu
619 1263 702 1293 Loca
718 1271 907 1300 quaecumque
922 1262 1051 1302 Capere,
1069 1272 1115 1294 aut
1130 1263 1223 1294 oblata

159 1301 238 1335 Reci
277 1313 325 1342 re,
343 1313 393 1341 per
406 1301 493 1340 Vim,
509 1301 641 1339 Furtum,
661 1299 879 1331 Inscalationem
896 1323 905 1338 ‚
926 1301 982 1332 sive
994 1302 1225 1339 Scalamentum‚

157 1343 194 1374 de
209 1312 313 1373 Nfoecie
328 1342 373 1372 vel
390 1341 448 1372 Die
464 1361 473 1378 ,
491 1348 537 1370 aut
560 1349 608 1377 per
626 1338 829 1370 Venditionem
845 1362 855 1377 ‚
873 1339 1128 1380 Conlignationem
1144 1365 1154 1377 ,
1173 1340 1225 1371 Se-

157 1381 327 1413 duotionem
339 1403 349 1419 ‚
368 1379 582 1416 Donationem,
599 1377 821 1417 Traditionem,
840 1388 886 1409 aut
903 1380 960 1409 aliis
977 1378 1227 1418 Medio,Mod0‚

159 1421 206 1452 vel
219 1419 331 1450 Colore
367 1427 538 1455 uocumque.

163 1489 164 1492 ,
197 1457 328 1495 ITEM,
376 1456 565 1486 oncordatum
586 1453 627 1523 efsl
649 1455 730 1495 quod
746 1479 755 1493 ,
772 1454 904 1493 Exceptis
927 1455 1053 1486 Personis
1078 1466 1142 1498 quae
1163 1465 1229 1487 ante

160 1496 322 1536 hujusmodi
336 1496 417 1525 Treu
437 1505 465 1525 as
478 1493 579 1531 Captae
607 1495 696 1524 uerint
711 1515 721 1532 ,
741 1494 888 1524 ceffabunt
903 1517 913 1533 ,
932 1496 966 1526 &
982 1495 1081 1526 cessari
1105 1497 1189 1526 faciet
1204 1497 1228 1525 i-

159 1537 229 1566 dem
246 1534 398 1565 Metuendi
423 1543 498 1563 imus
510 1535 644 1562 Dominus
657 1531 744 1571 noster
759 1535 820 1562 ch
829 1556 839 1570 ,
851 1543 954 1564 omnes
968 1535 1000 1564 δε
1018 1535 1134 1573 lingulas
1148 1534 1226 1572 Cap-

160 1576 250 1605 tiones
264 1567 539 1610 &Redemptiones
554 1570 739 1601 Personarum
757 1581 1020 1611 quarumcumque,
1039 1575 1140 1610 quovis
1148 1574 1228 1604 Statu

161 1614 197 1644 &
210 1612 389 1643 Conditione
404 1610 585 1646 fungentium
623 1609 869 1649 praedationesque
885 1613 918 1642 διε
936 1611 1164 1650 Disrobationes,
1182 1612 1228 1641 lna

161 1651 260 1682 cendia
275 1651 307 1682 δε
321 1658 443 1679 omnem
458 1647 538 1678 Facti
556 1631 666 1679 Astum
682 1648 714 1679 &
729 1645 851 1679 Guerrae
869 1649 891 1679 V
895 1651 970 1688 iam,
989 1650 1028 1681 set
1045 1661 1136 1689 neque
1145 1650 1229 1681 Gen-

162 1698 204 1720 tes
218 1689 296 1719 unius
310 1687 399 1718 Partis
412 1688 442 1717 in
456 1686 624 1717 Ditionibus
634 1695 681 1717 aut
694 1687 845 1717 Dominiis
859 1688 967 1719 alterius
983 1689 1069 1720 Partis
1079 1713 1088 1727 ,
1107 1691 1174 1720 hinc
1183 1697 1229 1719 aut

160 1727 228 1758 inde
243 1750 253 1766 ,
273 1726 442 1764 Armigeros
455 1725 500 1757 seu
523 1728 627 1756 eorum
644 1725 754 1757 Gentes
769 1734 863 1768 tenere
879 1737 1010 1765 poterunt
1025 1751 1034 1766 ,
1052 1738 1098 1758 aut
1115 1728 1229 1766 Damp-

159 1776 233 1797 num
250 1767 301 1796 uni
314 1765 360 1796 vel
371 1764 446 1796 alteri
463 1765 536 1802 parti
552 1764 777 1802 quomodolibet
792 1766 903 1796 interret

200 1804 247 1835 ΙΤ
258 1814 276 1835 Β
287 1812 315 1835 Μ
325 1826 334 1841 ,
350 1803 371 1835 fi
388 1804 536 1841 contingat
552 1803 633 1848 quod
649 1805 731 1834 unius
745 1802 871 1834 Partiuni
885 1804 1084 1842 praedffiarum
1101 1805 1232 1844 Gentes,

163 1844 192 1874 in
207 1843 354 1874 Dominio
369 1843 481 1873 alterius
495 1840 654 1880 Partis,aut
671 1843 753 1880 alias,
769 1852 869 1873 contra
884 1853 915 1874 ea
933 1855 997 1881 quae
1013 1843 1150 1881 praedidh
1158 1843 1231 1883 sunt,

162 1881 277 1921 aliquod
291 1880 426 1913 Castrum
439 1902 450 1919 ,
472 1879 649 1911 Fortalitium
664 1903 674 1919 ,
694 1879 857 1911 Civitatem
873 1905 882 1919 ,
901 1882 1024 1920 Villam,
1043 1892 1089 1914 aut
1104 1884 1229 1914 Terram

162 1931 346 1960 quocumque
362 1919 453 1950 modo
468 1917 608 1957 Capiant‚
624 1918 673 1950 Illa
689 1919 774 1958 Pars,
793 1922 870 1958 cujus
884 1921 992 1952 Gentes
1007 1921 1042 1952 ad
1059 1922 1231 1960 Captionem

164 1960 247 1991 talem
270 1958 474 1997 processerint,
494 1958 655 1989 Restituere
677 1966 803 1990 teneatur
825 1960 857 1990 δε
882 1959 1005 1991 Restitui
1030 1962 1121 1991 facere
1139 1960 1232 1999 Capta

166 1997 329 2038 hujusmodi
346 2006 555 2035 quaecumque,
574 1998 603 2027 in
621 2006 720 2027 manus
735 2007 768 2028 ac
784 1998 832 2027 sub
848 1998 994 2030 Dominio
1006 2000 1039 2031 &
1057 1999 1232 2031 obedientia

161 2038 271 2069 alterius
283 2037 386 2075 Partis,
404 2043 442 2066 eo
457 2035 549 2066 modo
564 2045 622 2074 quo
636 2035 741 2066 fuerant
754 2045 820 2067 ante
835 2036 1009 2075 Captionem
1026 2039 1231 2077 praescriptam:

164 2077 213 2115 &,
231 2077 260 2106 in
275 2076 337 2106 casu
353 2085 409 2114 quo
425 2073 603 2112 Captionem
620 2074 766 2106 Facientes
787 2075 821 2106 ad
844 2076 1065 2108 Restitutionem
1083 2080 1116 2110 &
1135 2078 1232 2116 Repa-

161 2117 301 2146 rationem
316 2113 479 2151 hujusmodi
492 2113 586 2143 forent
600 2113 825 2152 Renitentes,&
835 2123 904 2145 tunc
924 2115 1017 2147 Manu
1034 2116 1150 2148 Armata
1158 2127 1232 2148 con-

161 2159 202 2186 tra
218 2154 284 2185 tales
298 2151 517 2183 procedendum
532 2152 593 2183 fore
609 2162 681 2190 opus
693 2153 779 2191 esset,
797 2162 868 2184 tunc
880 2153 947 2185 Pars
962 2156 1153 2194 altera,cujus
1167 2156 1234 2187 fue-

159 2194 218 2224 rint
233 2191 343 2222 Gentes
356 2213 367 2230 ,
383 2194 449 2221 ante
470 2190 578 2221 dietam
602 2190 707 2222 faffam
729 2189 905 2229 Captionem
920 2215 930 2232 ,
949 2193 993 2225 vel
1010 2203 1141 2233 ternpore
1157 2194 1231 2226 illius

160 2231 278 2262 obedire
292 2230 460 2261 Renitentes
473 2253 484 2267 ‚
502 2229 613 2260 Gentes
626 2229 694 2268 ipsas
707 2229 760 2261 suis
776 2230 945 2269 Sumpribus
958 2234 992 2264 ἃ
1008 2231 1144 2271 Expenfis
1158 2234 1232 2265 obe—

162 2269 222 2300 dire
235 2269 328 2300 facere
342 2277 469 2299 teneatur
484 2290 494 2306 ,
511 2268 544 2299 ὃς
560 2267 737 2306 Captionem
752 2269 913 2308 hujusmodi
928 2271 1064 2310 Reparari
1079 2282 1085 2302 :
1105 2273 1153 2304 cui
1170 2273 1235 2311 qui-

163 2309 234 2339 dem
247 2306 322 2338 Parti
337 2306 403 2337 Pars
417 2306 501 2338 altera
513 2328 524 2345 ‚
550 2307 600 2337 ubi
617 2309 651 2339 &
666 2306 816 2345 postquam
840 2309 874 2340 ad
888 2309 946 2340 hoc
962 2320 1026 2341 eam
1041 2312 1144 2349 requiri
1159 2320 1233 2342 con-¹

162 2349 286 2385 tingeret
302 2369 312 2385 ,
330 2346 438 2377 dietam
460 2346 574 2376 Partem
597 2345 732 2377 Auxiliari
755 2352 879 2378 teneatur
897 2359 903 2377 :
921 2347 958 2379 Et
972 2372 982 2387 ,
1000 2349 1066 2380 licet
1082 2349 1234 2391 Reparatio·

160 2388 222 2425 jam
237 2385 333 2423 dista,
349 2384 494 2415 dietat-um
509 2385 688 2422 Treugarum
705 2385 845 2423 pendente
860 2387 1076 2426 tempore,fieri
1094 2399 1153 2420 non
1168 2398 1235 2427 pos-

164 2425 220 2463 set,
239 2423 443 2454 nichilominus
458 2420 524 2453 Pars
538 2433 586 2461 ea,
604 2433 620 2453 a
634 2424 713 2461 cujus
728 2423 871 2455 Gentibus
885 2448 895 2464 ,
910 2435 979 2457 tunc
990 2428 1034 2458 vel
1047 2436 1111 2459 ante
1127 2427 1236 2460 dietam

168 2464 343 2503 Captionem
358 2483 368 2500 ,
390 2470 438 2492 aut
462 2470 591 2500 tempore
611 2461 699 2492 dietae
723 2461 874 2500 Captionis
887 2487 897 2503 ‚
926 2463 1036 2503 Captio
1054 2466 1238 2506 processerit,

167 2502 259 2539 Capta
272 2509 462 2539 quaecumque
480 2498 640 2531 Restituere
654 2509 778 2531 teneatur
794 2501 826 2532 &
843 2503 1014 2540 integraliter
1030 2504 1182 2543 Reparare.

203 2541 218 2572 1
228 2549 251 2571 N
261 2549 273 2570 s
282 2548 305 2569 u
316 2548 334 2570 P
343 2548 362 2569 E
373 2548 398 2569 R
409 2562 417 2582 ³.
435 2537 658 2569 Concordaturn
674 2539 715 2569 est
730 2539 809 2578 quod
819 2563 828 2578 ‚
847 2540 1015 2572 durantibus
1029 2542 1087 2573 istis
1104 2543 1238 2583 Treugis,

166 2580 278 2611 nullum
293 2578 470 2608 Fortalitium
485 2585 533 2608 aut
549 2576 683 2608 Castrum
703 2577 897 2618 Reparatum,
915 2578 1124 2620 AEdificatum,
1144 2582 1189 2613 vel
1204 2583 1239 2614 de

167 2617 266 2649 Novo
279 2616 389 2648 faetum
404 2617 473 2653 erit,
490 2618 518 2645 in
534 2615 677 2646 Marchiis
691 2616 978 2656 Fronteriarum,per
992 2629 1081 2650 unam
1098 2619 1143 2651 vel
1157 2621 1239 2652 aliam

168 2656 301 2693 Partem,
321 2665 376 2686 nec
391 2664 439 2692 per
454 2654 516 2684 suos
532 2653 667 2685 Subditos
680 2655 727 2685 vel
742 2655 879 2695 Alligatos
893 2657 1082 2697 firpradicfitos,
1102 2659 1151 2698 qui
1165 2668 1238 2697 prae-

167 2696 255 2727 sentes
269 2696 402 2732 Treugas
415 2694 647 2731 acceptaverint,
664 2693 696 2724 &
706 2715 716 2731 ‚
733 2693 756 2724 si
767 2694 872 2734 aliquid
888 2697 916 2725 in
933 2699 1110 2728 contrarium
1127 2698 1236 2729 Actum

168 2743 217 2765 aut
231 2734 440 2772 Attemptatum
456 2732 557 2770 fuerit,
576 2730 647 2762 Illud
663 2731 777 2771 statim,
794 2732 963 2771 Sumptibus
978 2736 1049 2767 illius
1064 2736 1172 2776 Partis,
1190 2736 1242 2768 sub

169 2783 224 2811 qua
245 2782 329 2804 erunt
348 2779 394 2802 aut
414 2770 568 2809 aliquando
589 2771 700 2801 fuerunt
719 2769 893 2809 Reparantes
916 2772 961 2804 seu
982 2773 1169 2807 AEdisicantes
1184 2775 1239 2807 hu-

167 2811 310 2849 jusmodi,
328 2811 527 2848 Demolietur,
545 2809 578 2840 &
596 2809 630 2839 ad
649 2809 759 2840 Statum
779 2811 932 2848 pristinum
950 2811 1128 2844 Reducemr.

211 2849 257 2880 Ιτ
266 2859 284 2880 iz
294 2857 322 2879 M
331 2871 341 2887 ,
359 2848 499 2888 pendente
514 2848 656 2878 dietarum
664 2847 846 2888 Treugarum
861 2854 1154 2890 tempore,0mnibus
1167 2852 1242 2885 Sub-

175 2887 240 2919 ditis
254 2889 398 2926 utrimque
412 2886 540 2917 Partiurn
558 2886 758 2923 praedictarum
774 2887 935 2919 Inermibus
955 2889 1019 2929 Ire,
1038 2890 1162 2929 Venire,
1180 2892 1244 2923 Sta-

176 2934 223 2965 re,
246 2926 383 2965 Morari,
405 2924 532 2955 Mercari
547 2925 583 2955 de
598 2926 734 2956 omnium
752 2925 981 2959 Mercantiarum
997 2939 1102 2966 genere
1124 2930 1244 2969 (Rebus

179 2974 274 2997 tamen
287 2965 321 2995 ad
337 2964 482 2996 Guerram
495 2964 565 3007 aptis
580 2963 699 2995 Seclufis
719 2966 828 3003 penitus
840 2967 873 2997 ὃς
890 2965 1069 3005 Reservatis)
1088 2970 1244 3010 omniaque

177 3005 230 3035 alia
245 3004 342 3041 Opera
358 3004 391 3034 &
406 3003 538 3039 Negotia
553 3003 628 3033 licita
642 3005 676 3034 ὅ(
688 3002 803 3034 honesta
818 3003 977 3036 Excercere
996 3008 1130 3046 utrinque
1149 3006 1246 3046 pacifi-

178 3045 216 3074 ce
232 3045 265 3075 &
279 3043 375 3074 secure
392 3041 522 3072 Licitum
538 3041 586 3079 sit,
597 3041 701 3080 absque
716 3050 796 3072 metu
810 3041 1032 3083 Impedimenti,
1042 3045 1248 3084 Arresti‚Mo-

177 3081 264 3113 lestiae
278 3082 417 3120 cujusvis,
436 3082 495 3112 tam
511 3089 647 3118 praeteirtu
660 3080 821 3118 Marchke,
839 3080 1020 3121 Reprisaliae,
1038 3084 1249 3123 Contraprisae,

180 3121 283 3151 Debiti
296 3141 307 3159 ,
325 3120 544 3158 obligationis,
567 3127 615 3150 aut
634 3119 745 3150 alterius
765 3120 970 3158 cujuscumque
992 3121 1050 3152 Rei
1068 3123 1166 3153 Fadiae
1186 3133 1250 3155 ante

178 3158 308 3199 Treugas
322 3158 515 3197 praescripta33
533 3158 669 3189 solvendo
683 3167 778 3189 tamen
794 3160 893 3189 omnia
909 3158 1052 3198 pedagia,
1072 3160 1227 3193 Custumas
1236 3184 1247 3200 ,

179 3199 214 3229 &
232 3199 283 3229 alia
299 3198 368 3236 Jura
385 3198 418 3229 &
439 3197 561 3228 Deveria
576 3219 585 3234 ,
605 3198 633 3226 iri
652 3197 766 3235 patriis,
785 3196 950 3236 Dominus,
972 3199 1005 3230 &
1027 3199 1115 3230 Locis
1130 3200 1246 3239 cujussi-

181 3238 228 3268 bet
244 3237 371 3268 Partium
392 3236 539 3274 ordinata,
555 3236 650 3274 solita,
670 3235 704 3266 &
720 3234 855 3265 consueta
869 3236 957 3274 solvi,
975 3238 1004 3266 iti
1024 3237 1122 3269 Patriis
1140 3240 1174 3270 ὃς
1192 3240 1252 3270 Lo-

184 3276 226 3305 cis
245 3286 292 3314 per
310 3286 381 3313 quos
399 3276 447 3315 ipsi
467 3275 644 3312 transibunt3
663 3273 732 3304 Hoc
752 3273 869 3312 quidem
888 3274 1060 3314 subjuncto,
1077 3277 1158 3316 quod
1175 3277 1250 3308 Sub·

182 3314 246 3344 ditis
262 3314 441 3352 Nobilibus,
455 3321 501 3344 aut
521 3313 679 3344 Armorum
697 3312 1021 3349 Gentibus,alterutrius
1039 3315 1126 3346 Partis
1142 3316 1253 3356 Castra,

183 3351 270 3382 Villas
278 3377 286 3389 ,
302 3354 335 3384 &
347 3353 426 3384 Loca
435 3351 533 3383 Clausa
541 3374 552 3389 ,
569 3351 661 3382 &alia
672 3350 751 3382 Loca
760 3352 942 3383 Obedientiae
952 3352 1040 3384 Partis
1046 3354 1157 3385 alterius
1167 3357 1252 3386 intra-

183 3399 287 3433 re'non
302 3391 400 3422 licebit
418 3391 473 3421 fine
497 3391 626 3421 Licentia
644 3400 659 3421 a
678 3390 816 3421 Dominis
833 3400 881 3422 aut
897 3390 1061 3433 capitaneis
1080 3393 1252 3433 Locorum,

186 3426 342 3467 Villarum,
360 3430 393 3460 δε
413 3429 644 3467 Fortalitiorum‚
664 3437 710 3459 aut
724 3428 965 3461 Locatenentium
978 3431 1093 3462 suorum
1109 3442 1116 3462 ε
1134 3432 1206 3464 Hoc
1223 3443 1254 3464 e-

186 3466 256 3496 tiam
272 3468 396 3504 expresse
409 3467 550 3499 declarato
569 3468 649 3506 quod
666 3467 752 3498 Tales
769 3470 874 3499 intrare
891 3471 1017 3501 volentes
1036 3471 1065 3500 in
1084 3481 1178 3510 pauco
1198 3472 1251 3503 fint

189 3513 314 3534 numero
331 3507 365 3537 δε
384 3504 525 3537 Inerrnes:
552 3506 704 3545 Quintum
723 3515 820 3538 autem
836 3508 894 3538 veri
915 3509 1019 3540 fuerint
1037 3509 1202 3548 Peregrini,
1221 3511 1256 3540 li-

190 3551 252 3573 ceat
269 3544 309 3573 eis
326 3544 356 3574 in
375 3543 413 3574 M
449 3555 506 3583 na,-
531 3545 679 3576 Nlediocti
693 3568 703 3584 ,
721 3553 767 3576 aut
786 3545 910 3577 Modica
929 3547 1072 3578 Societate
1085 3568 1095 3587 ,
1114 3549 1206 3580 modo
1221 3549 1254 3579 &

189 3580 283 3612 forma
301 3582 403 3620 quibus
445 3584 567 3623 eregrini
583 3583 675 3615 facere
693 3584 901 3616 consueverunt
914 3609 924 3624 ,
948 3587 1122 3617 Sanctorum
1141 3588 1258 3618 Limina

190 3621 305 3664 antiqua
322 3620 356 3650 &
371 3620 502 3664 consueta
521 3621 656 3661 Visitare,
676 3622 794 3662 Qibus
814 3623 986 3663 Peregrinis‚
1006 3636 1121 3656 necnon
1139 3625 1258 3656 Merca-

195 3660 308 3689 toribus
350 3658 384 3688 &
401 3658 457 3689 alus
476 3658 587 3691 Plebeis
603 3661 636 3692 &
652 3660 827 3698 Pauperibus
845 3662 918 3692 Viris
932 3685 942 3701 ,
959 3663 994 3693 ad
1012 3664 1179 3695 intrandum
1200 3664 1261 3694 Vil-

198 3697 253 3736 las,
269 3682 385 3734 Castra,
401 3696 435 3727 &
455 3695 533 3728 Loca
547 3709 563 3729 a
577 3698 751 3736 Janitoribus
768 3699 813 3730 seu
833 3699 968 3731 Porteriis
986 3701 1150 3733 Licentiam
1166 3711 1262 3740 petere

198 3737 234 3768 &
250 3738 378 3774 optinere
395 3733 623 3778 debeo-numque
641 3746 752 3775 petant,
767 3737 896 3769 sufficere
914 3739 1015 3770 debeat
1032 3749 1060 3770 at
1081 3751 1116 3771 ue
1133 3740 1263 3771 sufficiat.

236 3771 379 3817 Cincii
408 3772 512 3802 Debita
531 3773 575 3818 ὅτι
587 3775 792 3812 obligationes
816 3777 890 3807 infra
913 3777 1058 3808 dietarum
1109 3789 1262 3816 teugarum

197 3810 329 3851 Tempus
342 3811 447 3850 illisque
468 3810 629 3843 durantibus
652 3814 758 3845 Fienda
773 3817 806 3846 &
820 3813 1026 3846 Contrahenda
1041 3818 1110 3847 inter
1126 3817 1262 3848 Subditos

199 3850 329 3883 Partium
344 3850 545 3893 praedictarum
559 3872 569 3888 ,
588 3852 686 3881 omnis
700 3851 846 3889 Cognitio
864 3854 897 3884 ὅτ.
916 3854 1080 3893 jurisdictio
1094 3855 1140 3886 fiat
1155 3856 1187 3886 ὃς
1206 3855 1265 3886 fieri

201 3889 302 3921 debeat
317 3889 473 3932 injudicio
488 3887 759 3933 obedientiaelioci
773 3913 783 3929 ,
800 3891 903 3931 Villae,
922 3891 1071 3931 Civitatis,
1092 3893 1202 3933 Castri,
1220 3903 1266 3924 aut

200 3926 352 3959 Territorii
376 3929 426 3959 ubi
447 3927 587 3957 dictarum
609 3926 680 3957 Obli
731 3929 830 3959 'onum
849 3931 882 3961 &
906 3930 1078 3962 Debitorurn
1097 3931 1268 3963 Corinaeum

200 3966 304 3997 fuerint
320 3967 546 4004 celebrati,citra
559 3974 654 3996 tamen
700 3966 878 3998 etniffionem
894 3969 924 3998 iri
940 3970 1022 3999 Loco
1039 3970 1192 4001 Domicilii
1201 3971 1268 4001 Par-

197 4005 234 4035 tis
249 4003 397 4042 obligatae
411 4004 534 4036 fiendam
553 4016 564 4043 3
580 4012 632 4042 pro
645 4003 720 4034 Casu
737 4004 866 4035 Licitutn
882 4006 913 4037 fit
926 4007 961 4037 ad
976 4007 1108 4039 Personae
1125 4009 1159 4039 ὅ(
1174 4008 1270 4039 Bono-

200 4052 266 4074 rum
282 4043 492 4078 Arestaxionem
508 4066 518 4083 ,
534 4044 581 4074 ubi
606 4041 691 4073 Casus
707 4043 831 4079 exegerit
846 4065 858 4080 ,
873 4045 1027 4081 procedere
1042 4056 1048 4075 :
1078 4047 1175 4077 Altera
1197 4050 1268 4077 vero

54 4091 187 4121 oxma
202 4081 286 4119 Pars,
303 4082 334 4111 in
347 4081 522 4113 obedientia
535 4082 580 4113 sua
594 4105 604 4121 ,
621 4082 830 4113 Sententiarum
849 4081 868 4100 ⁴¹²
887 4082 921 4112 &
942 4083 1195 4121 Appundratorum
1217 4086 1269 4116 Li-

200 4120 266 4191 }25?
276 4117 654 4190 f{esluffilssffltff’ffi-‘ssJudiciml
669 4143 680 4161 ‚
697 4120 748 4161 qui
761 4129 807 4152 eas
820 4119 855 4152 ἃ
869 4129 903 4152 α
917 4118 1037 4153 fecerint
1047 4144 1059 4161 ‚
1076 4121 1270 4156 Executiones

239 4168 263 4190 ri
306 4167 370 4191 cere
382 4166 517 4191 teneatur.

1265 238 1748 289 Pontici.
2240 258 2319 310 135

1278 332 1340 378 ‘11-
1350 343 1367 364 E
1378 342 1423 378 ΜΒ,
1439 334 1520 378 ¹circa
1539 334 1654 379 Delicia
1670 336 1703 367 ἃ
1719 334 1875 378 Crimina,
1891 344 2038 375 perpetrata
2060 350 2111 378 per
2133 339 2267 372 Subditos
2279 354 2311 374 u-
2336 337 2414 368 Anti.
2427 338 2472 376 DJ

1255 381 1321 415 mus·
1333 372 1422 403 Partis
1437 383 1466 403 in
1480 373 1655 418 obedientia·
1667 373 1894 420 alteriusaPartis,
1909 376 1993 419 dicitis¹
2004 378 2162 420 durantibus
2177 379 2310 420 Treugis,
2362 386 2450 415 1444.

1254 410 1344 447 fiquid
1360 412 1412 441 tale
1429 421 1564 450 pepetrari
1579 422 1746 449 contingat,
1766 414 2096 451 L()giiltio,Ju1·1sdieiio
2114 440 2123 454 ,
2145 419 2178 448 ὅῑ
2195 417 2312 450 Punitio
2338 420 2400 446 ΗΜ.
2420 418 2447 442 5.

1254 448 1286 478 sit
1299 449 1333 479 ὃς
1348 450 1483 486 pertineat
1493 450 1610 488 Justitiae
1625 453 1657 483 ὃς
1669 451 1786 488 judicio
1799 451 1847 480 ubi
1863 449 1947 481 Casus
1960 455 2109 488 contigerit
2120 477 2128 492 ,
2148 456 2181 486 ἃ
2197 455 2314 490 Delio&

1253 485 1298 517 seu
1320 487 1452 518 Crimina
1474 488 1628 519 commissa
1648 490 1812 525 extiterint,
1832 498 2009 527 teneaturque
2029 491 2109 522 altera
2126 493 2192 524 Pars
2207 494 2311 526 Delin-

1256 526 1406 564 quentium
1424 525 1559 556 Personas
1573 549 1583 564 ,
1601 527 1649 556 ubi
1671 527 1758 557 Casus
1781 526 1957 557 personalem
1982 527 2187 561 Detentionern
2202 533 2235 563 &
2251 532 2314 563 Co-

1256 563 1417 595 hertionem
1433 565 1552 601 exigerit
1566 586 1576 602 ,
1594 565 1722 595 Tradere
1738 568 1771 597 ὃ(
1789 565 1947 596 Remittere
1964 565 1998 594 ad
2015 566 2096 597 Loca
2112 568 2219 601 Delicii
2232 572 2266 602 ad
2280 582 2315 602 o·-

1256 613 1307 640 pus
1324 602 1517 634 ministrandae
1528 602 1666 641 Justitiaeg
1685 611 1779 635 tamen
1796 604 1845 633 ubi
1854 614 1922 642 ,pro
1934 603 2066 634 Interesse
2078 605 2214 646 justitiae,
2228 609 2314 640 Cone.

1255 640 1391 673 fiscationi
1405 651 1450 673 aut
1465 642 1604 673 Emendae
1619 642 1765 673 Bonorum
1780 641 1859 672 locus
1874 642 1956 680 eslet,
1976 643 2056 673 altera
2073 653 2132 680 pars
2148 647 2220 676 circa
2229 647 2314 678 Con-¹

1256 679 1374 711 fiscanda
1388 681 1433 711 vel
1448 680 1634 711 Emendanda
1647 690 1712 720 quae
1724 681 1786 710 sunt
1801 688 1876 710 extra
1893 680 2097 712 obedientiam
2115 681 2190 712 suam
2205 685 2312 717 nullutn

1254 718 1305 756 Jus
1322 719 1436 750 tendere
1452 719 1538 750 valeat
1554 722 1599 750 seu
1618 720 1774 750 Auctorem
1790 718 1872 749 Prose
1894 720 1920 748 ui
1935 729 1941 748 :
1961 719 1997 749 Et
2021 728 2158 757 quantum
2174 720 2258 753 Partis
2270 723 2319 753 In-

1258 757 1355 788 teresse
1373 758 1541 795 versaretur,
1559 757 1605 788 fiat
1622 757 1738 796 fierique
1755 757 1857 788 debeat
1900 758 2013 788 xecutio
2031 758 2254 797 Sententiarum,
2268 762 2318 792 [ιςο

1257 803 1287 864 st
1304 795 1340 826 de
1354 796 1411 827 aliis
1427 796 1659 835 obligationibus
1672 796 1706 828 &
1721 796 1834 828 Debitis
1848 795 1990 828 Civilibus
2010 796 2130 834 superius
2149 798 2191 829 est
2213 806 2323 837 expresff

1271 844 1334 864 um.

1296 867 1343 903 I·r
1353 881 1372 904 E
1382 878 1409 903 M
1419 896 1428 911 ,
1447 872 1666 904 Concordatum
1682 871 1724 903 est
1740 872 1818 912 quod
1828 895 1839 912 ,
1859 874 1889 903 in
1905 872 1978 905 Casu
2008 884 2046 905 uo
2062 874 2223 913 hujusmodi
2230 874 2322 907 Treu-

1260 914 1362 949 garum
1377 911 1509 952 Tempus
1521 912 1578 943 labi
1591 913 1772 949 contingeret
1784 921 1847 942 ante
1862 912 1967 944 faotam
2011 915 2201 951 eparationem
2218 914 2324 952 aliqua-

1261 960 1327 981 rum
1342 949 1454 982 Rerum
1470 950 1670 989 praedifflrum
1686 975 1696 989 ‚
1714 949 1760 981 fiat
1774 952 1808 982 &
1824 949 1884 982 fieri
1899 950 2018 990 debeat,
2037 961 2121 990 prout
2135 953 2326 993 supradietum

1261 988 1302 1021 est
1310 1011 1320 1027 ,
1338 988 1431 1028 Lapsu
1444 989 1523 1021 Tem
1565 990 1602 1020 ris
1614 1000 1674 1020 nori
1686 988 1825 1020 obstante.

1301 1028 1414 1059 ITEM
1431 1051 1441 1067 ,
1466 1028 1511 1059 Ca
1523 1039 1540 1060 u
1563 1038 1623 1067 quo
1641 1028 1726 1067 aliqui
1752 1028 1928 1060 Mercatores
1949 1036 1996 1060 aut
2016 1028 2064 1060 alii
2086 1028 2202 1060 Subditi
2220 1029 2330 1063 alterius

1265 1066 1354 1098 Partis
1369 1089 1379 1105 ,
1396 1067 1463 1104 post
1484 1068 1612 1106 inceptas
1629 1066 1792 1105 hujusmodi
1807 1067 1888 1098 Treu
1911 1078 1938 1099 as
1972 1067 2074 1106 aliquas
2087 1068 2163 1107 Res,
2179 1068 2276 1108 Bona,
2295 1071 2331 1102 ὃς

1266 1105 1438 1138 Mercantias
1450 1106 1585 1137 haberent
1599 1107 1628 1136 in
1644 1106 1739 1144 Villis,
1757 1107 1868 1145 Terris,
1915 1090 2007 1143 astris,
2025 1105 2253 1146 Civitaubus,&
2266 1110 2330 1140 Lo«,

1266 1146 1307 1175 cis
1321 1146 1349 1174 in
1365 1144 1510 1175 Dominio
1525 1145 1571 1176 seu
1587 1144 1760 1176 obedientia
1773 1146 1882 1176 alterius
1895 1144 1983 1176 Partis
1993 1168 2003 1183 ,
2026 1156 2093 1183 quas
2107 1147 2141 1177 ὅ(
2156 1157 2221 1186 quae
2234 1157 2327 1179 rema-

1264 1193 1332 1214 nere
1345 1183 1522 1222 contingeret
1536 1182 1671 1222 Expirato
1682 1183 1831 1222 Tempore
1846 1183 1986 1214 diotarum
2003 1185 2188 1222 Treugarum
2204 1210 2214 1225 ,
2238 1186 2328 1218 dictae

1265 1222 1324 1252 Res
1366 1220 1446 1252 Bona
1459 1245 1468 1259 ,
1488 1224 1522 1254 &
1537 1221 1710 1253 Mercantiae
1730 1222 1828 1254 secure
1844 1224 1878 1254 δε
1891 1222 1961 1253 salve
1975 1222 2027 1253 illis
2049 1225 2150 1261 quibus
2163 1224 2331 1263 spectabunt

1263 1260 1325 1291 Tra
1345 1268 1425 1290 entur
1438 1260 1472 1291 &
1487 1260 1684 1291 Restituentur
1696 1262 1820 1300 integre,
1835 1262 1869 1293 ὃς
1883 1261 1997 1292 illorum
2011 1271 2044 1292 ac
2055 1262 2166 1293 illarum
2180 1264 2329 1295 occasione

1263 1298 1393 1329 debitum
1407 1300 1446 1329 eis
1459 1298 1507 1329 fiet
1519 1309 1554 1329 ac
1571 1299 1591 1329 si
1604 1299 1690 1329 diecae
1703 1300 1832 1338 Treugae
1855 1301 1985 1337 expiratae
2008 1310 2069 1333 non
2089 1301 2204 1341 forent,
2222 1304 2256 1334 &
2273 1311 2331 1339 pro

1263 1337 1375 1368 illarum
1399 1335 1605 1368 Condufflone
1628 1348 1686 1375 quo
1708 1339 1873 1377 voluerint,
1891 1338 1988 1369 Pretio
2010 1341 2216 1372 rationabili&
2230 1340 2332 1372 mode-

1264 1384 1324 1407 rato
1339 1397 1350 1414 ‚
1374 1375 1485 1406 debitus
1509 1376 1597 1407 salvus
1621 1375 1791 1408 Conduetus
1809 1377 1860 1408 fibi
1876 1378 2041 1416 expedietur
2060 1389 2110 1418 per
2130 1380 2246 1411 alteram
2265 1378 2338 1414 Par:

1263 1424 1333 1446 tem.

1304 1453 1348 1484 1’1·
1360 1461 1378 1483 Ε
1389 1460 1433 1490 M,
1451 1462 1543 1492 quum
1559 1451 1648 1483 Multi
1661 1462 1694 1483 ex
1709 1452 1836 1484 Subditis
1852 1453 1925 1484 dieti
1938 1454 2116 1487 Sereniffimi
2132 1456 2229 1489 Princi
2251 1460 2272 1489 is
2285 1464 2334 1490 A-

1267 1491 1381 1522 vunculi
1392 1495 1519 1521 Franciae
1532 1513 1542 1529 ‚
1562 1492 1591 1521 in
1606 1491 1778 1523 obedientia
1800 1492 2032 1525 Excellennffimi
2050 1495 2085 1526 &
2101 1495 2224 1528 Meruen
2247 1497 2335 1529 iffimi

1267 1533 1380 1561 Domini
1393 1529 1477 1568 nostri
1491 1533 1586 1567 Regis,
1605 1531 1797 1567 quorumdam
1812 1531 2021 1562 Dominiorutn
2038 1533 2071 1563 ὃς
2086 1534 2242 1566 Terrarum
2263 1537 2336 1568 Fru-

1267 1570 1330 1600 &us
1344 1569 1480 1609 quosdam
1490 1591 1500 1606 ,
1519 1579 1568 1606 per
1584 1568 1690 1598 Manus
1707 1569 1911 1600 Firmariorum
1928 1592 1938 1607 ,
1958 1571 1986 1600 in
2001 1570 2105 1602 eisdem
2122 1575 2248 1612 recipere
2263 1585 2336 1606 con-

1267 1608 1429 1645 sueverant,
1447 1607 1670 1638 Concordatum
1685 1606 1724 1637 est
1742 1608 1822 1645 quod
1837 1630 1846 1646 ,
1865 1608 2027 1639 durantibus
2042 1609 2099 1639 istis
2112 1611 2239 1650 Treugis
2253 1635 2263 1651 ,
2282 1613 2337 1645 hu·

1264 1646 1391 1685 jusmodi
1412 1645 1531 1677 Fruetus
1552 1647 1686 1683 recipiant
1707 1646 1776 1677 licut
1799 1646 1935 1678 hactenus
1948 1669 1958 1685 ‚
1978 1656 2010 1677 ut
2025 1649 2185 1685 praedicitur
2197 1675 2207 1689 ,
2224 1661 2342 1690 recepe-

1269 1695 1344 1717 runt.

1306 1723 1351 1755 Ιτ
1362 1733 1380 1754 E
1392 1732 1420 1754 M
1430 1747 1439 1762 ,
1457 1724 1508 1754 ubi
1524 1720 1626 1762 Aliqua
1639 1730 1737 1753 contra
1751 1721 1892 1754 dietarum
1906 1723 2089 1761 Treugarum
2103 1726 2340 1766 Formam(quod

1270 1763 1357 1800 abiit)
1377 1762 1534 1802 attemptari
1549 1761 1749 1799 contingeret,
1767 1771 1915 1801 propterea
1932 1763 2055 1802 Treugae
2071 1764 2231 1803 hujusmodi
2247 1768 2276 1796 iri
2290 1768 2340 1797 ali-

1293 1812 1330 1832 uo
1353 1800 1458 1839 Ruptae
1480 1810 1540 1831 non
1557 1799 1737 1839 censeantur,
1755 1811 1810 1831 nec
1827 1801 1991 1838 hujusmodi
2008 1811 2146 1839 praetextu
2160 1803 2272 1835 Guerra
2290 1815 2341 1843 per

1271 1812 1370 1872 {artes
1385 1841 1453 1877 ipsas
1467 1839 1514 1870 seu
1530 1837 1650 1876 ipsarum
1664 1839 1790 1878 aliquam
1805 1841 1918 1871 moveri
1933 1839 2017 1878 possit
2031 1853 2042 1878 3
2059 1840 2097 1871 set
2111 1864 2122 1879 ,
2138 1842 2201 1879 ipfis
2214 1842 2343 1882 Treugis

1272 1881 1302 1910 in
1318 1878 1368 1910 suo
1383 1879 1502 1910 Robore
1517 1877 1709 1910 &firmitate
1722 1879 2009 1917 permanentibus,ac
2029 1880 2048 1909 fi
2064 1880 2104 1909 nil
2117 1881 2148 1910 in
2165 1884 2342 1913 contrarium

1272 1919 1482 1956 Attemptatum
1505 1915 1635 1948 eirtitiffet
1651 1939 1662 1953 ,
1677 1918 1774 1947 omnia
1797 1917 1974 1954 Attemptata
1996 1916 2129 1956 Reparari
2150 1919 2289 1959 debeant,
2307 1922 2342 1952 &

1274 1958 1499 1996 Attemptatores
1513 1965 1546 1986 ac
1564 1954 1783 1993 Malefae‘tores,
1801 1965 1850 1992 per
1867 1954 2087 1987 Conservatores
2102 1966 2150 1988 aut
2164 1957 2343 1991 Commissa-

1270 1998 1329 2027 rios
1344 2018 1354 2034 ,
1370 2005 1419 2033 per
1437 1994 1551 2025 diotum
1574 1992 1847 2036 Metu-endiffimurn
1868 1994 1900 2024 ὃ(
1923 1994 2115 2032 Suppremum
2131 1999 2280 2028 Dominum
2294 2009 2343 2028 no-

1264 2034 1356 2076 strum
1372 2037 1468 2072 Regem
1485 2043 1538 2070 pto
1554 2030 1636 2063 Parte
1650 2035 1712 2070 lua,
1731 2033 1765 2063 &
1780 2042 1828 2071 per
1842 2032 1954 2064 dietum
1970 2033 2183 2065 Sereniffimum
2193 2038 2343 2074 Principem

1273 2073 1457 2105 Avunculum
1471 2071 1553 2102 suum
1569 2080 1621 2110 pro
1637 2071 1696 2108 ejus
1711 2070 1815 2110 Parte,
1830 2071 2005 2103 ordinandos
2019 2072 2053 2103 &
2068 2072 2343 2114 Deputandos,Pu-

1274 2114 1328 2144 niri
1342 2114 1376 2143 &
1392 2112 1489 2143 debite
1507 2110 1682 2141 Reformari.

1309 2151 1442 2189 ITEM,
1461 2149 1628 2181 Advisatum
1653 2149 1687 2179 ὅτ.
1709 2147 1889 2180 Conclusam
1911 2148 1951 2179 est
1965 2171 1975 2187 ‚
1993 2149 2064 2182 hinc
2083 2150 2254 2190 inde‚inter
2273 2149 2345 2184 Nos

1275 2189 1497 2222 Ambaffiatores
1521 2189 1554 2220 &
1589 2186 1809 2219 Commissarios
1838 2187 2036 2227 suprascriptos
2051 2213 2061 2229 ,
2087 2190 2227 2229 utriusque
2257 2190 2350 2223 Partis

1274 2229 1409 2260 Subditos
1425 2236 1474 2267 per
1487 2227 1638 2267 praesentes
1648 2227 1776 2266 Treugas
1792 2226 1927 2259 Alleviari
1944 2227 2045 2259 debere
2060 2229 2091 2258 in
2107 2237 2181 2266 parte
2197 2231 2231 2261 δε
2251 2230 2345 2261 modo

1275 2267 1412 2300 Solvendi
1433 2267 1680 2306 Appaticiamenta
1701 2266 1738 2297 ab
1759 2265 1865 2298 eisdem
1888 2266 2014 2297 Subditis
2034 2267 2108 2306 exigi
2132 2267 2278 2299 consueta:
2297 2268 2348 2300 Ac

1275 2308 1416 2346 etiam,ut
1429 2305 1611 2345 praesentium
1627 2306 1814 2344 Treugarum
1830 2304 2048 2336 Conservatores
2058 2306 2195 2337 hincinde
2210 2307 2349 2338 constitui

1276 2344 1310 2377 &
1323 2346 1360 2377 de
1382 2346 1453 2376 utari
1466 2344 1588 2376 debeant
1605 2355 1612 2374 ε
1631 2344 1736 2382 thue
1753 2344 1843 2375 visum
1863 2342 1904 2374 est
1920 2344 1977 2375 hoc
1990 2343 2049 2374 fieri
2064 2345 2145 2382 posse
2158 2346 2350 2377 commodius

1279 2385 1332 2416 [nd
1379 2384 1420 2415 ria
1439 2385 1474 2416 &
1494 2383 1625 2415 Confilio
1644 2382 1834 2425 Expertorurn
1850 2382 2005 2421 Virorum,
2022 2385 2070 2422 qui
2086 2385 2116 2413 in
2131 2384 2288 2416 Armorum
2303 2384 2350 2415 A-

1279 2423 1416 2461 gibilibus
1432 2423 1631 2453 conversantur
1640 2423 1690 2460 ,&
1702 2421 1949 2458 Appaticiamenta
1962 2422 2099 2459 praediCia
2111 2422 2261 2459 disponere
2276 2433 2351 2454 con-

1278 2463 1428 2494 sueverunt
1443 2473 1453 2500 3
1471 2461 1650 2492 Conclusum
1663 2459 1703 2490 est
1718 2459 1799 2498 quod
1813 2460 1992 2500 Sereniffimus
2007 2463 2131 2499 Princeps
2147 2460 2348 2492 Metuendiffi-

1280 2501 1323 2531 mi
1340 2503 1373 2532 &
1389 2500 1540 2537 Suppremi
1560 2501 1673 2530 Domini
1696 2497 1780 2538 nostri
1801 2500 1879 2535 Regis
1901 2498 2070 2540 Avunculus
2087 2500 2237 2538 praediblus
2253 2500 2351 2531 Com-

1280 2540 1417 2570 miffarios
1431 2539 1492 2569 suos
1506 2537 1541 2568 ad
1556 2537 1684 2568 Civitem
1699 2537 1966 2575 Rothomageniem
1981 2560 1992 2576 ,
2016 2537 2204 2568 sufficientem
2220 2538 2255 2569 ad
2271 2538 2352 2569 Prae—

1280 2577 1363 2609 miffa
1380 2576 1544 2609 Tractanda
1560 2578 1594 2609 δε
1608 2576 1821 2607 Concludenda
1841 2575 1975 2607 habentes
1997 2575 2170 2608 Potestatem
2185 2599 2196 2616 ,
2212 2577 2350 2608 transmit-

1282 2625 1331 2648 tet.

1317 2654 1364 2686 IT
1375 2663 1394 2685 ε
1404 2662 1451 2693 Μ,
1475 2652 1639 2684 durantibus
1650 2654 1713 2691 jam
1725 2652 1808 2684 dictis
1824 2652 1947 2690 Treugis
1962 2676 1972 2691 ,
1999 2653 2049 2684 ubi
2063 2653 2187 2691 aliquam
2205 2654 2358 2692 Quaestio·

1285 2703 1351 2724 nem
1367 2693 1424 2724 five
1446 2691 1677 2723 Contraversiam
1698 2692 1813 2722 ⁴moveri
1837 2693 2017 2731 contingeret
2032 2702 2080 2730 per
2097 2693 2210 2723 alteram
2227 2694 2354 2724 Partium

1284 2741 1383 2764 contra
1398 2732 1522 2771 aliquem
1538 2731 1625 2763 alium
1637 2753 1647 2769 ‚
1667 2730 1749 2762 altera
1766 2730 1835 2761 Pars
1850 2729 1887 2761 Se
1902 2730 1937 2760 de
1959 2740 2040 2760 novo
2064 2732 2202 2768 colligare
2227 2732 2267 2762 illi
2289 2733 2358 2771 tali,

1284 2780 1384 2802 contra
1407 2780 1494 2810 quern
1520 2768 1656 2809 Qaestio
1676 2778 1855 2806 moveretur,
1870 2769 1969 2806 juvare
1986 2769 2092 2808 sibique
2111 2769 2223 2807 favere,
2238 2771 2358 2801 durante

1283 2810 1424 2841 distarum
1441 2809 1627 2846 Treugarum
1646 2817 1793 2847 tempore,
1814 2809 1937 2838 minime
1954 2808 2040 2839 valeat
2058 2817 2140 2849 atque
2158 2807 2250 2846 poffit.

1321 2848 1433 2879 Omnia
1451 2848 1529 2878 enim
1546 2847 1580 2878 &
1599 2847 1705 2884 singula
1723 2846 1878 2886 supradiota
1895 2846 1962 2876 Nos
1977 2870 1987 2885 ,
2012 2846 2180 2876 Willielmus
2193 2848 2225 2876 de
2241 2848 2268 2878 la
2290 2846 2354 2877 Pole

1284 2890 1376 2917 eomes
1396 2883 1530 2925 Suffolciae
1552 2885 1677 2924 Hospitii
1694 2886 1766 2929 dieti
1783 2884 2012 2952 Metuendiffim}
2025 2886 2057 2916 &
2072 2886 2224 2923 Suppremi
2242 2889 2354 2942 Domini

1828 2941 1831 2942 ν
1968 2934 1973 2941 ⁷
2139 2934 2155 2947 o

1283 2923 1783 3005 ’ὅξέἑῃῗξὲἔςέἷὲἒῗᾷῗέἒέἔῖἓ
1796 2923 2353 3006 ἐεῖῖζᾷἴῑςξὲἒθὸϊᾱὲξῇῗῖπῗὲἒῶἓ

1286 3002 1378 3041 Regii
1392 3026 1403 3041 ,
1418 3003 1552 3032 Robertus
1573 3003 1641 3031 Roas
1663 3000 1752 3030 Miles
1765 3023 1775 3039 ,
1795 3000 1957 3031 Consiliarii
1980 3000 2048 3031 dieti
2073 3000 2301 3031 Metuendiffimi
2319 3009 2354 3030 ac

1289 3042 1441 3080 Suppremi
1464 3043 1577 3070 Domini
1597 3038 1679 3079 nostri
1700 3042 1797 3076 Regis,
1815 3050 1848 3070 ac
1872 3039 1985 3068 Thomas
2006 3042 2067 3069 Hoo
2085 3039 2186 3078 Miles,
2204 3039 2353 3070 Richardus

1291 3081 1437 3110 Andrewe
1453 3079 1570 3117 Legum
1586 3077 1705 3109 Doetor
1717 3078 1885 3109 Secretarius
1901 3078 2008 3115 Regius
2019 3102 2028 3115 ,
2045 3079 2079 3108 ὃς
2103 3079 2249 3116 Johannes
2271 3079 2352 3107 usen-

1290 3118 1349 3150 lock
1364 3119 1516 3156 Armiger,
1533 3117 1755 3148 Ambaffiatores
1769 3117 1840 3147 dion
1854 3116 1978 3147 Domini
1991 3116 2078 3147 nostri
2096 3117 2198 3155 Regis,
2217 3115 2353 3145 Promisi-

1293 3167 1376 3196 muS,
1389 3157 1569 3196 juravimus,
1587 3155 1843 3192 Promittimus,&
1855 3154 1989 3193 Juramus
2004 3157 2032 3186 in
2048 3156 2185 3186 Animam
2199 3154 2268 3184 dieti
2283 3152 2354 3184 Me-

1292 3195 1465 3227 tuendiffitni
1480 3198 1595 3225 Domini
1608 3192 1691 3232 nostri
1707 3197 1805 3232 Regis,
1826 3203 1874 3231 per
1891 3193 2138 3231 Praesente5‚Rata
2154 3195 2186 3223 &
2203 3192 2291 3222 Grata
2304 3191 2354 3222 ha-

1292 3235 1353 3266 beri
1367 3234 1459 3265 facere
1474 3243 1521 3271 per
1539 3232 1680 3272 eundem,
1697 3232 1729 3263 &
1745 3242 1794 3270 per
1811 3232 1917 3263 Literas
1932 3232 1990 3263 suas
2004 3232 2148 3269 Parentes,
2169 3231 2258 3273 quales
2269 3229 2357 3274 dece·

1294 3274 1338 3304 bit
1353 3274 1387 3305 &
1402 3271 1564 3304 secundum
1578 3269 1672 3302 Casus
1683 3271 1853 3310 exigentiam
1867 3293 1878 3309 ,
1898 3271 2018 3301 Laudari
2031 3272 2063 3301 ὃ(
2078 3271 2254 3309 Approbari,
2272 3267 2356 3299 Rati-

1293 3311 1391 3350 ficari,
1410 3315 1426 3330 ⁸·
1448 3311 1482 3342 &
1506 3311 1554 3342 has
1577 3309 1726 3341 Praesentes
1749 3308 1925 3340 Confirmari
1939 3332 1949 3348 ,
1962 3309 2072 3346 suasque
2095 3307 2233 3350 expeditas
2248 3306 2354 3338 Literas
2374 3318 2506 3355 *XI-67}

1292 3350 1382 3381 Tradi
1421 3350 1454 3382 δε
1468 3351 1499 3380 in
1515 3348 1589 3381 Villa
1604 3347 1719 3379 Parisius
1732 3348 1806 3386 apud
1822 3348 1942 3379 Curiam
1958 3347 2136 3378 Parliamenti
2153 3355 2182 3374 in
2197 3345 2299 3376 eadem
2314 3347 2356 3378 fa-

1293 3399 1359 3421 cere
1381 3373 1516 3428 fixpediri
1530 3411 1541 3426 ,
1566 3387 1638 3418 infra
1658 3387 1949 3427 Qiintumdecimum
1968 3386 2056 3416 Diem
2077 3383 2185 3414 Mensis
2198 3384 2268 3421 Julii
2287 3394 2354 3422 pro-

1292 3430 1377 3459 ximo
1391 3429 1450 3465 jani
1467 3427 1592 3458 futurum
1609 3438 1619 3465 5
1636 3427 1673 3457 ita
1687 3436 1780 3457 tamen
1796 3425 1876 3464 quod
1891 3447 1901 3463 ,
1920 3425 1978 3463 pari
1998 3422 2104 3467 modo,
2123 3421 2186 3460 fiat,
2205 3432 2258 3460 pro
2271 3423 2356 3455 Parte

1294 3466 1469 3498 Sereniisimi
1483 3466 1622 3503 Principis
1635 3464 1781 3495 Avunculi
1794 3466 1906 3494 Domini
1919 3461 2000 3501 nostri
2015 3464 2093 3498 Regis
2102 3461 2246 3501 pra-dim,
2261 3472 2294 3493 ac
2311 3462 2356 3493 di-

1295 3507 1414 3539 &corum
1428 3504 1697 3535 Commisiariorum
1713 3504 1828 3534 suorum
1844 3525 1853 3539 ,
1871 3502 1918 3539 qui
1936 3499 2039 3543 tradent
2055 3522 2064 3537 ‚
2084 3508 2131 3530 aut
2148 3500 2219 3530 tradi
2234 3501 2358 3539 facient,

1295 3556 1365 3577 cum
1378 3542 1503 3581 effectu,
1523 3542 1629 3573 Literas
1643 3542 1713 3574 dieti
1727 3540 1897 3573 Serenissimi
1911 3539 2049 3575 Principis
2064 3538 2210 3568 Avunculi
2225 3542 2358 3577 Franciae‚

1297 3594 1347 3623 per
1361 3584 1461 3613 omnia
1476 3581 1594 3619 fimiles,
1611 3581 1667 3619 illi,
1687 3582 1734 3619 qui
1750 3589 1802 3616 pro
1818 3575 2051 3620 Metuendiffimo
2066 3579 2182 3607 Domino
2196 3577 2281 3617 nostro
2288 3581 2358 3613 Rege

1297 3622 1439 3661 praefuerit
1462 3620 1490 3650 in
1513 3619 1588 3650 Villa
1611 3616 1852 3657 Rothornagensi,
1870 3624 1937 3645 citra
1952 3614 2045 3645 Diem
2061 3615 2357 3654 Qintumdecimum

1321 3660 1482 3691 raedicium.

1300 3671 1319 3699 p
1339 3698 1371 3728 [n
1394 3698 1473 3735 cujus
1495 3697 1535 3726 rei
1555 3695 1770 3725 Testimonium
1792 3691 1860 3722 Nos
1873 3692 1906 3722 &
1923 3691 2039 3730 quilibet
2059 3692 2191 3723 nostriim
2208 3690 2359 3722 Praesentes

1300 3737 1402 3768 nostris
1418 3735 1548 3765 manibus
1562 3733 1811 3770 contignavimus‚
1827 3740 1861 3761 ac
1877 3730 1912 3761 ad
1926 3730 2036 3761 easdem
2050 3731 2143 3770 sigilla
2159 3730 2254 3760 nostra
2268 3739 2362 3769 appog

1301 3778 1332 3807 ni
1346 3775 1474 3806 fecimus.

1340 3851 1408 3881 Dat.
1426 3853 1523 3880 Turon.
1543 3846 1680 3878 vicesimo
1693 3844 1800 3875 ottavo
1815 3844 1874 3876 Die
1891 3845 1997 3877 Mensis
2018 3845 2110 3883 Maii,
2127 3844 2216 3875 Anno
2231 3843 2366 3884 Domini,

1302 3889 1459 3920 secundum
1474 3884 1727 3926 Computationem
1739 3883 1924 3922 Anglicanarn
1932 3908 1942 3923 ,
1952 3884 2123 3920 Millesimo,
2133 3882 2366 3921 Quadringente-

1306 3928 1395 3965 simo,
1416 3925 1637 3964 Quadragelimo
1655 3931 1762 3959 quarto.

1350 4006 1419 4037 Nos
1434 4012 1525 4035 antem
1535 4025 1543 4039 ‚
1565 4001 1837 4040 Appuncruamema
1854 4002 2031 4040 Treugarum
2044 3999 2248 4038 praedictarum
2264 4012 2297 4033 ac
2309 4006 2375 4034 orn-T

1317 4047 1362 4076 nia
1376 4045 1429 4074 alia
1444 4043 1476 4073 &
1494 4041 1761 4078 linoulastzpradiffita
1771 4041 1844 4072 Rata
1858 4040 2033 4070 habentes&
2043 4039 2131 4070 Grata
2141 4050 2189 4078 ‚ea
2203 4050 2256 4078 pro
2277 4040 2378 4071 Nobis

1319 4083 1483 4113 Laudamus
1499 4103 1509 4118 ,
1527 4065 1727 4117 Kpprobarnus
1743 4102 1752 4118 ,
1770 4079 1952 4110 Rarificamus
1967 4101 1976 4116 ,
1994 4079 2025 4108 δί
2043 4077 2257 4109 Confirmamus
2271 4102 2278 4116 ,
2297 4088 2381 4116 prmit

1319 4119 1590 4158 Appunetuamenra
1608 4119 1652 4148 ina
1667 4119 1700 4149 &
1715 4127 1815 4149 caetera
1832 4117 1978 4147 Praemi'ssa
1992 4116 2122 4148 testantur
2139 4129 2148 4155 ς
2164 4116 2384 4155 Pron-iittentes,

1324 4158 1403 4190 Bona
1427 4157 1495 4190 Fide
1511 4157 1545 4189 ἐξ
1561 4157 1591 4189 in
1606 4157 1702 4189 Verbo
1728 4156 1824 4195 Regio
1841 4178 1850 4194 ,
1876 4155 1955 4194 quod
1977 4155 2046 4187 Nos
2067 4156 2335 4194 Appunetuarnenta
2353 4163 2387 4186 ac

2274 4200 2379 4224 caetera
